2917 5017
437 332 562 399 308
1046 336 1130 385 1)6
1167 334 1366 397 legibus
1401 332 1797 399 municipalibus
1833 333 2145 399 Hispanicis.

437 497 747 573 vinciam,
813 496 928 561 sed
969 495 1054 561 ad
1093 517 1266 571 eam,
1326 516 1523 579 quam
1566 504 1831 559 senatus
1874 505 2147 578 regeret.
2244 494 2471 577 Quare
2513 518 2651 560 non
2698 495 2785 559 ab

437 605 782 671 tribunicia
815 612 1130 691 potestate
1167 603 1328 667 haec
1369 603 1659 688 profecta
1701 624 1845 667 esse
1884 601 2126 679 iudico,
2172 604 2288 668 sed
2324 604 2405 669 ab
2450 604 2783 678 censoria,

435 735 554 799 pro
594 736 727 797 qua
763 723 936 777 certe
975 712 1258 777 edictum
1304 721 1401 777 est
1441 709 1608 774 illud
1654 734 1693 773 a
1739 706 2048 788 Claudio,
2108 712 2287 797 quod
2328 712 2601 799 Ulpian.
2646 712 2782 787 III,
2880 772 2882 803 a

437 823 498 897 5,
543 822 714 899 citat,
759 822 914 887 item
951 820 1115 886 illud
1157 820 1239 885 de
1279 819 1574 884 theatrali
1611 818 1835 903 populi
1866 818 2149 897 lascivia,
2196 820 2370 904 quod
2402 820 2562 886 Tac.
2592 823 2779 885 Ann.
2880 806 2882 851 Ψ

437 930 565 1006 XI,
614 931 688 997 13
732 931 936 994 affert.
1005 929 1331 1015 Imprimis
1376 939 1591 993 autem
1635 929 1989 1013 comparari
2032 928 2223 994 debet
2263 928 2426 993 illud
2473 929 2779 1013 Augusti

435 1040 751 1116 edictum,
809 1038 987 1122 quod
1044 1038 1214 1102 Plin.
1269 1058 1370 1121 ep.
1409 1034 1515 1113 X,
1570 1036 1651 1102 83
1714 1037 1919 1102 affert.
2018 1036 2187 1102 Nam
2240 1036 2499 1102 Plinius
2552 1038 2778 1121 legem
2880 1078 2882 1083 -

435 1148 842 1233 Pompeiam,
903 1169 1030 1231 qua
1081 1145 1255 1230 apud
1310 1143 1630 1229 Bithynos
1682 1158 1945 1211 cautum
1994 1156 2162 1223 erat,
2220 1169 2301 1211 ne
2350 1146 2503 1230 quis
2560 1145 2779 1208 minor

434 1277 750 1320 annorum
795 1255 1060 1341 triginta
1104 1253 1553 1341 magistratum
1595 1265 1881 1338 caperet,
1940 1254 2032 1319 ita
2082 1254 2306 1323 scribit
2359 1254 2577 1318 edicto
2624 1250 2775 1317 Au·
2880 1240 2882 1267 ²

437 1364 616 1449 gusti
645 1374 953 1428 mutatam
991 1386 1154 1439 esse,
1193 1374 1268 1427 ut
1294 1361 1376 1427 ab
1403 1361 1589 1426 annis
1618 1359 1873 1425 duobus
1899 1373 1961 1426 et
1986 1362 2216 1447 viginti
2242 1384 2473 1447 capere
2506 1361 2771 1436 liceret3

437 1467 757 1556 siquidem
805 1471 1114 1556 Bithynia
1168 1470 1458 1557 Augusti
1512 1468 1775 1553 quidem
1834 1481 2039 1535 aetate
2095 1470 2249 1534 item
2310 1480 2445 1534 erat
2504 1480 2773 1533 senatus
2880 1542 2882 1555 Ι

432 1580 786 1664 provincia.
873 1580 1291 1665 Quantopere
1339 1591 1554 1643 autem
1596 1577 1753 1641 huic
1801 1578 2089 1643 censorio
2134 1578 2495 1643 edictorum
2543 1577 2775 1663 generi

436 1687 600 1752 illud
645 1689 1012 1765 conveniat,
1075 1688 1251 1773 quod
1293 1688 1359 1751 in
1405 1687 1641 1751 edicto*
1664 1686 1869 1751 fuisse
1908 1696 2236 1763 narratur,
2286 1708 2416 1750 non
2460 1708 2633 1772 opus
2676 1698 2776 1750 est

435 1796 776 1881 explicari3
824 1796 1177 1882 antiquitus
1220 1796 1388 1859 enim
1433 1817 1777 1859 censorum
1820 1796 2031 1859 fuerat
2075 1795 2395 1859 civitatem
2436 1794 2775 1879 impertire

437 1904 805 1990 civiumque
846 1904 1105 1969 ordines
1142 1903 1529 1969 describere.
1598 1904 1815 1968 Etiam
1842 1903 1964 1967 hoc
1989 1902 2392 1988 intelligitur,
2436 1901 2775 1987 quomodo

435 2022 498 2077 et
550 2012 992 2098 Vespasianus
1046 2011 1366 2097 Titusque
1429 2012 1854 2076 communiter
1911 2011 2229 2075 edixerint
2288 2024 2351 2075 et
2410 2012 2633 2074 denuo
2688 2009 2775 2074 de

437 2120 662 2186 eadem
715 2143 784 2184 re
839 2120 1275 2185 Domitianus.
1376 2119 1542 2184 Nam
1589 2118 2065 2204 Vespasianum
2121 2129 2370 2183 constat
2424 2140 2771 2183 censuram

433 2229 638 2315 ipsam
682 2228 965 2311 gessisse
1010 2227 1226 2306 (Suet.
1252 2227 1454 2312 Vesp.
1496 2250 1551 2291 c.
1575 2228 1643 2307 8)
1690 2227 1769 2292 ab
1814 2251 1981 2292 anno
2024 2229 2095 2293 71
2150 2250 2359 2313 usque
2394 2227 2478 2289 ad
2522 2250 2769 2290 annum

434 2338 516 2402 74
562 2361 625 2423 p.
670 2334 824 2403 Chr.
871 2337 938 2401 in
983 2359 1184 2422 eaque
1248 2336 1499 2420 collega
1559 2359 1752 2400 usum
1798 2358 1943 2401 esse
2002 2336 2133 2401 filio
2178 2334 2479 2416 (Censor.
2529 2334 2617 2398 de
2662 2334 2771 2398 die

433 2459 562 2511 nat.
609 2470 664 2511 c.
712 2447 816 2523 183
867 2446 1036 2510 Plin.
1075 2456 1206 2509 nat.
1243 2444 1392 2507 hist.
1431 2444 1557 2519 ΙΠ,
1596 2443 1677 2509 66
1720 2455 1785 2507 et
1821 2443 1977 2520 VII,
2028 2444 2195 2527 162).
2272 2445 2567 2529 Itemque
2618 2466 2771 2509 eum

435 2578 554 2640 per
592 2555 717 2619 hoc
763 2554 976 2639 ipsum
1017 2564 1273 2637 tempus
1314 2552 1396 2616 de
1425 2552 1766 2636 Hispania,
1806 2552 1869 2616 si
1908 2574 2039 2615 non
2080 2552 2449 2638 recipienda
2489 2554 2556 2616 in
2606 2553 2771 2617 civi-

435 2673 652 2738 tatem,
701 2672 764 2727 at
803 2660 1208 2725 admovenda
1251 2658 1333 2725 ad
1377 2682 1517 2723 eam
1564 2660 1975 2725 constituisse
2023 2674 2289 2727 constat.
2379 2661 2547 2725 Nam
2586 2662 2771 2745 quod

433 2770 603 2835 Plin.
649 2781 777 2837 nat.
824 2769 973 2834 hist.
1011 2768 1153 2846 III,
1205 2769 1286 2834 31)
1341 2790 1490 2832 eum
1548 2770 1636 2833 ait
1692 2770 2033 2834 universae
2088 2770 2440 2855 Hispaniae
2496 2770 2771 2835 Latium

438 2879 743 2944 tribuisse
761 2924 780 2955 ‚
841 2878 1142 2962 quoniam
1199 2878 1452 2942 Plinius
1516 2900 1679 2963 opus
1743 2901 1934 2943 suum
1996 2890 2143 2943 ante
2200 2880 2328 2945 iam
2390 2880 2769 2946 absolutum

434 3011 601 3053 anno
641 2989 722 3053 77
765 3009 829 3072 p.
873 2984 1030 3051 Chr.
1075 2985 1224 3051 Tito
1267 2983 1535 3053 Caesari
1578 3009 1709 3051 cos.
1747 2986 1848 3051 VI
1902 2987 2229 3071 inscripsit
2288 3010 2498 3073 neque
2556 2987 2769 3073 impe-

431 3107 742 3171 ratorem,
808 3106 1150 3178 antequam
1193 3106 1468 3159 exeunte
1514 3116 1683 3159 anno
1720 3094 1803 3160 70
1844 3094 2117 3159 Romam
2156 3096 2452 3173 revertit,
2510 3096 2595 3161 de
2646 3097 2768 3161 Hi-

435 3202 658 3287 spania
702 3202 1002 3267 statuisse
1045 3202 1372 3287 probabile
1417 3213 1534 3279 est,
1581 3203 1839 3268 videtur
1882 3226 2075 3288 prope
2114 3226 2380 3269 necesse
2424 3227 2573 3269 esse
2617 3228 2765 3290 per-

433 3310 636 3374 tinere
677 3311 761 3374 ad
794 3309 865 3373 id
899 3321 1173 3397 tempus,
1217 3333 1347 3394 quo
1389 3311 1830 3397 Vespasianus
1870 3333 2207 3377 censuram
2249 3312 2471 3397 gessit.
2542 3314 2764 3397 Atque

433 3418 624 3483 etiam
667 3417 1078 3483 Domitianus
1135 3441 1473 3484 censuram
1528 3420 1733 3505 gessit
1788 3430 1850 3483 et
1899 3420 2103 3505 gessit
2150 3442 2226 3485 eo
2266 3420 2409 3505 ipso
2452 3432 2763 3507 tempore,

434 3549 564 3611 quo
605 3526 910 3603 edictum,
957 3528 1133 3613 quod
1161 3538 1715 3604 commemoratur,
1762 3527 1843 3593 ab
1874 3550 1949 3592 eo
1981 3529 2375 3613 propositum
2411 3540 2531 3593 est.
2596 3528 2763 3593 Nam

433 3657 600 3720 quae
642 3636 710 3700 in
745 3658 889 3700 aere
933 3635 1328 3721 Salpensano
1376 3646 1526 3700 sunt
1567 3636 1747 3702 rubr.
1792 3636 1874 3701 22
1920 3647 1983 3699 et
2024 3636 2105 3701 24
2152 3642 2491 3719 imperator
2536 3640 2763 3703 Caesar
2880 3620 2882 3655 ³

432 3751 750 3826 Augustus
815 3748 1212 3807 Domitianus
1259 3755 1450 3826 pater
1501 3750 1773 3826 patriae,
1824 3767 2089 3809 necesse
2152 3756 2251 3810 est
2314 3746 2555 3831 scripta
2622 3771 2762 3814 esse

429 3851 784 3937 imperante
813 3850 1186 3917 Domitiano
1223 3864 1526 3937 recteque
1550 3854 2019 3919 Mommsenius
2050 3854 2507 3920 animadvertit
2534 3857 2763 3923 deesse

430 3979 665 4023 nomen
726 3958 1132 4037 Germanici,
1201 3960 1375 4044 quod
1436 3961 1881 4026 Domitianum
1948 3974 2223 4027 exeunte
2288 3986 2457 4029 anno
2506 3965 2591 4031 83
2660 3965 2761 4029 vel

427 4064 690 4130 ineunte
717 4089 884 4132 anno
907 4068 987 4134 84
1015 4068 1096 4134 ab
1127 4080 1354 4134 senatu
1386 4070 1715 4156 accepisse
1741 4071 1933 4137 docet
1956 4070 2229 4137 Eckhel.
2259 4072 2489 4137 Doctr.
2518 4096 2759 4137 numm.

429 4171 528 4237 VI
569 4195 632 4257 p.
676 4174 817 4239 397.
905 4175 1126 4257 Quare
1180 4178 1286 4241 lex
1340 4179 1481 4265 ipsa
1532 4178 1930 4264 Salpensana
1988 4178 2333 4244 tribuenda
2388 4181 2511 4244 erit
2554 4182 2758 4266 primo

429 4278 788 4346 Domitiani
816 4281 1074 4348 biennio
1102 4284 1515 4371 edictumque
1547 4288 1740 4373 paulo
1772 4289 2194 4353 antecessisse
2222 4288 2755 4355 existimabimus.

429 4386 536 4451 De
597 4411 868 4455 censura
926 4403 1140 4457 autem
1199 4394 1374 4457 idem
1426 4394 1698 4461 Eckhel.
1756 4419 1835 4461 ex
1901 4420 2311 4462 nummorum
2374 4399 2752 4464 auctoritate
