2917 5017
828 338 911 388 De
946 336 1119 389 Gallia
1152 336 1506 387 Romanorum
1551 338 1829 402 provincia.
2387 332 2470 400 29

134 496 328 580 quod
372 496 457 561 L.
508 496 755 565 Caesar
794 509 1209 585 prorogatum
1248 498 1475 563 habuit
1517 500 1858 586 imperium
1903 501 2106 588 (App.
2149 501 2298 567 bell.
2349 503 2472 568 civ.

134 604 177 667 Ι
198 652 215 681 ,
266 606 351 671 48
373 620 397 690 )
418 654 435 682 ,
507 608 809 673 consules
866 619 1046 673 erant
1092 606 1217 672 Cn.
1261 608 1608 694 Pompeius
1671 606 1904 673 Strabo
1953 621 2016 674 et
2072 610 2152 674 L.
2200 611 2473 677 Porcius

141 709 325 777 Cato
338 762 357 791 ,
422 738 504 779 ex
549 715 791 800 quibus
836 738 983 781 cum
1024 716 1131 780 hic
1174 716 1431 781 Marsos
1479 736 1861 801 oppugnans
1917 718 2254 783 cecidisset
2292 717 2472 805 (Liv.
2571 744 2574 749 ·

139 821 296 906 epit.
341 821 583 899 LXV3
640 824 811 910 App.
852 824 1001 890 bell.
1058 824 1181 888 civ.
1220 822 1284 900 I,
1338 823 1451 899 503
1521 820 1711 889 Oros.
1752 824 1834 901 V,
1884 826 1991 908 18)
2045 836 2236 911 atque
2285 828 2475 893 etiam

146 928 229 993 L.
272 928 527 996 Caesar
568 943 835 997 mortem
878 933 1153 1009 obisset,
1214 954 1385 995 unus
1428 934 1692 997 relictus
1738 943 1835 996 est
1875 932 2004 998 ille.
2087 934 2172 999 Ei
2214 937 2476 1022 provin-

148 1037 313 1103 ciam
356 1037 615 1105 Italiam
656 1041 949 1106 evenisse
1003 1051 1066 1105 et
1124 1062 1203 1105 ex
1262 1040 1588 1124 triumpho
1608 1086 1626 1116 ,
1683 1062 1872 1124 quem
1919 1052 2204 1107 extremo
2257 1066 2476 1108 mense

142 1145 502 1211 Decembri
546 1145 629 1213 de
662 1148 1013 1213 Asculanis
1042 1146 1416 1212 Picentibus
1445 1148 1580 1233 egit
1620 1148 1797 1227 (fast.
1823 1149 2180 1235 triumph),
2227 1160 2477 1215 constat

140 1266 209 1317 et
251 1277 336 1319 ex
384 1255 491 1331 iis,
538 1277 703 1340 quae
740 1254 913 1342 App.
956 1256 1105 1321 bell.
1149 1257 1273 1321 civ.
1317 1256 1371 1331 I,
1416 1256 1498 1321 63
1544 1255 1758 1332 tradit,
1801 1257 2242 1343 intelligimus.
2311 1258 2476 1323 Nam

142 1386 297 1427 cum
344 1360 473 1428 Cn.
532 1364 879 1450 Pompeius
938 1365 1093 1450 quia
1148 1374 1478 1429 strenuam
1529 1365 1596 1429 in
1655 1364 1824 1430 bello
1875 1365 2161 1431 Marsico
2218 1390 2475 1452 operam

138 1472 577 1557 praestiterat,
616 1474 807 1538 etiam
849 1496 1013 1538 anno
1042 1473 1125 1539 88
1148 1481 1565 1558 prorogatum
1602 1472 1870 1537 haberet
1903 1474 2243 1560 imperium
2274 1474 2476 1560 (quod

138 1580 321 1643 enim
361 1579 512 1645 val.
554 1580 731 1645 Max.
761 1582 887 1659 IX,
932 1584 995 1658 7,
1038 1581 1079 1647 2
1122 1604 1266 1646 eum
1304 1581 1510 1645 invita
1553 1581 1808 1645 civitate
1851 1582 2200 1667 imperasse
2243 1585 2349 1661 ait,
2395 1585 2477 1649 ad

142 1689 527 1755 universam
562 1689 841 1755 hominis
872 1690 1206 1766 invidiam,
1248 1712 1375 1755 non
1404 1713 1501 1767 e0,
1543 1690 1716 1775 quod
1753 1672 1886 1752 'non
1913 1690 2033 1753 rite
2057 1691 2116 1753 ei
2140 1691 2480 1776 imperium

152 1809 577 1883 prorogatum
624 1809 831 1875 esset,
898 1799 1149 1882 refero)
1205 1808 1465 1863 senatus
1483 1846 1500 1874 ‚
1571 1798 1683 1882 qui
1726 1820 2026 1883 magnam
2069 1800 2194 1864 iam
2237 1810 2480 1884 partem

156 1906 321 1971 belli
358 1908 721 1972 consedisse
749 1907 1017 1983 videret,
1062 1904 1437 1971 consulibus
1481 1906 1620 1969 eius
1661 1906 1809 1969 anni
1829 1906 1908 1969 L.
1935 1903 2236 1971 Cornelio
2262 1904 2482 1973 Sullae

141 2025 209 2079 et
236 2014 325 2097 Q.
351 2015 669 2101 Pompeio
708 2016 885 2081 Rufo
932 2015 1175 2080 bellum
1218 2012 1734 2079 Mithridaticum
1779 2026 1842 2079 et
1880 2014 2132 2079 Italiam
2174 2014 2480 2092 decrevit,

144 2147 225 2189 ac
272 2146 432 2188 cum
480 2124 647 2187 illud
694 2124 915 2189 Sullae
954 2123 1327 2209 obtigisset,
1387 2119 1471 2203 Q.
1511 2122 1864 2208 Pompeius
1927 2124 2314 2200 exercitum,
2371 2123 2482 2208 qui

141 2234 269 2299 sub
322 2230 453 2298 Cn.
502 2233 815 2318 Pompeio
857 2244 1010 2310 erat,
1052 2231 1343 2317 accipere
1386 2231 1608 2295 iussus
1653 2244 1769 2297 est.
1837 2232 2199 2308 Praetere0‚
2245 2232 2484 2317 quibus

138 2342 401 2407 artibus
449 2340 575 2407 Cn.
616 2341 969 2426 Pompeius
1016 2339 1287 2425 decepto
1320 2337 1568 2419 Quinto
1607 2350 1669 2404 et
1717 2340 2071 2404 exercitum
2115 2352 2180 2405 et
2221 2341 2484 2425 provin-

142 2453 313 2517 ciam
356 2451 737 2527 retinuerim
775 2450 937 2514 illud
962 2460 1133 2513 certe
1174 2459 1454 2533 apparet,
1495 2470 1644 2512 eum
1688 2471 1816 2512 non
1859 2448 2048 2513 aliam
2093 2448 2485 2533 provinciam

138 2560 463 2626 habuisse
506 2582 704 2645 quam
748 2558 1016 2624 Italiam.
1098 2555 1281 2639 Quid
1324 2555 1573 2641 igitur?
1648 2555 1822 2619 Num
1869 2578 2016 2621 eum
2060 2556 2128 2620 in
2170 2556 2281 2621 illa
2319 2580 2484 2641 quae

147 2670 357 2756 vulgo
406 2669 820 2733 existimatur
841 2666 1029 2731 Italia
1065 2665 1203 2730 sola
1241 2674 1566 2729 versatum
1609 2685 1774 2739 esse,
1818 2664 1882 2727 in
1913 2662 2129 2729 Gallia
2158 2661 2488 2750 Cisalpina

146 2779 311 2843 nihil
352 2800 475 2865 pro
522 2776 791 2863 imperio
835 2776 1117 2862 gessisse
1165 2783 1463 2854 putamus
1483 2772 1514 2835 Ῥ
1563 2771 1710 2836 Non
1739 2770 2002 2837 videtur
2041 2794 2163 2835 nec
2206 2772 2270 2834 in
2319 2770 2486 2835 bello

160 2888 309 2972 ipso
350 2884 855 2951 administrando
909 2906 1031 2949 nec
1081 2884 1148 2948 in
1204 2880 1470 2966 reliquis
1515 2878 1732 2945 rebus.
1827 2882 2043 2964 Atque
2090 2880 2157 2942 in
2202 2878 2488 2943 Marsico

148 2996 422 3082 quidem
460 2994 639 3059 bello
682 2992 843 3057 nihil
887 2992 1168 3067 inveni0‚
1209 2989 1385 3075 quod
1425 3010 1542 3075 per
1585 2986 1863 3052 Galliam
1896 2984 2292 3071 Cisalpinam
2340 3009 2488 3069 ges-

147 3108 319 3172 sisse
368 3106 637 3169 dicatur
679 3108 915 3186 (neque
950 3101 1121 3165 enim
1162 3122 1239 3164 ea
1264 3098 1661 3181 reliquorum
1680 3094 2050 3169 Italicorum
2081 3116 2313 3159 causae
2349 3116 2491 3157 sese

152 3214 527 3294 adiunxit),
594 3211 711 3276 sed
768 3211 837 3273 in
892 3209 1068 3274 civili
1114 3204 1552 3280 dissensione,
1618 3224 1782 3288 quae
1837 3203 2028 3287 paulo
2072 3213 2219 3288 post
2260 3202 2490 3288 erupit,

169 3346 395 3387 nomen
444 3321 595 3385 eius
638 3320 731 3385 ita
775 3326 1328 3392 commemoratur,
1367 3326 1439 3377 ut
1460 3311 1736 3378 Galliam
1782 3312 1938 3395 quin
1967 3334 2098 3375 una
2135 3332 2283 3374 cum
2306 3308 2494 3373 Italia

159 3431 400 3497 rexerit
460 3427 747 3493 dubitari
800 3435 1094 3509 nequeat.
1174 3421 1341 3487 Nam
1394 3443 1564 3485 anno
1617 3420 1695 3486 87
1759 3420 2046 3505 profecto
2105 3417 2188 3482 ad
2253 3415 2493 3481 bellum

151 3537 685 3605 Mithridaticum
715 3534 796 3598 L.
826 3532 1011 3599 Sulla
1047 3554 1195 3597 cum
1221 3529 1300 3594 L.
1330 3526 1544 3594 Cinna
1585 3540 1650 3593 et
1671 3526 1965 3591 Mariana
2007 3525 2200 3589 factio
2225 3524 2496 3589 Romam

157 3648 565 3722 obsiderent,
617 3642 738 3708 Cn.
781 3640 1099 3707 Octavius
1140 3648 1201 3703 et
1224 3638 1306 3702 L.
1331 3636 1588 3701 Merula
1631 3658 1782 3711 cos„
1825 3655 1952 3718 quo
1997 3631 2226 3695 melius
2269 3630 2497 3695 urbem

162 3767 529 3830 tuerentur,
576 3752 819 3818 auxilia
862 3772 1011 3815 cum
1056 3746 1317 3813 aliunde
1364 3755 1500 3809 tum
1543 3765 1623 3808 ex
1650 3741 1866 3808 Gallia
1902 3738 2263 3825 propinqua
2285 3760 2498 3804 arces-

158 3868 463 3933 siverunt.
506 3882 584 3926 ac
612 3857 733 3925 Cn.
758 3856 1160 3944 Pompeium,
1206 3854 1317 3940 qui
1360 3853 1441 3917 ad
1487 3874 1660 3916 mare
1686 3872 1992 3936 superum
2026 3870 2174 3914 cum
2213 3846 2498 3911 exercitu

162 3988 324 4053 erat,
384 3984 465 4039 ut
513 3968 809 4036 subsidio
857 3965 1140 4041 veniret,
1206 3969 1602 4045 rogaverunt
1645 3958 1845 4044 (App.
1891 3956 2038 4022 bell.
2094 3956 2219 4020 civ.
2264 3954 2327 4031 1,
2382 3954 2498 4019 66:

178 4088 275 4148 ἐπὶ
316 4087 385 4148 δὲ
436 4079 723 4166 στρατιὰν
772 4074 835 4145 ἔς
882 4098 946 4138 τε
995 4074 1101 4142 τὰς
1142 4072 1354 4156 ἑτέρας
1398 4068 1608 4136 πόλεις
1651 4067 1756 4135 τὰς
1807 4064 1892 4128 ἔτι
1946 4068 2114 4148 σφῶν
2163 4062 2502 4145 κατηκόους

178 4196 275 4257 καὶ
330 4193 393 4262 ἐς
447 4192 559 4273 τὴν
626 4188 820 4270 ἀγχοῦ
876 4180 1179 4245 Γαλατίαν
1232 4177 1689 4263 περιέπεμπον·
1759 4172 1978 4236 Γναῖόν
2037 4194 2102 4235 τε
2157 4170 2501 4253 Πομπήϊον,

170 4302 526 4366 ἀνθύπατον
554 4296 721 4380 ὄντα,
743 4293 841 4355 καὶ
875 4289 1341 4375 στρατευμάτων
1367 4284 1506 4369 περὶ
1527 4282 1594 4345 τὸ
1615 4280 1826 4344 Ἰόνιον
1855 4277 2218 4361 ἣγοῦμενον,
2243 4278 2501 4339 ἐκάλουν

170 4412 329 4476 κατὰ
388 4404 675 4487 σπουδὴν
722 4400 1061 4483 ἐπικουρεῖν
1102 4402 1179 4480 τῇ
1223 4393 1517 4479 πατρίδι).
1600 4390 1704 4456 Ac
1759 4408 1840 4453 ne
1899 4386 2047 4471 quis
2103 4384 2293 4461 forte,
2355 4380 2510 4466 quia
