2917 5017
430 380 506 447 16
1086 379 1169 427 De
1206 375 1379 427 Gallia
1416 377 1766 426 Romanorum
1799 370 2076 437 provincia.

428 544 618 611 simul
661 542 883 609 IIIvir
932 540 1109 627 agris
1155 562 1236 605 ex
1281 539 1427 625 lege
1463 534 1844 622 Sempronia
1883 530 2296 619 assignandis
2335 537 2538 604 esset,
2595 546 2778 590 cum-

424 654 636 739 legem
680 651 762 715 de
806 651 1061 716 civitate
1086 648 1277 715 sociis
1300 646 1516 712 danda
1543 646 1712 709 ferre
1737 642 2073 729 coepisset,
2116 658 2386 725 magnos
2423 632 2750 700 tumultus

428 761 745 827 excitasse
762 803 779 836 ,
834 780 1043 844 neque
1084 756 1164 821 ab
1206 754 1623 821 similitudine
1667 752 1804 817 veri
1849 749 2178 824 abhorret,
2221 769 2372 812 eum
2388 792 2407 823 ,
2447 765 2531 808 ne
2575 763 2753 806 rem-

426 868 755 955 publicam
798 865 1233 953 perturbaret,
1300 862 1379 931 ab
1438 860 1854 950 optimatibus
1916 867 2160 923 motum
2209 876 2385 931 esse,
2448 863 2523 916 ut
2586 848 2755 914 urbe

428 977 651 1043 relicta
687 975 930 1040 bellum
972 974 1135 1037 illud
1174 972 1550 1056 susciperet.
1613 970 1768 1047 Sed,
1814 969 1950 1034 sive
1994 988 2114 1032 sua
2157 972 2382 1049 sponte
2415 957 2573 1025 abiit
2612 957 2756 1023 sive

430 1095 691 1151 senatus
717 1084 1021 1170 impulsu,
1063 1082 1187 1147 hoc
1212 1080 1351 1145 fieri
1375 1101 1505 1144 non
1527 1077 1816 1165 potuisse
1853 1085 2048 1163 patet,
2089 1072 2144 1138 si
2173 1093 2364 1136 suum
2386 1066 2757 1155 praesidem

430 1190 647 1259 Gallia
697 1190 1031 1257 habuisset
1086 1211 1208 1254 nec
1270 1200 1419 1253 cum
1473 1188 1658 1253 Italia
1713 1188 1779 1251 in
1843 1184 2038 1249 unius
2096 1178 2463 1267 provinciae
2513 1183 2760 1241 sortem

432 1300 769 1366 coniuncta
810 1299 1062 1365 fuisset.
1136 1296 1549 1383 Quamquam
1589 1305 1824 1370 autem,
1857 1304 1945 1358 ‘ut
1986 1291 2288 1367 diximus,
2333 1285 2428 1351 Μ.
2472 1282 2760 1350 Fulvius

428 1431 547 1495 pro
592 1430 724 1473 cos.
766 1408 833 1471 in
875 1406 1091 1473 Gallia
1128 1406 1393 1483 mansit,
1450 1415 1666 1470 tamen
1711 1425 1880 1471 anno
1927 1401 2047 1467 124
2093 1409 2365 1484 uterque
2411 1394 2762 1461 consulum

436 1514 515 1583 C.
556 1514 828 1582 Cassius
871 1516 1213 1601 Longinus
1272 1525 1337 1578 et
1380 1511 1457 1579 C.
1502 1512 1767 1579 Sextius
1814 1510 2128 1577 Calvinus
2175 1508 2447 1574 eandem
2487 1503 2763 1592 provin-

434 1624 593 1691 ciam
658 1625 864 1690 sortiti
928 1623 1137 1690 Gallis
1194 1615 1640 1709 Transalpinis
1700 1621 1944 1687 bellum
2009 1618 2368 1684 intulerunt
2436 1614 2762 1701 (Eutrop.

432 1733 563 1810 IV,
610 1733 766 1819 22):
840 1755 1003 1817 quae
1065 1755 1169 1797 res
1222 1732 1410 1797 aliam
1454 1730 1739 1807 Galliae,
1802 1729 1992 1795 aliam
2045 1728 2440 1812 reliquarum
2491 1721 2762 1810 provin-

437 1843 681 1909 ciarum
727 1842 1170 1908 condicionem
1230 1840 1434 1907 fuisse
1493 1840 1794 1914 ostendit.
1887 1839 1966 1903 In
2017 1836 2118 1901 his
2179 1834 2493 1921 quamdiu
2549 1833 2766 1898 libera

432 1953 558 2016 fuit
595 1951 961 2039 respublica
979 1950 1287 2030 Romana,
1332 1972 1661 2035 nunquam
1689 1948 1945 2024 accidit,
1986 1956 2060 2011 ut
2096 1946 2228 2009 duo
2265 1954 2484 2009 essent
2529 1942 2768 2009 eodem

434 2072 719 2147 tempore
771 2059 1137 2146 praesides3
1194 2060 1309 2126 sed
1364 2060 1660 2145 quamvis
1723 2078 2030 2142 magnum
2079 2054 2445 2119 immineret
2493 2050 2766 2128 bellum,

434 2181 498 2235 et
538 2169 606 2233 in
638 2170 959 2255 Hispania
1004 2180 1066 2235 et
1101 2170 1171 2233 in
1215 2168 1439 2233 Africa
1460 2178 1548 2233 *et
1587 2168 1656 2231 in
1694 2164 2109 2242 Macedonia,
2167 2163 2462 2249 singulos
2505 2182 2770 2247 semper

434 2277 677 2343 tuendo
716 2277 985 2363 imperio
1013 2278 1303 2344 Romano
1352 2278 1713 2365 praefectos
1758 2298 1902 2341 esse
1946 2274 2334 2339 invenimus.
2395 2272 2548 2339 Una
2570 2271 2771 2337 Italia

433 2388 559 2453 hoc
600 2386 825 2452 habuit
858 2387 1019 2452 iuris
1036 2435 1055 2465 ‚
1103 2398 1177 2452 ut
1219 2412 1258 2453 a
1300 2387 1600 2473 pluribus
1646 2386 1874 2451 eodem
1922 2394 2210 2470 tempore
2257 2382 2770 2468 imperatoribus

436 2496 927 2574 defenderetur3
988 2519 1184 2582 quare
1231 2497 1408 2582 quod
1448 2507 1513 2561 et
1556 2496 1680 2560 hoc
1725 2516 1894 2560 anno
1939 2502 2004 2558 et
2047 2492 2351 2578 deinceps
2396 2491 2770 2577 complures

436 2605 629 2670 simul
674 2626 821 2674 cum
873 2603 1080 2671 Gallis
1122 2603 1366 2669 bellum
1415 2604 1700 2691 gessisse
1743 2611 2006 2678 constat,
2050 2601 2226 2666 haud
2271 2600 2472 2666 dubio
2523 2600 2772 2666 indicio

436 2712 585 2788 erit,
642 2734 753 2777 eos
794 2734 923 2776 non
973 2712 1056 2777 ad
1102 2714 1373 2779 formam
1416 2713 1898 2800 provinciarum
1935 2710 2161 2797 populi
2205 2708 2482 2775 Romani
2523 2709 2767 2774 consti-

434 2830 630 2897 tutos,
684 2821 800 2886 sed
845 2820 1066 2886 Italiae
1105 2822 1578 2907 quodammodo
1614 2822 1756 2886 iure
1797 2842 1952 2886 usos
1993 2842 2158 2885 esse.
2265 2818 2528 2883 Etenim
2569 2817 2767 2883 etiam

434 2950 601 2994 anno
651 2928 801 3006 123,
865 2930 979 3014 qui
1023 2930 1235 3016 priore
1278 2952 1445 2994 anno
1489 2930 1760 3017 profecti
1821 2939 2034 3008 erant,
2098 2938 2446 3015 prorogato
2487 2928 2767 3015 imperio

432 3060 553 3123 pro
576 3037 953 3104 consulibus
978 3039 1045 3103 in
1064 3037 1279 3104 Gallia
1295 3050 1760 3117 remanserunt,
1773 3038 2010 3124 quibus
2029 3037 2392 3103 accessitT.
2407 3037 2770 3121 Quinctius

432 3146 838 3212 Flamininus
886 3168 1043 3223 cos.,
1085 3146 1198 3232 qui
1242 3157 1451 3212 tamen
1492 3169 1638 3212 cum
1681 3157 1942 3234 propter
1979 3148 2328 3213 seditiones
2365 3146 2770 3214 *domesticas

432 3277 550 3340 per
602 3255 909 3320 maiorem
974 3256 1121 3320 anni
1184 3255 1287 3319 sui
1345 3247 1595 3341 partem
1645 3256 1710 3319 in
1769 3256 1932 3321 urbe
1980 3256 2374 3322 versandum
2430 3255 2554 3322 sibi
2613 3279 2770 3323 esse

432 3363 839 3447 intelligeret,
885 3364 1272 3450 prorogandi
1298 3386 1417 3450 pro
1447 3366 1826 3431 consulibus
1843 3365 2098 3452 imperii
2121 3367 2524 3433 occasionem
2553 3365 2767 3431 dedit.

594 3470 745 3536 Hoc
786 3481 1000 3537 autem
1040 3472 1173 3537 fere
1222 3495 1389 3538 anno
1436 3498 1476 3539 a
1523 3470 1601 3539 C.
1632 3473 1927 3540 Graccho
1972 3475 2118 3560 lege
2159 3472 2544 3562 Sempronia
2583 3476 2768 3542 illam

431 3579 909 3664 provinciarum
936 3580 1371 3645 Romanorum
1414 3582 1852 3660 mutationem,
1898 3606 2092 3669 quam
2114 3583 2391 3671 Pighius
2435 3586 2765 3672 ceterique

430 3698 580 3773 post
624 3710 773 3754 eum
815 3689 939 3753 viri
966 3689 1147 3755 ¹docti
1190 3712 1420 3775 parum
1466 3698 1636 3756 recte
1677 3690 1762 3755 ad
1799 3713 2038 3756 annum
2085 3692 2202 3757 146
2234 3695 2613 3773 retulerunt,
2658 3698 2763 3761 in-

434 3794 723 3891 stitutam
783 3818 927 3861 esse
982 3798 1309 3874 existimo,
1369 3809 1442 3862 ut
1499 3809 1828 3883 praetores
1883 3810 2226 3886 postquam
2266 3802 2511 3869 Romae
2561 3804 2761 3871 iuris-

433 3903 781 3969 dictionem
822 3904 1229 3983 habuissent,
1279 3906 1347 3970 in
1391 3907 1758 3991 provincias
1800 3908 2366 3993 proficiscerentur
2409 3934 2528 3999 pro
2569 3936 2762 3999 prae-

432 4010 700 4077 toribus.
774 4012 1079 4078 Vidimus
1120 4013 1289 4078 enim
1330 4014 1814 4101 prorogationes
1855 4016 2291 4105 imperiorum,
2339 4044 2505 4107 quae
2539 4031 2760 4089 vetere

432 4142 609 4185 more
655 4142 837 4186 rarae
881 4131 1061 4187 erant
1103 4144 1223 4187 nec
1263 4122 1398 4187 fere
1435 4122 1950 4209 usurpabantur‚
1991 4129 2117 4195 nisi
2161 4139 2447 4196 morante
2493 4153 2760 4198 succes-

432 4250 577 4293 sore
593 4274 611 4305 ,
665 4228 977 4315 proximis
1019 4251 1185 4317 quae
1228 4230 1617 4297 antecedunt
1657 4235 2056 4321 temporibus
2098 4238 2567 4325 frequentiores
2615 4240 2758 4308 fieri

430 4359 508 4401 ac
558 4336 745 4402 facile
804 4338 1185 4424 apparebat,
1252 4360 1361 4405 eas
1378 4384 1397 4415 ,
1470 4363 1618 4407 cum
1670 4342 1797 4409 iam
1837 4354 2081 4431 septem
2125 4356 2341 4413 essent
2379 4348 2756 4435 provinciae

439 4443 797 4512 ordinariae
820 4446 1025 4532 quasi,
1057 4468 1187 4511 non
1210 4468 1403 4534 posse
1428 4448 1673 4529 evitari,
1703 4451 1830 4517 nisi
1856 4475 2196 4521 numerum
2219 4466 2591 4543 praetorum
2617 4482 2758 4525 am-
