2917 5017
779 310 862 361 De
897 311 1162 361 dictatoris
1203 310 1440 361 Caesaris
1478 310 1773 363 honoribus.
2306 306 2427 377 237

127 474 413 549 buerant,
450 471 614 559 ipse,
650 471 803 557 quia
834 495 914 537 ex
941 494 1070 556 quo
1094 469 1340 537 Gallias
1366 473 1757 558 provinciam
1790 473 2086 551 obtinuit,
2122 487 2431 562 perpetuo

125 580 382 665 imperio
427 578 748 655 utebatur,
793 580 1040 664 primus
1083 579 1241 644 dum
1285 580 1446 644 vixit
1488 591 1870 666 perpetuum
1912 583 2198 649 retinuit.

287 684 428 753 Sed
469 700 544 751 ut
587 687 670 752 ad
705 688 1055 773 Iosephum
1099 687 1436 771 edictaque
1478 685 1798 767 Caesaris,
1840 714 2003 774 quae
2042 692 2125 757 ab
2166 714 2239 757 eo
2278 694 2433 759 affe-

122 806 377 872 runtur,
437 806 752 872 revertar,
809 796 890 860 de
945 796 1110 861 sexti
1160 795 1355 860 edicti
1406 798 1904 884 praescriptione
1960 800 2262 865 diximus.
2352 801 2433 865 In

121 906 324 989 primo
363 916 580 969 autem
615 900 857 968 Caesar
898 903 1240 988 dupliciter
1275 904 1652 990 appellatur,
1696 906 1776 971 ab
1816 907 1998 973 initio
2038 910 2430 994 αὐτοκράτωρ

118 1013 208 1075 καὶ
253 1013 584 1096 ἀρχιερεὺς
629 1014 920 1096 δικτάτωρ
966 1014 1034 1075 τὸ
1083 1011 1388 1096 δεύτερον,
1431 1023 1571 1077 tum
1602 1013 1995 1100 αὐτοκράτωρ
2034 1020 2101 1080 τὸ
2146 1018 2431 1100 δεότερον

116 1122 208 1183 καὶ
253 1122 599 1204 ἀρχιερεύς.
671 1120 818 1184 Hoc
863 1119 1194 1185 decretum
1233 1119 1478 1185 factum
1522 1143 1665 1185 esse
1704 1144 1871 1186 anno
1898 1123 1974 1189 47
2022 1124 2155 1188 fere
2198 1125 2433 1202 medio,
2548 1140 2555 1150 ’

115 1252 238 1313 quo
289 1229 552 1293 alteram
601 1228 982 1293 dictaturam
1026 1226 1270 1293 Caesar
1323 1228 1621 1313 gerebat,
1682 1231 2135 1315 cognoscimus
2182 1256 2259 1295 ex
2302 1234 2433 1297 Ios.

114 1336 308 1411 XIV,
335 1338 397 1413 8,
433 1336 502 1402 3:
552 1359 762 1401 nonne
805 1336 1025 1420 igitur,
1071 1358 1219 1401 cum
1259 1335 1609 1420 imperator
1642 1336 1711 1401 Π
1748 1337 1815 1400 in
1844 1334 2123 1403 Caesare
2160 1340 2433 1425 intelligi

114 1456 412 1527 nequeat,
453 1442 783 1529 probabile
827 1456 944 1520 est,
987 1444 1184 1508 altero
1221 1443 1362 1507 loco
1401 1442 1579 1507 idem
1623 1444 1799 1527 quod
1836 1446 2047 1530 priore
2086 1456 2185 1511 est
2208 1446 2433 1524 fuisse,

112 1552 417 1616 nimirum
477 1553 904 1637 αὐτοκράτωρ,
967 1554 1258 1635 δικτάτωρ
1319 1554 1386 1615 τὸ
1437 1552 1721 1635 δεύτερον
1766 1555 1868 1615 καὶ
1910 1552 2275 1638 ἀρχιερεύςῗ
2354 1555 2435 1619 In

115 1659 404 1724 secundo
461 1660 672 1725 edicto
721 1660 896 1744 quod
949 1660 1148 1745 vulgo
1182 1658 1424 1745 legitur
1468 1658 1658 1723 Γαΐου
1704 1658 2019 1745 Καίσαρος
2061 1664 2291 1725 ὑπάτου
2340 1664 2433 1725 δε-

115 1767 406 1850 δογμένα,
451 1779 622 1832 certe
661 1767 898 1833 falsum
941 1779 1037 1833 est
1081 1790 1158 1832 ac
1197 1778 1372 1831 tanta
1407 1770 1727 1852 reperitur
1753 1766 1821 1831 in
1853 1768 2188 1834 codicibus
2213 1768 2435 1834 lectio-

110 1874 208 1938 nis
241 1874 548 1950 varietas,
589 1886 662 1939 ut
689 1876 795 1940 alii
835 1876 1300 1959 αὐτοκράτορος,
1346 1876 1597 1950 ὑπάτου,
1638 1874 1746 1937 alii
1774 1877 2159 1959 δικτάτωρος,
2201 1879 2433 1940 ὑπάτου

107 1983 359 2068 legant,
423 1982 778 2048 editoribus
829 1995 1042 2049 autem
1098 1982 1287 2047 etiam
1341 1992 1493 2046 nota
1550 1984 1895 2048 numeralis
1957 1985 2277 2051 excidisse
2332 1986 2434 2050 vi-

111 2091 364 2155 deatur.
471 2087 604 2155 Sed
669 2092 792 2156 hoc
839 2091 1100 2176 quidem
1159 2091 1378 2155 nescio
1425 2112 1507 2155 an
1552 2111 1682 2153 non
1722 2112 1888 2177 opus
1930 2094 2049 2171 sit3
2114 2094 2435 2178 siquidem

109 2198 300 2263 etiam
345 2198 417 2261 in
459 2198 644 2263 tertio
687 2200 899 2263 edicto
937 2200 1294 2284 appellatur
1334 2198 1517 2267 Γάϊος
1556 2196 1795 2282 Καῖσαρ
1844 2201 2260 2285 αὐτοκράτωρ,
2314 2204 2433 2266 δικ-

107 2309 334 2390 τάτωρ,
385 2307 610 2375 ὕπατος
655 2307 792 2371 sine
831 2318 979 2372 nota
1017 2307 1352 2382 numerali,
1395 2316 1779 2391 tempusque
1809 2306 2306 2391 significandum
2336 2321 2434 2375 est

105 2414 320 2490 idem,
375 2414 678 2478 nimirum
719 2416 973 2479 medius
1019 2417 1154 2480 fere
1199 2435 1406 2479 annus
1453 2414 1557 2489 47,
1600 2436 1731 2497 quo
1776 2413 1946 2479 bello
1990 2416 2435 2481 Alexandrino

109 2524 408 2588 confecto
467 2520 712 2587 Caesar
763 2522 1036 2589 Romam
1096 2523 1289 2587 rediit
1349 2521 1506 2607 (Ios.
1545 2522 1739 2597 XIV,
1782 2523 1843 2597 8,
1891 2523 1979 2607 3).
2074 2525 2153 2588 In
2208 2534 2437 2609 quarto

105 2631 326 2695 edicto
369 2631 546 2715 quod
583 2642 682 2695 est
723 2632 948 2699 ὕπατος
988 2632 1054 2693 τὸ
1099 2631 1402 2713 πέμπτον,
1450 2628 1611 2692 nihil
1657 2631 1849 2696 habet
1892 2632 2324 2710 difficultatis,
2370 2642 2439 2697 at

103 2738 172 2801 in
233 2738 466 2823 quinto
521 2737 698 2822 quod
753 2738 970 2802 editur
1019 2738 1412 2822 αὐτοκράτωρ
1469 2740 1537 2799 τὸ
1584 2738 1902 2823 δεύτερον,
1964 2741 2437 2805 emendandum

105 2868 255 2911 esse
301 2846 731 2931 αὐτοκράτωρ,
784 2848 1077 2928 δικτάτωρ
1122 2849 1188 2909 τὸ
1237 2845 1543 2929 δεύτερον,
1600 2858 1673 2909 ut
1714 2869 1921 2911 annus
1966 2847 2042 2913 47
2095 2847 2435 2926 indicetur,

104 2974 189 3015 ex
247 2952 332 3017 iis
395 2976 560 3037 quae
611 2954 902 3040 exposita
959 2964 1142 3030 sunt,
1207 2953 1436 3019 elucet.
1524 2952 1813 3039 Septimo
1854 2955 2000 3019 loco.
2044 2956 2312 3041 epistola
2354 2955 2439 3021 ad

101 3060 426 3125 Parianos
484 3062 566 3126 de
621 3062 948 3127 sodaliciis
991 3060 1378 3126 Iudaeorum
1423 3084 1555 3126 non
1601 3039 2033 3127 dissolvendis
2082 3062 2437 3141 exhibetur,

101 3170 216 3232 cui
274 3170 769 3253 praescribitur:
837 3170 1075 3239 Ιοῦλιος
1131 3170 1313 3238 Γάϊος
1375 3172 1739 3253 στρατηγὸς,
1808 3172 2031 3239 ὕπατος
2074 3168 2433 3255 Ῥωμαίων,

103 3278 476 3361 citat-arque
535 3278 601 3341 in
659 3300 737 3343 ea
791 3276 1103 3354 edictum,
1162 3277 1337 3361 quod
1390 3277 1622 3342 fecisse
1666 3276 1907 3343 dicitur
1952 3278 2135 3349 Γάϊος
2170 3278 2437 3363 Καῖσαρ,

101 3390 136 3448 ὁ
191 3386 501 3469 ἡμέτερος
544 3387 872 3469 στρατηγὸς
914 3387 1014 3449 καὶ
1042 3366 1306 3462 suamc,
1355 3384 1469 3469 qui
1514 3406 1662 3450 cum
1702 3386 1945 3451 Romae
1990 3397 2201 3451 cetera
2246 3387 2440 3451 colle-

97 3494 222 3579 gia
284 3492 725 3570 distraxisset,
789 3492 1178 3557 Iudaeorum
1241 3493 1513 3575 collegia
1570 3493 1948 3578 permiserit.
2053 3495 2185 3559 Hic
2241 3495 2443 3581 igitur

99 3602 312 3666 edicti
353 3610 580 3664 auctor
623 3600 744 3663 erit
785 3600 993 3666 Iulius
1043 3599 1287 3666 Caesar
1325 3600 1539 3683 (Suet.
1586 3598 1774 3665 Caes.
1815 3624 1869 3664 c.
1908 3602 2040 3683 42),
2080 3602 2188 3665 ille
2224 3613 2439 3666 autem

99 3710 226 3794 qui
277 3708 609 3797 epistolam
654 3708 932 3793 scripsit,
973 3706 1341 3795 Augustus,
1389 3730 1585 3793 quem
1619 3708 1774 3772 item
1808 3708 1889 3772 de
1920 3709 2209 3795 collegiis
2250 3710 2437 3773 novis

101 3814 552 3880 dissolvendis
593 3816 892 3881 statuisse
937 3817 1177 3881 scimus
1223 3816 1437 3899 (Suet.
1481 3814 1631 3882 Oct.
1674 3816 1802 3900 32).
1887 3816 2183 3900 Utroque
2221 3826 2436 3881 autem

99 3925 256 3989 loco
318 3923 560 3987 falsum
621 3945 764 3987 esse
825 3936 1090 4009 apparet
1148 3926 1324 4009 quod
1380 3926 1621 4008 legitur
1680 3924 2035 4007 στρατηγόςε
2114 3924 2439 4009 quomodo

105 4032 282 4096 enim
345 4028 590 4095 Caesar
652 4034 683 4095 ὃ
741 4031 1041 4116 ἡμέτερος
1105 4034 1436 4116 στρατηγός
1492 4031 1796 4117 appellari
1856 4031 2108 4116 potuit?
2194 4030 2443 4096 Debuit

103 4143 316 4224 πατήρ
365 4139 474 4203 vel
517 4139 826 4205 similiter.
911 4139 1046 4205 Nec
1087 4140 1300 4205 minus
1341 4140 1649 4205 vitiosum
1694 4150 1826 4215 est,
1871 4138 2049 4222 quod
2092 4138 2441 4224 Augustus

110 4251 451 4332 στρατηγὸς
489 4249 714 4316 ὕπατος
747 4248 1141 4326 nominatur3
1199 4270 1533 4333 nunquam
1570 4247 1739 4312 enim
1768 4268 1843 4311 eo
1868 4244 2181 4310 vocabulo
2206 4244 2443 4311 Graeci

107 4354 515 4420 sollemniter
566 4354 692 4420 nisi
745 4356 812 4421 in
875 4377 952 4420 eo
1017 4357 1128 4441 qui
1180 4356 1412 4421 Latine
1470 4366 1727 4440 praetor
1781 4354 2048 4430 dicitur,
2109 4353 2213 4417 usi
2272 4362 2441 4417 sunt.
