2917 5017
463 326 586 393 384
1419 326 1588 379 index
1627 340 1811 377 rerum.

463 495 758 545 foederatae
807 494 1037 543 civitates
1089 494 1142 541 in
1176 492 1428 555 Hispania
1480 489 1598 541 315.
1660 490 1873 556 praemii
1922 504 2075 539 causa
2123 504 2383 553 nunquam
2432 488 2746 547 Latinitatem,

603 578 692 625 sed
731 577 984 625 civitatem
1018 574 1169 623 Rom.
1205 574 1458 635 accipiunt
1498 570 1617 623 316.
1688 572 1975 622 foederatas
2012 586 2123 620 esse
2157 577 2353 618 tantum
2390 571 2632 627 civitatee,
2665 584 2749 617 non

601 655 836 705 homines
876 654 993 705 327.
1064 656 1268 719 quando
1302 652 1593 703 foederatae
1626 654 1853 702 civitates
1889 654 2119 701 existant
2156 649 2271 701 327.

463 738 537 787 M.
577 737 824 787 Fonteius
853 752 967 801 quo
1008 744 1235 799 tempore
1271 734 1497 783 Galliam
1532 734 1923 817 Transalpinam
1964 734 2153 783 rexerit
2194 740 2245 782 et
2282 732 2546 783 Ciceronis
2586 746 2670 793 pro
2701 746 2748 779 eo

601 819 767 868 oratio
801 819 1008 881 quando
1042 816 1220 866 habita
1254 818 1321 865 sit
1361 812 1409 865 6.

463 897 704 949 frumenti
741 899 936 963 publici
971 897 1180 947 tabulae
1225 895 1338 947 187.

465 977 530 1039 Q.
563 979 744 1029 Fufius
781 979 1002 1030 Calenus
1036 978 1218 1028 consul
1255 975 1374 1027 217.

463 1058 610 1109 fundi
643 1061 789 1121 fiunt,
828 1062 918 1124 qni
953 1061 1212 1109 civitatem
1246 1058 1396 1107 Rom.
1438 1058 1697 1121 accipiunt
1735 1055 1854 1107 317.

467 1266 636 1317 Gallia
675 1265 952 1332 Cisalpina.
1022 1270 1190 1316 variae
1229 1268 1292 1316 (16
1327 1268 1438 1315 eius
1487 1266 1681 1328 origine
1726 1266 1992 1329 opiniones
2042 1264 2090 1315 5.
2164 1281 2280 1314 cum
2320 1265 2481 1314 Italia
2530 1278 2751 1325 nunquam

600 1349 924 1411 praetoribus
969 1350 1139 1413 paruit
1186 1345 1270 1397 49.
1344 1348 1605 1412 praesides
1658 1347 1768 1396 eius
1822 1354 1942 1410 post
1988 1345 2262 1395 Caesarem
2314 1343 2383 1394 89
2435 1361 2517 1409 sq.
2599 1344 2752 1393 tollitur

601 1431 859 1493 provincia
897 1428 979 1479 92.

466 1508 688 1559 Galliam
723 1510 988 1573 Belgicam
1027 1511 1101 1559 M.
1135 1510 1368 1558 Vinicius
1416 1510 1704 1573 praetorius
1749 1510 1881 1572 regit
1937 1508 2049 1559 102.
2116 1510 2189 1559 M.
2226 1510 2433 1559 Lollius
2482 1506 2596 1558 104.
2676 1506 2756 1553 eius
2845 1578 2846 1583 1

601 1591 728 1641 fines
766 1595 880 1640 cum
911 1592 1250 1655 Lugdunensi
1299 1588 1406 1639 109.

467 1671 638 1721 Gallia
671 1672 1034 1735 Lugdunensis
1071 1675 1135 1722 ad
1171 1671 1475 1721 Danubium
1513 1673 1733 1736 pertinet
1781 1670 1893 1720 120.

467 1752 636 1803 Gallia
669 1754 1028 1818 Transalpina.
1099 1754 1210 1803 eius
1256 1768 1468 1817 praeses
1511 1754 1583 1801 M.
1620 1753 1869 1801 Fonteius
1923 1750 1973 1803 6.
2050 1767 2166 1801 eum
2200 1752 2353 1801 Italia
2394 1749 2667 1799 coniuncta
2702 1742 2757 1793 15.
2844 1806 2846 1809 Α

604 1851 741 1885 anno
782 1833 876 1885 114
916 1837 1143 1885 nondum
1190 1834 1350 1884 fuisse
1387 1835 1703 1899 provinciam
1760 1833 1838 1887 19.
1906 1835 2170 1898 provincia
2204 1834 2446 1881 Romana
2492 1832 2549 1879 fit
2593 1828 2667 1877 2-4.
2728 1830 2760 1875 ei
2844 1848 2846 1871 ;

601 1917 676 1965 M.
710 1915 925 1965 Porcius
960 1915 1090 1965 Cato
1126 1925 1330 1979 praeest
1363 1913 1446 1966 27.
1513 1914 1571 1965 C.
1608 1914 1862 1965 Caecilius
1901 1916 2142 1965 Metellus
2184 1912 2267 1966 28.
2331 1914 2403 1961 M.
2448 1912 2669 1975 Lepidus
2700 1908 2760 1957 50.
2844 1900 2846 1957 ff

600 1996 660 2045 L.
693 1997 911 2045 Murena
947 1994 1032 2048 61.
1099 1997 1163 2058 Q.
1198 1998 1438 2046 Metellus
1479 1994 1561 2045 64.
1633 1994 1869 2047 Caesaris
1904 1998 2060 2059 legati
2098 1998 2153 2045 in
2189 2011 2250 2045 ea
2299 1992 2381 2045 89.
2463 1995 2683 2041 seiuncta
2713 1990 2759 2038 ab

601 2077 921 2128 Narbonensi
962 2087 1012 2128 et
1047 2080 1100 2129 in
1138 2081 1268 2128 duas
1314 2087 1486 2143 partes
1522 2079 1686 2128 divisa
1724 2075 1809 2127 91.
1880 2078 1952 2127 Μ.
1991 2077 2225 2142 Agrippa
2265 2084 2316 2125 61
2355 2074 2415 2125 C.
2462 2074 2692 2124 Carrinas
2724 2080 2760 2118 et

599 2159 798 2209 Nonius
834 2158 1016 2209 Gallus
1046 2158 1130 2210 93.
1188 2161 1416 2223 Augusti
1452 2162 1687 2209 instituta
1718 2157 1803 2209 98.
1856 2160 1921 2208 ab
1957 2160 2071 2223 ipso
2108 2166 2371 2207 mutantur
2410 2154 2533 2206 108.
2596 2152 2759 2203 Galliae
2844 2210 2846 2225 Α

604 2242 829 2292 civitates
881 2242 1170 2291 foederatae
1214 2240 1332 2291 328.
1404 2241 1542 2290 Galli
1592 2242 1737 2289 multi
1792 2240 2114 2305 appellantur
2166 2239 2223 2289 C.
2264 2239 2382 2288 Iulii
2428 2236 2551 2288 329.
2623 2234 2762 2284 Gallis

601 2321 681 2371 ius
716 2322 971 2372 honorum
1011 2324 1192 2387 accipit
1231 2320 1347 2373 340.

469 2398 790 2455 Germaniae.
840 2403 1001 2454 falsae
1034 2406 1260 2454 virorum
1295 2407 1561 2454 doctorum
1594 2405 1657 2452 de
1691 2420 1867 2453 earum
1902 2406 2097 2467 origine
2138 2403 2406 2467 opiniones
2445 2399 2532 2450 96.
2588 2400 2764 2462 quando

601 2484 864 2533 institutae
900 2484 1002 2533 sint
1046 2484 1157 2533 130.
1234 2488 1307 2535 eis
1349 2494 1595 2550 praesunt
1630 2485 1877 2535 Visellius
1912 2486 2080 2533 Varro
2123 2492 2175 2533 et
2209 2482 2268 2534 C.
2309 2482 2475 2532 Silius
2532 2480 2639 2532 131.
2674 2478 2765 2529 151.

603 2572 780 2613 carent
816 2565 1000 2626 legatis
1045 2564 1155 2614 152.
1231 2580 1406 2613 earum
1452 2566 1609 2627 legati
1650 2581 1815 2630 usque
1850 2569 1913 2615 ad
1957 2568 2334 2629 Vespasianum
2377 2564 2446 2611 ab
2486 2562 2618 2612 Gaio
2675 2558 2765 2610 153.

601 2642 843 2693 Germani
879 2646 1026 2695 multi
1068 2646 1391 2710 appellantur
1424 2645 1541 2694 Iulii
1584 2645 1699 2695 330.

467 2722 824 2785 Germanicus,
879 2726 1038 2776 Drusi
1085 2728 1248 2789 filius,
1297 2730 1517 2792 primum
1572 2729 1625 2776 in
1666 2727 1886 2778 Galliam
1934 2728 2151 2776 mittitur
2204 2723 2317 2775 124.
2395 2740 2505 2789 qua
2543 2730 2764 2789 potestate

602 2807 786 2855 deinde
823 2807 1018 2859 Gallias
1066 2811 1257 2859 rexerit
1307 2806 1423 2859 126.
1496 2824 1618 2859 suos
1660 2810 1714 2857 in
1758 2810 1821 2857 iis
1862 2810 2061 2871 legatos
2097 2808 2254 2857 habet
2306 2805 2398 2857 128
2433 2822 2515 2870 sq.
2590 2805 2764 2853 Tiberio

603 2888 667 2937 ab
704 2889 947 2953 Augusto
990 2892 1265 2957 opponitur
1309 2887 1420 2939 129.

466 2965 526 3017 C.
564 2966 776 3018 Gracchi
815 2971 904 3020 lex
944 2972 1007 3020 de
1046 2971 1322 3035 provinciis
1371 2969 1465 3020 17.
1520 2972 1630 3019 eius
1667 2973 1894 3021 actiones
1933 2973 1995 3020 de
2038 2971 2187 3021 sociis
2230 2972 2294 3018 ad
2337 2970 2601 3019 civitatem
2638 2968 2759 3017 Rom.
2845 3014 2846 3033 ἶ

605 3052 931 3102 admittendis
971 3050 1088 3103 293.

469 3242 764 3293 Hadrianus
803 3245 1071 3294 Antonino
1107 3245 1203 3294 Pio
1243 3246 1563 3295 tribuniciam
1600 3254 1903 3311 potestatem
1946 3248 2033 3295 dat
2073 3243 2191 3295 265.
2260 3245 2371 3293 eius
2412 3246 2633 3294 maiores
2667 3238 2758 3291 340.

468 3323 688 3373 Helvetii
724 3333 896 3374 utrum
935 3328 990 3374 in
1023 3325 1360 3388 Lugdunensi
1402 3343 1469 3376 an
1507 3329 1561 3375 in
1596 3328 1807 3390 Belgica
1843 3326 2015 3375 Gallia
2053 3326 2243 3375 fuerint
2290 3324 2402 3379 101.
2443 3325 2562 3378 107.

467 3403 692 3468 Hispalis
727 3407 928 3457 colonia
965 3404 1049 3456 34.
1113 3408 1314 3457 diversa
1352 3408 1619 3457 hominum
1654 3424 1843 3471 genera
1876 3406 2100 3457 habebat
2139 3404 2256 3455 286.

467 3486 745 3550 Hispaniae
808 3488 1094 3537 rectoribus
1157 3489 1424 3553 imperium
1475 3497 1781 3553 prorogatur
1840 3488 1918 3541 12.
1972 3486 2053 3538 13.
2146 3487 2258 3537 Ser.
2308 3488 2566 3551 Sulpicius
2619 3485 2756 3535 Galba

604 3578 824 3631 praeest3
879 3571 1004 3619 item
1053 3570 1115 3619 L.
1149 3570 1274 3619 Piso
1315 3570 1475 3635 Frugi
1520 3586 1588 3618 ex
1629 3578 1871 3633 praetura
1915 3568 1999 3618 21.
2080 3568 2139 3617 C.
2180 3570 2422 3619 Valerius
2458 3570 2665 3617 Flaccus
2706 3580 2755 3613 ex

607 3652 888 3712 consulatu,
931 3665 1192 3700 successor
1229 3651 1292 3699 Τ.
1332 3651 1475 3699 1)1(111
1514 3648 1599 3700 27.
1670 3651 1731 3701 L.
1770 3651 2039 3699 Volcatius
2076 3650 2264 3699 Tullus
2305 3651 2359 3699 in
2394 3652 2625 3699 ulteriore
2660 3662 2751 3711 pro-

605 3733 768 3781 vincia
793 3731 874 3783 56.
929 3734 997 3781 D.
1031 3732 1238 3783 Silanus
1277 3734 1330 3782 in
1361 3734 1591 3782 citeriore
1624 3730 1707 3782 61.
1765 3732 1827 3791 Q.
1850 3732 2095 3782 Metellus
2120 3730 2302 3795 Nepos
2334 3732 2388 3780 in
2419 3733 2653 3781 citeriore.
2686 3723 2749 3773 76.

609 3814 850 3863 universa
885 3815 1100 3863 traditur
1127 3813 1219 3863 Cn.
1239 3814 1485 3878 Pompeio
1510 3811 1592 3862 77.
1658 3813 1911 3877 Hispania
1944 3815 2148 3862 citerior
2185 3814 2456 3863 coniuncta
2482 3827 2592 3861 cum
2612 3808 2750 3859 Gallia

609 3894 934 3945 Narbonensi
979 3893 1063 3945 90.
1135 3896 1501 3960 Hispaniarum
1550 3896 1841 3961 provinciae
1894 3894 1989 3943 sub
2030 3895 2427 3958 imperatoribus
2474 3892 2581 3944 143.
2648 3894 2748 3952 (1110t

603 3976 834 4038 legiones
880 3977 1156 4027 habuerint
1209 3973 1322 4025 145.
1395 3990 1427 4023 a
1472 3976 1669 4027 Mauris
1716 3984 1931 4025 vexatae
1986 3974 2101 4026 145.
2177 3976 2461 4040 Hispaniae
2506 3975 2585 4023 ius
2624 3968 2747 4033 qua-10

603 4057 700 4107 sub
745 4057 986 4121 Augusto
1033 4057 1187 4107 fuerit
1235 4056 1352 4107 311.
1424 4073 1456 4106 a
1502 4058 1823 4122 Vespasiano
1878 4058 2059 4121 accipit
2106 4057 2441 4107 Latinitatem
2499 4051 2607 4103 309.
2652 4046 2742 4098 313.

604 4138 767 4186 multa
805 4139 996 4203 oppida
1033 4140 1234 4189 civitate
1273 4139 1461 4187 donata
1496 4138 1561 4188 ab
1596 4140 1923 4204 Vespasiano
1963 4136 2080 4189 314.
2150 4139 2427 4201 municipia
2455 4136 2624 4185 Flavia
2652 4127 2744 4181 315.

604 4218 796 4267 liberae
835 4220 1063 4269 civitates
1107 4229 1158 4270 et
1191 4218 1485 4269 foederatae
1524 4218 1641 4270 315.
1716 4222 1970 4285 Hispania
2006 4221 2087 4269 ius
2122 4221 2379 4270 honorum
2418 4218 2592 4283 accipit
2622 4211 2714 4263 340.

466 4298 723 4363 Hispania
759 4300 968 4349 Baetica
1020 4302 1084 4350 ab
1123 4302 1198 4351 M.
1241 4301 1458 4350 Aurelio
1508 4300 1630 4365 imp.
1685 4304 1750 4351 ad
1796 4316 1940 4351 suam
1986 4318 2159 4351 curam
2210 4302 2457 4352 translata
2508 4296 2612 4349 143.
2656 4291 2739 4345 145-

605 4380 669 4429 ab
705 4380 803 4431 Pio
835 4382 1138 4447 imperatore
1183 4381 1295 4432 150.
2699 4372 2703 4374 ’
