2917 5017
812 308 897 358 De
936 308 1198 359 dictatoris
1233 308 1473 361 Caesaris
1511 311 1813 361 honoribus.
2273 344 2290 369 .
2345 308 2470 375 217

178 469 414 533 tertium
457 467 755 537 Caesaris
798 469 1201 535 consulatum
1245 471 1634 555 pertineant,
1696 472 1974 559 primum
2033 473 2222 539 titulo
2285 484 2474 540 tenus

173 601 303 643 eum
354 600 495 644 esse
546 590 833 666 gestum,
894 578 1131 643 deinde
1189 577 1568 644 dictatorem
1607 579 1813 646 fuisse
1855 577 2202 648 Caesarem
2243 583 2471 649 eodem

173 696 433 771 tempore
488 710 617 773 quo
678 687 902 753 consul
960 687 1221 751 tertium
1274 687 1500 763 fuerit,
1565 697 1702 752 tum
1755 688 2138 755 dictaturam
2192 691 2368 757 illam
2411 691 2472 756 ei

170 816 295 859 esse
335 796 663 861 decretam
706 796 899 861 simul
942 818 1091 861 cum
1128 795 1490 872 consulatu,
1535 805 1670 861 tum
1707 797 1874 861 inter
1908 798 2168 863 tertium
2208 808 2272 863 et
2307 797 2474 865 inter

166 914 447 987 quartum
492 905 895 971 consulatum
936 905 1381 971 intercessisse
1420 903 1686 989 aliquod
1728 916 2004 992 tempus,
2047 928 2178 991 quo
2217 908 2474 973 comitia

164 1010 365 1077 haberi
409 1012 757 1089 deberent,
822 1013 937 1078 sed
984 1035 1113 1078 non
1152 1023 1371 1077 essent
1409 1012 1660 1089 habita,
1723 1014 2002 1099 denique
2045 1038 2194 1081 eum
2236 1016 2361 1082 sibi
2403 1016 2470 1081 in

164 1128 279 1184 tres
322 1142 581 1185 menses
636 1121 1051 1188 substituisse
1088 1121 1255 1186 duos
1294 1122 1615 1187 consules.
1706 1121 1844 1187 Nos
1885 1123 2148 1207 quidem
2191 1124 2472 1210 primum

162 1228 233 1291 de
286 1251 359 1292 eo
408 1231 589 1315 quod
642 1229 867 1294 ultimo
926 1229 1071 1295 loco
1118 1232 1760 1297 commemoravimus
1805 1231 2302 1317 disputabimus.
2391 1235 2470 1299 In

162 1348 275 1402 tres
312 1338 519 1425 igitur
556 1361 811 1403 menses
854 1337 1271 1405 substituisse
1319 1339 1443 1405 sibi
1483 1352 1780 1407 narratur
1821 1338 2067 1406 Caesar
2105 1341 2276 1407 duos
2319 1365 2472 1407 con-

160 1447 351 1523 sules3
408 1470 543 1531 quo
584 1447 729 1511 loco
768 1447 889 1511 etsi
932 1469 1061 1511 non
1100 1447 1514 1513 nominantur
1557 1447 1642 1530 Q.
1681 1449 1912 1513 Fufius
1959 1446 2243 1515 Calenus
2287 1460 2352 1514 et
2393 1449 2470 1515 P.

160 1554 476 1633 Vatinius,
522 1555 829 1640 quoniam
867 1556 969 1621 bis
1008 1554 1266 1621 omnino
1304 1556 1616 1641 quamdiu
1660 1555 1904 1624 Caesar
1945 1559 2271 1643 regnavit,
2315 1581 2470 1624 con·-

162 1663 319 1729 eules
374 1664 635 1731 suffecti
694 1677 877 1741 sunt,
934 1664 1093 1750 quin
1145 1664 1478 1743 dicantur,
1539 1666 1822 1732 dubitari
1877 1690 2006 1733 non
2061 1678 2292 1753 potest.
2381 1668 2472 1735 At

158 1771 521 1839 Macrobius
566 1771 829 1839 Saturn.
870 1774 972 1850 H,
1014 1774 1051 1839 3
1098 1774 1321 1859 paucis
1365 1772 1600 1839 diebus
1648 1786 1864 1841 narrat
1903 1777 2188 1861 gessisse
2235 1798 2471 1842 consu-

156 1880 341 1945 latum
382 1883 718 1949 Vatinium
770 1884 1079 1968 iocosque
1142 1882 1209 1945 in
1265 1904 1415 1945 eum
1463 1880 1798 1948 Ciceronis
1853 1884 2072 1961 affert,
2139 1885 2316 1968 quod
2361 1884 2472 1949 illo

158 1991 401 2056 consule
439 1991 717 2057 dixisset
758 2014 881 2057 nec
925 1990 1223 2056 brumam
1264 2013 1385 2056 nec
1422 2014 1540 2055 ver
1577 2014 1700 2056 nec
1739 2002 2048 2057 aestatem
2091 2015 2212 2059 nec
2243 2005 2473 2059 auctu-

156 2122 361 2163 mnum
397 2100 631 2176 fuisse,
664 2100 839 2177 item,
879 2122 1028 2165 cum
1066 2098 1149 2163 ad
1185 2099 1370 2165 illum
1398 2099 1468 2164 in
1497 2101 1836 2166 consulatu
1865 2123 1986 2166 suo
2013 2101 2233 2167 venire
2258 2103 2470 2180 vellet,

156 2221 325 2273 nocte
384 2232 531 2275 sese
590 2231 735 2274 esse
788 2208 1333 2294 comprehensem.
1432 2205 1644 2273 Cuius
1699 2210 2048 2276 auctoritas
2111 2210 2233 2275 etsi
2292 2211 2471 2277 nullo

156 2318 333 2382 modo
374 2328 555 2384 tanta
596 2328 695 2383 est
734 2327 975 2402 quanta
1020 2317 1337 2393 Suetonii,
1380 2318 1560 2401 quod
1603 2327 1814 2383 tamen
1854 2318 2034 2384 iocos
2075 2318 2224 2383 illos
2265 2318 2470 2395 affert,

152 2448 269 2489 non
314 2428 577 2493 videtur
622 2448 767 2491 esse
814 2424 1301 2491 contemnenda.
1384 2424 1614 2509 Neque
1655 2446 1758 2491 res
1808 2437 1920 2491 aut
1959 2425 2042 2508 Q.
2087 2422 2315 2491 Caleni
2359 2438 2472 2491 aut

152 2532 221 2597 P.
259 2534 503 2601 Vatinii
546 2546 677 2601 tam
718 2544 1018 2601 accurate
1062 2534 1385 2611 novimus,
1434 2542 1504 2598 ut
1551 2543 1808 2620 tempus
1855 2556 1985 2620 quo
2027 2546 2298 2619 uterque
2337 2532 2472 2599 Ro-

152 2663 279 2707 mae
314 2644 725 2710 consulatum
761 2643 1055 2729 gesserit,
1094 2642 1361 2707 definire
1400 2644 1750 2728 possimus.
1818 2643 1986 2708 Nam
2011 2644 2198 2709 illum
2227 2642 2470 2709 scimus

152 2760 387 2817 tantum
414 2751 735 2819 Graeciae
776 2763 841 2817 et
876 2762 1023 2817 ante
1062 2774 1349 2837 pugnam
1371 2750 1812 2816 Pharsalicam
1843 2760 1907 2815 et
1933 2760 2079 2835 post
2111 2774 2251 2816 eam
2285 2774 2470 2837 prae-

151 2860 343 2928 fuisse
386 2858 785 2943 (Comment.
822 2861 892 2924 H
933 2883 997 2945 p.
1040 2860 1227 2943 226),
1285 2860 1460 2925 unde
1505 2861 1768 2946 quando
1819 2859 1888 2923 in
1936 2858 2166 2924 urbem
2206 2859 2472 2923 redierit

150 2968 437 3054 ignotum
494 2982 624 3048 est;
707 2970 881 3035 hunc
942 2992 1161 3035 mense
1224 2966 1455 3033 Sextili
1519 2971 1670 3034 anni
1718 2969 1798 3035 48
1864 2966 2200 3033 Brundisii
2263 2967 2470 3033 fuisse

152 3090 355 3146 narrat
402 3077 651 3145 Caesar
692 3079 843 3144 bell.
890 3078 1014 3143 civ.
1050 3077 1190 3155 ΙΙΙ,
1240 3077 1358 3141 100
1377 3124 1394 3153 ,
1440 3076 1618 3141 unde
1663 3099 1812 3143 cum
1857 3076 2068 3142 hieme
2108 3076 2472 3160 insequenti

152 3189 227 3252 ad
264 3190 601 3275 Illyricum
644 3188 1161 3274 componendum
1204 3187 1532 3273 profectus
1577 3186 1693 3263 sit,
1739 3186 1996 3251 circiter
2034 3206 2254 3250 mense
2293 3184 2472 3249 Maio

152 3299 293 3362 anni
336 3299 417 3365 47
466 3298 533 3362 in
578 3297 811 3363 urbem
854 3296 1115 3362 videtur
1154 3295 1403 3361 redisse
1446 3295 1627 3382 (bell.
1668 3295 1860 3360 Alex.
1903 3294 1984 3361 43
2025 3297 2170 3379 sq.).
2231 3289 2472 3359 Caesa-

150 3426 277 3471 rem
328 3416 547 3473 autem
602 3406 817 3491 ipsum
862 3404 1133 3470 Romam
1189 3402 1534 3469 revertisse
1577 3404 1748 3471 circa
1785 3401 2134 3470 Octobrem
2185 3423 2472 3467 mensem

152 3516 293 3580 anni
333 3517 415 3582 47
476 3515 791 3581 discimus
846 3536 929 3579 ex
970 3510 1307 3577 Ciceronis
1356 3510 1648 3597 epistolis
1667 3559 1686 3589 ‚
1743 3512 1856 3597 qui
1901 3534 2050 3577 cum
2089 3511 2230 3597 ipse
2271 3510 2364 3575 ita
2405 3509 2474 3573 in

154 3622 395 3691 Italiam
446 3623 755 3699 redisset,
814 3633 887 3687 ut
936 3620 1271 3687 Brundisii
1319 3619 1620 3687 Caesaris
1675 3617 2027 3684 adventum
2087 3628 2471 3703 expectaret,

152 3730 287 3799 libr.
324 3732 523 3811 XIV,
578 3733 695 3808 22,
756 3752 923 3816 quae
974 3729 1247 3816 epistola
1294 3730 1447 3797 Kal.
1505 3724 1996 3815 Septembribus
2059 3726 2298 3811 scripta
2353 3736 2472 3805 est,

154 3841 483 3907 Brundisii
534 3863 605 3907 se
654 3838 1034 3905 commorari
1080 3838 1198 3915 ait,
1254 3850 1319 3903 at
1360 3838 1654 3905 eiusdem
1694 3837 1844 3903 libri
1889 3836 2076 3922 epist.
2115 3835 2198 3901 20
2239 3834 2476 3920 scripta

154 3948 293 4015 Kal.
336 3948 605 4016 Octobr.
648 3970 719 4013 se
756 3948 883 4011 iam
922 3946 991 4011 in
1027 3946 1367 4014 Venusino
1406 3970 1527 4013 suo
1563 3968 1708 4013 esse
1747 3954 1980 4011 narrat.
2055 3943 2234 4008 Hinc
2269 3942 2475 4029 igitur

162 4053 495 4125 Caesarem
569 4078 791 4123 mense
840 4052 1209 4141 Septembri
1257 4056 1610 4121 Tarentum
1671 4053 2040 4122 escendisse
2097 4074 2220 4117 nec
2271 4050 2474 4117 multo

160 4178 295 4250 post
339 4168 409 4233 in
448 4166 679 4233 urbem
717 4163 1093 4252 pervenisse
1132 4163 1470 4243 discimus,
1509 4166 1624 4231 ubi
1667 4186 1816 4230 cnm
1843 4160 2306 4248 rempublicam
2336 4158 2474 4224 sine

162 4276 529 4343 consulibus
588 4273 967 4360 reperisset,
1028 4274 1345 4361 imprimis
1401 4273 1528 4339 hoc
1585 4270 1956 4339 faciendum
2017 4278 2186 4345 erat,
2251 4276 2324 4331 ut
2389 4266 2473 4332 de

164 4386 495 4453 consulatu
532 4382 657 4450 sibi
692 4382 821 4469 ipsi
854 4382 1067 4451 oblato
1100 4382 1496 4449 decerneret.
1560 4381 1662 4447 Ita
1683 4380 1828 4468 ipsa
1850 4374 2241 4467 reipublicae
2265 4374 2474 4462 qualis
