<?xml version="1.0" encoding="UTF-8"?>
<!DOCTYPE html PUBLIC "-//W3C//DTD XHTML 1.0 Transitional//EN"
    "http://www.w3.org/TR/xhtml1/DTD/xhtml1-transitional.dtd">
<html xmlns="http://www.w3.org/1999/xhtml" xml:lang="en" lang="en">
 <head>
  <title>
</title>
<meta http-equiv="Content-Type" content="text/html;charset=utf-8" />
  <meta name='ocr-system' content='tesseract 3.04.00' />
  <meta name='ocr-capabilities' content='ocr_page ocr_carea ocr_par ocr_line ocrx_word'/>
</head>
<body>
  <div class='ocr_page' id='page_1' title='image "augustiwilhelmi01unkngoog_0049.png"; bbox 0 0 2917 5017; ppageno 0'>
   <div class='ocr_carea' id='block_1_1' title="bbox 524 366 2177 435">
    <p class='ocr_par' dir='ltr' id='par_1_1' title="bbox 524 366 2177 435">
     <span class='ocr_line' id='line_1_1' title="bbox 524 366 2177 435; baseline -0.001 -15"><span class='ocrx_word' id='word_1_1' title='bbox 524 366 605 432; x_wconf 78' lang='grc'><strong>34</strong></span> <span class='ocrx_word' id='word_1_2' title='bbox 1172 371 1255 419; x_wconf 86' lang='lat' dir='ltr'><strong>De</strong></span> <span class='ocrx_word' id='word_1_3' title='bbox 1294 368 1464 419; x_wconf 77' lang='lat' dir='ltr'><strong>Gallia</strong></span> <span class='ocrx_word' id='word_1_4' title='bbox 1497 370 1848 419; x_wconf 82' lang='lat' dir='ltr'><strong>Romanorum</strong></span> <span class='ocrx_word' id='word_1_5' title='bbox 1897 370 2177 435; x_wconf 83' lang='lat' dir='ltr'><strong>provincia.</strong></span> 
     </span>
    </p>
   </div>
   <div class='ocr_carea' id='block_1_2' title="bbox 514 522 2884 4497">
    <p class='ocr_par' dir='ltr' id='par_1_2' title="bbox 521 522 2884 2752">
     <span class='ocr_line' id='line_1_2' title="bbox 521 522 2883 619; baseline -0.005 -22"><span class='ocrx_word' id='word_1_6' title='bbox 521 534 685 619; x_wconf 85' lang='lat' dir='ltr'><strong>perii</strong></span> <span class='ocrx_word' id='word_1_7' title='bbox 727 532 1017 597; x_wconf 90' lang='lat' dir='ltr'><strong>homines</strong></span> <span class='ocrx_word' id='word_1_8' title='bbox 1062 530 1381 617; x_wconf 88' lang='lat' dir='ltr'><strong>ingenuos</strong></span> <span class='ocrx_word' id='word_1_9' title='bbox 1423 530 1492 592; x_wconf 90' lang='lat' dir='ltr'><strong>in</strong></span> <span class='ocrx_word' id='word_1_10' title='bbox 1534 528 1857 594; x_wconf 87' lang='lat' dir='ltr'><strong>civitatem</strong></span> <span class='ocrx_word' id='word_1_11' title='bbox 1881 529 2303 614; x_wconf 86' lang='lat' dir='ltr'><strong>receperunt?</strong></span> <span class='ocrx_word' id='word_1_12' title='bbox 2358 526 2662 610; x_wconf 90' lang='lat' dir='ltr'><strong>Denique</strong></span> <span class='ocrx_word' id='word_1_13' title='bbox 2701 522 2883 589; x_wconf 76' lang='lat' dir='ltr'><strong>sunt?</strong></span> 
     </span>
     <span class='ocr_line' id='line_1_3' title="bbox 522 634 2883 726; baseline -0.004 -21"><span class='ocrx_word' id='word_1_14' title='bbox 522 641 838 726; x_wconf 81' lang='lat' dir='ltr'><strong>quaedam</strong></span> <span class='ocrx_word' id='word_1_15' title='bbox 864 650 1045 705; x_wconf 87' lang='lat' dir='ltr'><strong>extra</strong></span> <span class='ocrx_word' id='word_1_16' title='bbox 1063 638 1315 706; x_wconf 88' lang='lat' dir='ltr'><strong>Italiam</strong></span> <span class='ocrx_word' id='word_1_17' title='bbox 1354 637 1668 714; x_wconf 71' lang='lat' dir='ltr'>civitatee,</span> <span class='ocrx_word' id='word_1_18' title='bbox 1709 660 1868 721; x_wconf 89' lang='lat' dir='ltr'><strong>quas</strong></span> <span class='ocrx_word' id='word_1_19' title='bbox 1902 648 1966 702; x_wconf 93' lang='lat' dir='ltr'><strong>et</strong></span> <span class='ocrx_word' id='word_1_20' title='bbox 2007 647 2152 701; x_wconf 89' lang='lat' dir='ltr'><strong>ante</strong></span> <span class='ocrx_word' id='word_1_21' title='bbox 2183 637 2392 722; x_wconf 84' lang='lat' dir='ltr'><strong>legem</strong></span> <span class='ocrx_word' id='word_1_22' title='bbox 2416 635 2654 700; x_wconf 90' lang='lat' dir='ltr'><strong>Iuliam</strong></span> <span class='ocrx_word' id='word_1_23' title='bbox 2687 634 2883 721; x_wconf 63' lang='lat' dir='ltr'><strong>civi-3</strong></span> 
     </span>
     <span class='ocr_line' id='line_1_4' title="bbox 522 742 2868 829; baseline -0.003 -19"><span class='ocrx_word' id='word_1_24' title='bbox 522 758 651 811; x_wconf 86' lang='lat' dir='ltr'><strong>tate</strong></span> <span class='ocrx_word' id='word_1_25' title='bbox 694 772 851 814; x_wconf 83' lang='lat' dir='ltr'><strong>usas</strong></span> <span class='ocrx_word' id='word_1_26' title='bbox 892 770 1035 813; x_wconf 91' lang='lat' dir='ltr'><strong>esse</strong></span> <span class='ocrx_word' id='word_1_27' title='bbox 1082 756 1331 811; x_wconf 90' lang='lat' dir='ltr'><strong>constet</strong></span> <span class='ocrx_word' id='word_1_28' title='bbox 1398 756 1464 809; x_wconf 91' lang='lat' dir='ltr'><strong>et</strong></span> <span class='ocrx_word' id='word_1_29' title='bbox 1507 754 1655 829; x_wconf 89' lang='lat' dir='ltr'><strong>post</strong></span> <span class='ocrx_word' id='word_1_30' title='bbox 1699 766 1873 821; x_wconf 91' lang='lat' dir='ltr'><strong>eam,</strong></span> <span class='ocrx_word' id='word_1_31' title='bbox 1935 768 2098 829; x_wconf 92' lang='lat' dir='ltr'><strong>quae</strong></span> <span class='ocrx_word' id='word_1_32' title='bbox 2155 769 2192 809; x_wconf 98' lang='lat' dir='ltr'><strong>a</strong></span> <span class='ocrx_word' id='word_1_33' title='bbox 2236 744 2392 809; x_wconf 88' lang='lat' dir='ltr'><strong>viris</strong></span> <span class='ocrx_word' id='word_1_34' title='bbox 2443 742 2656 807; x_wconf 89' lang='lat' dir='ltr'><strong>doctis</strong></span> <span class='ocrx_word' id='word_1_35' title='bbox 2725 764 2868 805; x_wconf 91' lang='lat' dir='ltr'><strong>non</strong></span> 
     </span>
     <span class='ocr_line' id='line_1_5' title="bbox 524 848 2866 942; baseline -0.003 -23"><span class='ocrx_word' id='word_1_36' title='bbox 524 855 889 921; x_wconf 87' lang='lat' dir='ltr'><strong>debuerunt</strong></span> <span class='ocrx_word' id='word_1_37' title='bbox 929 856 1195 942; x_wconf 86' lang='lat' dir='ltr'><strong>negligi.</strong></span> <span class='ocrx_word' id='word_1_38' title='bbox 1260 855 1337 919; x_wconf 90' lang='lat' dir='ltr'><strong>In</strong></span> <span class='ocrx_word' id='word_1_39' title='bbox 1360 853 1680 937; x_wconf 75' lang='lat' dir='ltr'><strong>Hispania</strong></span> <span class='ocrx_word' id='word_1_40' title='bbox 1723 852 1893 917; x_wconf 90' lang='lat' dir='ltr'><strong>enim</strong></span> <span class='ocrx_word' id='word_1_41' title='bbox 1940 853 2186 917; x_wconf 88' lang='lat' dir='ltr'><strong>colonia</strong></span> <span class='ocrx_word' id='word_1_42' title='bbox 2227 862 2362 916; x_wconf 90' lang='lat' dir='ltr'><strong>erat</strong></span> <span class='ocrx_word' id='word_1_43' title='bbox 2390 848 2652 915; x_wconf 85' lang='lat' dir='ltr'><strong>Carteia</strong></span> <span class='ocrx_word' id='word_1_44' title='bbox 2695 872 2866 913; x_wconf 88' lang='lat' dir='ltr'><strong>con-</strong></span> 
     </span>
     <span class='ocr_line' id='line_1_6' title="bbox 525 958 2866 1047; baseline -0.003 -20"><span class='ocrx_word' id='word_1_45' title='bbox 525 963 661 1027; x_wconf 88' lang='lat' dir='ltr'><strong>dita</strong></span> <span class='ocrx_word' id='word_1_46' title='bbox 699 987 866 1028; x_wconf 91' lang='lat' dir='ltr'><strong>anno</strong></span> <span class='ocrx_word' id='word_1_47' title='bbox 920 965 1033 1029; x_wconf 88' lang='grc'><strong>171</strong></span> <span class='ocrx_word' id='word_1_48' title='bbox 1086 962 1264 1047; x_wconf 84' lang='lat' dir='ltr'><strong>(Liv.</strong></span> <span class='ocrx_word' id='word_1_49' title='bbox 1306 961 1580 1036; x_wconf 86' lang='lat' dir='ltr'><strong>XLIII,</strong></span> <span class='ocrx_word' id='word_1_50' title='bbox 1628 960 1696 1043; x_wconf 86' lang='lat'><strong>3)</strong></span> <span class='ocrx_word' id='word_1_51' title='bbox 1739 959 1960 1025; x_wconf 89' lang='lat' dir='ltr'><strong>Latini</strong></span> <span class='ocrx_word' id='word_1_52' title='bbox 2003 960 2198 1024; x_wconf 85' lang='lat' dir='ltr'><strong>iuris:</strong></span> <span class='ocrx_word' id='word_1_53' title='bbox 2259 981 2400 1023; x_wconf 90' lang='lat' dir='ltr'><strong>eam</strong></span> <span class='ocrx_word' id='word_1_54' title='bbox 2443 980 2658 1023; x_wconf 88' lang='lat' dir='ltr'><strong>nonne</strong></span> <span class='ocrx_word' id='word_1_55' title='bbox 2705 958 2866 1042; x_wconf 86' lang='lat' dir='ltr'><strong>lege</strong></span> 
     </span>
     <span class='ocr_line' id='line_1_7' title="bbox 521 1065 2868 1153; baseline -0.003 -18"><span class='ocrx_word' id='word_1_56' title='bbox 521 1070 691 1136; x_wconf 88' lang='lat' dir='ltr'><strong>Iulia</strong></span> <span class='ocrx_word' id='word_1_57' title='bbox 732 1094 857 1135; x_wconf 91' lang='lat' dir='ltr'><strong>non</strong></span> <span class='ocrx_word' id='word_1_58' title='bbox 906 1071 1123 1135; x_wconf 90' lang='lat' dir='ltr'><strong>minus</strong></span> <span class='ocrx_word' id='word_1_59' title='bbox 1175 1092 1367 1153; x_wconf 90' lang='lat' dir='ltr'><strong>quam</strong></span> <span class='ocrx_word' id='word_1_60' title='bbox 1406 1068 1674 1132; x_wconf 88' lang='lat' dir='ltr'><strong>Latinas</strong></span> <span class='ocrx_word' id='word_1_61' title='bbox 1713 1068 1940 1133; x_wconf 89' lang='lat' dir='ltr'><strong>Italiae</strong></span> <span class='ocrx_word' id='word_1_62' title='bbox 1985 1068 2269 1133; x_wconf 92' lang='lat' dir='ltr'><strong>colonias</strong></span> <span class='ocrx_word' id='word_1_63' title='bbox 2313 1067 2382 1131; x_wconf 90' lang='lat' dir='ltr'><strong>in</strong></span> <span class='ocrx_word' id='word_1_64' title='bbox 2427 1065 2868 1150; x_wconf 90' lang='lat' dir='ltr'><strong>municipium</strong></span> 
     </span>
     <span class='ocr_line' id='line_1_8' title="bbox 524 1175 2883 1264; baseline -0.003 -21"><span class='ocrx_word' id='word_1_65' title='bbox 524 1178 756 1244; x_wconf 90' lang='lat' dir='ltr'><strong>mutari</strong></span> <span class='ocrx_word' id='word_1_66' title='bbox 823 1178 1151 1264; x_wconf 84' lang='lat' dir='ltr'><strong>oportuit?</strong></span> <span class='ocrx_word' id='word_1_67' title='bbox 1228 1176 1321 1241; x_wconf 90' lang='lat' dir='ltr'><strong>At</strong></span> <span class='ocrx_word' id='word_1_68' title='bbox 1374 1176 1629 1241; x_wconf 87' lang='lat' dir='ltr'><strong>Plinius</strong></span> <span class='ocrx_word' id='word_1_69' title='bbox 1685 1187 1815 1240; x_wconf 90' lang='lat' dir='ltr'><strong>nat.</strong></span> <span class='ocrx_word' id='word_1_70' title='bbox 1871 1175 2021 1241; x_wconf 87' lang='lat' dir='ltr'><strong>hist.</strong></span> <span class='ocrx_word' id='word_1_71' title='bbox 2076 1176 2218 1252; x_wconf 89' lang='lat' dir='ltr'><strong>HI,</strong></span> <span class='ocrx_word' id='word_1_72' title='bbox 2273 1175 2308 1239; x_wconf 83' lang='lat'>3</span> <span class='ocrx_word' id='word_1_73' title='bbox 2331 1221 2348 1251; x_wconf 95' lang='lat'><strong>,</strong></span> <span class='ocrx_word' id='word_1_74' title='bbox 2415 1195 2562 1237; x_wconf 91' lang='lat' dir='ltr'><strong>cum</strong></span> <span class='ocrx_word' id='word_1_75' title='bbox 2622 1192 2883 1237; x_wconf 83' lang='lat' dir='ltr'><strong>omnes</strong></span> 
     </span>
     <span class='ocr_line' id='line_1_9' title="bbox 524 1280 2870 1370; baseline -0.004 -18"><span class='ocrx_word' id='word_1_76' title='bbox 524 1287 806 1352; x_wconf 89' lang='lat' dir='ltr'><strong>colonias</strong></span> <span class='ocrx_word' id='word_1_77' title='bbox 851 1296 915 1351; x_wconf 91' lang='lat' dir='ltr'><strong>et</strong></span> <span class='ocrx_word' id='word_1_78' title='bbox 959 1284 1307 1370; x_wconf 89' lang='lat' dir='ltr'><strong>municipia</strong></span> <span class='ocrx_word' id='word_1_79' title='bbox 1350 1284 1656 1360; x_wconf 89' lang='lat' dir='ltr'><strong>nominet,</strong></span> <span class='ocrx_word' id='word_1_80' title='bbox 1701 1284 1853 1368; x_wconf 90' lang='lat' dir='ltr'><strong>quia</strong></span> <span class='ocrx_word' id='word_1_81' title='bbox 1897 1280 2220 1348; x_wconf 82' lang='lat' dir='ltr'><strong>Carteiam</strong></span> <span class='ocrx_word' id='word_1_82' title='bbox 2265 1305 2390 1345; x_wconf 89' lang='lat' dir='ltr'><strong>non</strong></span> <span class='ocrx_word' id='word_1_83' title='bbox 2431 1280 2752 1355; x_wconf 87' lang='lat' dir='ltr'><strong>nominat,</strong></span> <span class='ocrx_word' id='word_1_84' title='bbox 2803 1282 2870 1343; x_wconf 90' lang='lat' dir='ltr'><strong>in</strong></span> 
     </span>
     <span class='ocr_line' id='line_1_10' title="bbox 523 1388 2868 1475; baseline -0.003 -18"><span class='ocrx_word' id='word_1_85' title='bbox 523 1404 739 1459; x_wconf 85' lang='lat' dir='ltr'><strong>vetere</strong></span> <span class='ocrx_word' id='word_1_86' title='bbox 798 1416 939 1459; x_wconf 90' lang='lat' dir='ltr'><strong>eam</strong></span> <span class='ocrx_word' id='word_1_87' title='bbox 996 1394 1135 1457; x_wconf 88' lang='lat' dir='ltr'><strong>iure</strong></span> <span class='ocrx_word' id='word_1_88' title='bbox 1194 1392 1508 1457; x_wconf 86' lang='lat' dir='ltr'><strong>mansisse</strong></span> <span class='ocrx_word' id='word_1_89' title='bbox 1571 1392 1745 1457; x_wconf 88' lang='lat' dir='ltr'><strong>haud</strong></span> <span class='ocrx_word' id='word_1_90' title='bbox 1810 1392 2005 1456; x_wconf 89' lang='lat' dir='ltr'><strong>dubie</strong></span> <span class='ocrx_word' id='word_1_91' title='bbox 2077 1390 2416 1475; x_wconf 80' lang='lat' dir='ltr'><strong>significat..</strong></span> <span class='ocrx_word' id='word_1_92' title='bbox 2529 1388 2868 1453; x_wconf 87' lang='lat' dir='ltr'><strong>Eiusdem</strong></span> 
     </span>
     <span class='ocr_line' id='line_1_11' title="bbox 524 1497 2883 1585; baseline -0.002 -20"><span class='ocrx_word' id='word_1_93' title='bbox 524 1502 783 1585; x_wconf 86' lang='lat' dir='ltr'><strong>generis</strong></span> <span class='ocrx_word' id='word_1_94' title='bbox 820 1524 994 1565; x_wconf 91' lang='lat' dir='ltr'><strong>nunc</strong></span> <span class='ocrx_word' id='word_1_95' title='bbox 1032 1501 1249 1565; x_wconf 85' lang='lat' dir='ltr'><strong>iudico</strong></span> <span class='ocrx_word' id='word_1_96' title='bbox 1304 1500 1510 1564; x_wconf 86' lang='lat' dir='ltr'><strong>fuisse</strong></span> <span class='ocrx_word' id='word_1_97' title='bbox 1556 1499 1782 1583; x_wconf 80' lang='lat' dir='ltr'>Aquas</span> <span class='ocrx_word' id='word_1_98' title='bbox 1827 1498 2084 1563; x_wconf 85' lang='lat' dir='ltr'><strong>Sextias</strong></span> <span class='ocrx_word' id='word_1_99' title='bbox 2145 1520 2312 1562; x_wconf 89' lang='lat' dir='ltr'><strong>anno</strong></span> <span class='ocrx_word' id='word_1_100' title='bbox 2365 1498 2484 1563; x_wconf 82' lang='lat'><strong>123</strong></span> <span class='ocrx_word' id='word_1_101' title='bbox 2535 1497 2883 1577; x_wconf 78' lang='lat' dir='ltr'><strong>conditas‚3</strong></span> 
     </span>
     <span class='ocr_line' id='line_1_12' title="bbox 528 1604 2868 1693; baseline -0.002 -21"><span class='ocrx_word' id='word_1_102' title='bbox 528 1609 610 1672; x_wconf 93' lang='lat' dir='ltr'><strong>de</strong></span> <span class='ocrx_word' id='word_1_103' title='bbox 668 1608 903 1693; x_wconf 89' lang='lat' dir='ltr'><strong>quibus</strong></span> <span class='ocrx_word' id='word_1_104' title='bbox 952 1609 1103 1673; x_wconf 92' lang='lat' dir='ltr'><strong>olim</strong></span> <span class='ocrx_word' id='word_1_105' title='bbox 1158 1609 1227 1673; x_wconf 90' lang='lat' dir='ltr'><strong>in</strong></span> <span class='ocrx_word' id='word_1_106' title='bbox 1274 1606 1638 1673; x_wconf 90' lang='lat' dir='ltr'><strong>Comment.</strong></span> <span class='ocrx_word' id='word_1_107' title='bbox 1693 1607 2022 1693; x_wconf 83' lang='lat' dir='ltr'><strong>epigraph.</strong></span> <span class='ocrx_word' id='word_1_108' title='bbox 2065 1607 2210 1672; x_wconf 92' lang='lat' dir='ltr'><strong>Vol.</strong></span> <span class='ocrx_word' id='word_1_109' title='bbox 2261 1607 2296 1670; x_wconf 94' lang='grc' dir='ltr'>Ι</span> <span class='ocrx_word' id='word_1_110' title='bbox 2333 1630 2396 1691; x_wconf 88' lang='lat' dir='ltr'><strong>p.</strong></span> <span class='ocrx_word' id='word_1_111' title='bbox 2448 1604 2570 1669; x_wconf 73' lang='lat'><strong>412</strong></span> <span class='ocrx_word' id='word_1_112' title='bbox 2615 1604 2750 1669; x_wconf 87' lang='lat' dir='ltr'><strong>hac</strong></span> <span class='ocrx_word' id='word_1_113' title='bbox 2801 1628 2868 1668; x_wconf 86' lang='lat' dir='ltr'><strong>re</strong></span> 
     </span>
     <span class='ocr_line' id='line_1_13' title="bbox 527 1712 2884 1809; baseline -0.001 -30"><span class='ocrx_word' id='word_1_114' title='bbox 527 1716 815 1780; x_wconf 88' lang='lat' dir='ltr'><strong>nondum</strong></span> <span class='ocrx_word' id='word_1_115' title='bbox 854 1728 1187 1803; x_wconf 88' lang='lat' dir='ltr'><strong>perspecta</strong></span> <span class='ocrx_word' id='word_1_116' title='bbox 1221 1718 1435 1782; x_wconf 87' lang='lat' dir='ltr'><strong>minus</strong></span> <span class='ocrx_word' id='word_1_117' title='bbox 1468 1726 1640 1782; x_wconf 90' lang='lat' dir='ltr'><strong>recte</strong></span> <span class='ocrx_word' id='word_1_118' title='bbox 1689 1727 2056 1792; x_wconf 79' lang='lat' dir='ltr'>statueram,</span> <span class='ocrx_word' id='word_1_119' title='bbox 2095 1736 2365 1799; x_wconf 88' lang='lat' dir='ltr'><strong>quarum</strong></span> <span class='ocrx_word' id='word_1_120' title='bbox 2411 1713 2660 1777; x_wconf 90' lang='lat' dir='ltr'><strong>colonis</strong></span> <span class='ocrx_word' id='word_1_121' title='bbox 2705 1712 2884 1809; x_wconf 50' lang='lat' dir='ltr'><strong>data4⁴</strong></span> 
     </span>
     <span class='ocr_line' id='line_1_14' title="bbox 524 1816 2883 1911; baseline -0.001 -24"><span class='ocrx_word' id='word_1_122' title='bbox 524 1834 625 1888; x_wconf 91' lang='lat' dir='ltr'><strong>est</strong></span> <span class='ocrx_word' id='word_1_123' title='bbox 681 1816 1034 1901; x_wconf 75' lang='lat' dir='ltr'><strong>Latinitas,</strong></span> <span class='ocrx_word' id='word_1_124' title='bbox 1101 1826 1167 1888; x_wconf 91' lang='lat' dir='ltr'><strong>in</strong></span> <span class='ocrx_word' id='word_1_125' title='bbox 1224 1848 1351 1909; x_wconf 89' lang='lat' dir='ltr'><strong>qua</strong></span> <span class='ocrx_word' id='word_1_126' title='bbox 1418 1847 1529 1889; x_wconf 90' lang='lat' dir='ltr'><strong>eos</strong></span> <span class='ocrx_word' id='word_1_127' title='bbox 1599 1825 1713 1888; x_wconf 87' lang='lat' dir='ltr'><strong>diu</strong></span> <span class='ocrx_word' id='word_1_128' title='bbox 1773 1823 2088 1888; x_wconf 89' lang='lat' dir='ltr'><strong>mansisse</strong></span> <span class='ocrx_word' id='word_1_129' title='bbox 2159 1822 2440 1887; x_wconf 79' lang='lat' dir='ltr'><strong>ostendit</strong></span> <span class='ocrx_word' id='word_1_130' title='bbox 2493 1820 2664 1885; x_wconf 86' lang='lat' dir='ltr'><strong>Plin.</strong></span> <span class='ocrx_word' id='word_1_131' title='bbox 2729 1834 2883 1911; x_wconf 46' lang='lat' dir='ltr'><strong>nat„</strong></span> 
     </span>
     <span class='ocr_line' id='line_1_15' title="bbox 524 1912 2883 2019; baseline -0 -25"><span class='ocrx_word' id='word_1_132' title='bbox 524 1930 673 1995; x_wconf 89' lang='lat' dir='ltr'><strong>hist.</strong></span> <span class='ocrx_word' id='word_1_133' title='bbox 716 1932 853 2008; x_wconf 87' lang='grc' dir='ltr'><strong>ΙΠ,</strong></span> <span class='ocrx_word' id='word_1_134' title='bbox 898 1934 935 1997; x_wconf 87' lang='grc'>4</span> <span class='ocrx_word' id='word_1_135' title='bbox 980 1933 1049 1997; x_wconf 91' lang='lat' dir='ltr'><strong>in</strong></span> <span class='ocrx_word' id='word_1_136' title='bbox 1093 1934 1348 1997; x_wconf 87' lang='lat' dir='ltr'><strong>Latinis</strong></span> <span class='ocrx_word' id='word_1_137' title='bbox 1384 1933 1642 2018; x_wconf 87' lang='lat' dir='ltr'><strong>oppidis</strong></span> <span class='ocrx_word' id='word_1_138' title='bbox 1694 1954 2057 1997; x_wconf 79' lang='lat' dir='ltr'><strong>recensens.</strong></span> <span class='ocrx_word' id='word_1_139' title='bbox 2149 1930 2584 2013; x_wconf 85' lang='lat' dir='ltr'><strong>Similiterque</strong></span> <span class='ocrx_word' id='word_1_140' title='bbox 2627 1912 2883 2019; x_wconf 49' lang='lat' dir='ltr'><strong>existi-i</strong></span> 
     </span>
     <span class='ocr_line' id='line_1_16' title="bbox 526 2037 2870 2125; baseline 0.001 -23"><span class='ocrx_word' id='word_1_141' title='bbox 526 2037 835 2103; x_wconf 87' lang='lat' dir='ltr'><strong>mandum</strong></span> <span class='ocrx_word' id='word_1_142' title='bbox 878 2042 1001 2104; x_wconf 87' lang='lat' dir='ltr'><strong>erit</strong></span> <span class='ocrx_word' id='word_1_143' title='bbox 1041 2041 1123 2105; x_wconf 90' lang='lat' dir='ltr'><strong>de</strong></span> <span class='ocrx_word' id='word_1_144' title='bbox 1166 2041 1458 2125; x_wconf 83' lang='lat' dir='ltr'><strong>Hispali,</strong></span> <span class='ocrx_word' id='word_1_145' title='bbox 1517 2063 1680 2124; x_wconf 89' lang='lat' dir='ltr'><strong>quae</strong></span> <span class='ocrx_word' id='word_1_146' title='bbox 1736 2061 1883 2104; x_wconf 91' lang='lat' dir='ltr'><strong>cum</strong></span> <span class='ocrx_word' id='word_1_147' title='bbox 1931 2038 2268 2103; x_wconf 83' lang='lat' dir='ltr'><strong>aedificata</strong></span> <span class='ocrx_word' id='word_1_148' title='bbox 2314 2048 2488 2102; x_wconf 89' lang='lat' dir='ltr'><strong>esset</strong></span> <span class='ocrx_word' id='word_1_149' title='bbox 2525 2038 2634 2103; x_wconf 90' lang='lat' dir='ltr'><strong>illo</strong></span> <span class='ocrx_word' id='word_1_150' title='bbox 2684 2050 2870 2104; x_wconf 85' lang='lat' dir='ltr'><strong>tem-</strong></span> 
     </span>
     <span class='ocr_line' id='line_1_17' title="bbox 527 2134 2883 2232; baseline 0.001 -21"><span class='ocrx_word' id='word_1_151' title='bbox 527 2169 700 2231; x_wconf 91' lang='lat' dir='ltr'><strong>pore,</strong></span> <span class='ocrx_word' id='word_1_152' title='bbox 748 2170 875 2231; x_wconf 91' lang='lat' dir='ltr'><strong>quo</strong></span> <span class='ocrx_word' id='word_1_153' title='bbox 919 2148 1239 2231; x_wconf 89' lang='lat' dir='ltr'><strong>Hispania</strong></span> <span class='ocrx_word' id='word_1_154' title='bbox 1278 2148 1346 2212; x_wconf 90' lang='lat' dir='ltr'><strong>in</strong></span> <span class='ocrx_word' id='word_1_155' title='bbox 1387 2148 1707 2213; x_wconf 81' lang='lat' dir='ltr'><strong>dicionem</strong></span> <span class='ocrx_word' id='word_1_156' title='bbox 1751 2146 2204 2230; x_wconf 84' lang='lat' dir='ltr'><strong>redigebatur,</strong></span> <span class='ocrx_word' id='word_1_157' title='bbox 2261 2158 2488 2232; x_wconf 86' lang='lat' dir='ltr'><strong>postea</strong></span> <span class='ocrx_word' id='word_1_158' title='bbox 2523 2159 2718 2212; x_wconf 86' lang='lat' dir='ltr'><strong>aucta</strong></span> <span class='ocrx_word' id='word_1_159' title='bbox 2767 2134 2883 2221; x_wconf 66' lang='lat' dir='ltr'><strong>est}</strong></span> 
     </span>
     <span class='ocr_line' id='line_1_18' title="bbox 524 2252 2883 2351; baseline 0.002 -35"><span class='ocrx_word' id='word_1_160' title='bbox 524 2252 855 2319; x_wconf 88' lang='lat' dir='ltr'><strong>dictatoris</strong></span> <span class='ocrx_word' id='word_1_161' title='bbox 904 2252 1204 2320; x_wconf 85' lang='lat' dir='ltr'><strong>Caesaris</strong></span> <span class='ocrx_word' id='word_1_162' title='bbox 1250 2257 1588 2332; x_wconf 87' lang='lat' dir='ltr'><strong>veteranis,</strong></span> <span class='ocrx_word' id='word_1_163' title='bbox 1626 2256 1738 2339; x_wconf 90' lang='lat' dir='ltr'><strong>qui</strong></span> <span class='ocrx_word' id='word_1_164' title='bbox 1777 2277 1923 2319; x_wconf 91' lang='lat' dir='ltr'><strong>cum</strong></span> <span class='ocrx_word' id='word_1_165' title='bbox 1970 2254 2416 2329; x_wconf 81' lang='lat' dir='ltr'><strong>accessissent,</strong></span> <span class='ocrx_word' id='word_1_166' title='bbox 2461 2254 2628 2319; x_wconf 90' lang='lat' dir='ltr'><strong>duae</strong></span> <span class='ocrx_word' id='word_1_167' title='bbox 2669 2258 2883 2351; x_wconf 21' lang='lat' dir='ltr'><strong>urbis}</strong></span> 
     </span>
     <span class='ocr_line' id='line_1_19' title="bbox 524 2361 2868 2448; baseline 0 -21"><span class='ocrx_word' id='word_1_168' title='bbox 524 2372 737 2445; x_wconf 87' lang='lat' dir='ltr'><strong>partes</strong></span> <span class='ocrx_word' id='word_1_169' title='bbox 780 2376 992 2440; x_wconf 88' lang='lat' dir='ltr'><strong>erant,</strong></span> <span class='ocrx_word' id='word_1_170' title='bbox 1048 2386 1323 2448; x_wconf 89' lang='lat' dir='ltr'><strong>quarum</strong></span> <span class='ocrx_word' id='word_1_171' title='bbox 1377 2386 1510 2428; x_wconf 88' lang='lat' dir='ltr'><strong>una</strong></span> <span class='ocrx_word' id='word_1_172' title='bbox 1565 2363 1918 2447; x_wconf 79' lang='lat' dir='ltr'><strong>antiquitus</strong></span> <span class='ocrx_word' id='word_1_173' title='bbox 1963 2361 2151 2427; x_wconf 90' lang='lat' dir='ltr'><strong>Latio</strong></span> <span class='ocrx_word' id='word_1_174' title='bbox 2191 2362 2427 2427; x_wconf 83' lang='lat' dir='ltr'><strong>donata</strong></span> <span class='ocrx_word' id='word_1_175' title='bbox 2468 2364 2535 2426; x_wconf 91' lang='lat' dir='ltr'><strong>in</strong></span> <span class='ocrx_word' id='word_1_176' title='bbox 2576 2387 2654 2428; x_wconf 91' lang='lat' dir='ltr'><strong>ea</strong></span> <span class='ocrx_word' id='word_1_177' title='bbox 2699 2387 2868 2428; x_wconf 89' lang='lat' dir='ltr'><strong>con-</strong></span> 
     </span>
     <span class='ocr_line' id='line_1_20' title="bbox 524 2458 2883 2558; baseline 0.001 -25"><span class='ocrx_word' id='word_1_178' title='bbox 524 2470 777 2536; x_wconf 88' lang='lat' dir='ltr'><strong>dicione</strong></span> <span class='ocrx_word' id='word_1_179' title='bbox 831 2473 1024 2537; x_wconf 88' lang='lat' dir='ltr'><strong>etiam</strong></span> <span class='ocrx_word' id='word_1_180' title='bbox 1074 2483 1219 2558; x_wconf 87' lang='lat' dir='ltr'><strong>post</strong></span> <span class='ocrx_word' id='word_1_181' title='bbox 1284 2495 1517 2536; x_wconf 84' lang='lat' dir='ltr'><strong>novam</strong></span> <span class='ocrx_word' id='word_1_182' title='bbox 1583 2471 1898 2535; x_wconf 88' lang='lat' dir='ltr'><strong>coloniam</strong></span> <span class='ocrx_word' id='word_1_183' title='bbox 1961 2470 2278 2535; x_wconf 87' lang='lat' dir='ltr'><strong>adiectam</strong></span> <span class='ocrx_word' id='word_1_184' title='bbox 2336 2458 2589 2535; x_wconf 86' lang='lat' dir='ltr'><strong>mansit.</strong></span> <span class='ocrx_word' id='word_1_185' title='bbox 2685 2471 2883 2536; x_wconf 92' lang='lat' dir='ltr'><strong>Vide&#39;</strong></span> 
     </span>
     <span class='ocr_line' id='line_1_21' title="bbox 526 2573 2871 2709; baseline 0.001 -68"><span class='ocrx_word' id='word_1_186' title='bbox 526 2573 887 2644; x_wconf 89' lang='lat' dir='ltr'><strong>Comment.</strong></span> <span class='ocrx_word' id='word_1_187' title='bbox 928 2580 1333 2666; x_wconf 86' lang='lat' dir='ltr'><strong>epigraph.1</strong></span> <span class='ocrx_word' id='word_1_188' title='bbox 1379 2604 1439 2665; x_wconf 92' lang='lat' dir='ltr'><strong>p.</strong></span> <span class='ocrx_word' id='word_1_189' title='bbox 1477 2580 1600 2645; x_wconf 84' lang='lat'><strong>310</strong></span> <span class='ocrx_word' id='word_1_190' title='bbox 1645 2590 1708 2643; x_wconf 90' lang='lat' dir='ltr'><strong>et</strong></span> <span class='ocrx_word' id='word_1_191' title='bbox 1735 2579 1878 2655; x_wconf 77' lang='lat'><strong>365,</strong></span> <span class='ocrx_word' id='word_1_192' title='bbox 1924 2578 2038 2642; x_wconf 91' lang='lat' dir='ltr'><strong>ubi</strong></span> <span class='ocrx_word' id='word_1_193' title='bbox 2085 2578 2167 2642; x_wconf 97' lang='lat' dir='ltr'><strong>de</strong></span> <span class='ocrx_word' id='word_1_194' title='bbox 2208 2575 2516 2643; x_wconf 88' lang='lat' dir='ltr'><strong>Corduba</strong></span> <span class='ocrx_word' id='word_1_195' title='bbox 2559 2579 2871 2709; x_wconf 82' lang='lat' dir='ltr'><strong>similiter</strong></span> 
     </span>
     <span class='ocr_line' id='line_1_22' title="bbox 524 2686 1215 2752; baseline 0.004 -3"><span class='ocrx_word' id='word_1_196' title='bbox 524 2686 873 2751; x_wconf 89' lang='lat' dir='ltr'><strong>constituta</strong></span> <span class='ocrx_word' id='word_1_197' title='bbox 909 2687 1215 2752; x_wconf 84' lang='lat' dir='ltr'><strong>diximus.</strong></span> 
     </span>
    </p>

    <p class='ocr_par' dir='ltr' id='par_1_3' title="bbox 514 2793 2867 4497">
     <span class='ocr_line' id='line_1_23' title="bbox 692 2793 2858 2881; baseline 0.001 -22"><span class='ocrx_word' id='word_1_198' title='bbox 692 2794 881 2876; x_wconf 80' lang='lat' dir='ltr'><strong>Quae</strong></span> <span class='ocrx_word' id='word_1_199' title='bbox 920 2817 1065 2860; x_wconf 92' lang='lat' dir='ltr'><strong>cum</strong></span> <span class='ocrx_word' id='word_1_200' title='bbox 1104 2795 1195 2860; x_wconf 87' lang='lat' dir='ltr'><strong>ita</strong></span> <span class='ocrx_word' id='word_1_201' title='bbox 1233 2795 1395 2872; x_wconf 90' lang='lat' dir='ltr'><strong>sint,</strong></span> <span class='ocrx_word' id='word_1_202' title='bbox 1444 2805 1692 2859; x_wconf 81' lang='lat' dir='ltr'><strong>certum</strong></span> <span class='ocrx_word' id='word_1_203' title='bbox 1729 2818 1873 2861; x_wconf 90' lang='lat' dir='ltr'><strong>esse</strong></span> <span class='ocrx_word' id='word_1_204' title='bbox 1913 2793 2376 2870; x_wconf 86' lang='lat' dir='ltr'><strong>existimamus,</strong></span> <span class='ocrx_word' id='word_1_205' title='bbox 2421 2794 2599 2879; x_wconf 91' lang='lat' dir='ltr'><strong>quod</strong></span> <span class='ocrx_word' id='word_1_206' title='bbox 2649 2818 2858 2881; x_wconf 86' lang='lat' dir='ltr'><strong>supra</strong></span> 
     </span>
     <span class='ocr_line' id='line_1_24' title="bbox 524 2902 2858 2989; baseline 0 -22"><span class='ocrx_word' id='word_1_207' title='bbox 524 2904 891 2989; x_wconf 89' lang='lat' dir='ltr'><strong>posuimus,</strong></span> <span class='ocrx_word' id='word_1_208' title='bbox 935 2904 1147 2986; x_wconf 86' lang='lat' dir='ltr'><strong>legem</strong></span> <span class='ocrx_word' id='word_1_209' title='bbox 1187 2904 1421 2968; x_wconf 86' lang='lat' dir='ltr'><strong>Iuliam</strong></span> <span class='ocrx_word' id='word_1_210' title='bbox 1460 2902 1544 2967; x_wconf 87' lang='lat' dir='ltr'><strong>ad</strong></span> <span class='ocrx_word' id='word_1_211' title='bbox 1590 2904 1786 2967; x_wconf 86' lang='lat' dir='ltr'><strong>solam</strong></span> <span class='ocrx_word' id='word_1_212' title='bbox 1829 2902 2080 2968; x_wconf 88' lang='lat' dir='ltr'><strong>Italiam</strong></span> <span class='ocrx_word' id='word_1_213' title='bbox 2121 2903 2544 2987; x_wconf 87' lang='lat' dir='ltr'><strong>pertinuisse,</strong></span> <span class='ocrx_word' id='word_1_214' title='bbox 2603 2904 2726 2968; x_wconf 89' lang='lat' dir='ltr'><strong>sed</strong></span> <span class='ocrx_word' id='word_1_215' title='bbox 2777 2906 2858 2969; x_wconf 87' lang='lat' dir='ltr'><strong>ad</strong></span> 
     </span>
     <span class='ocr_line' id='line_1_25' title="bbox 523 3010 2863 3097; baseline 0.002 -24"><span class='ocrx_word' id='word_1_216' title='bbox 523 3011 689 3075; x_wconf 90' lang='lat' dir='ltr'><strong>hanc</strong></span> <span class='ocrx_word' id='word_1_217' title='bbox 734 3014 1105 3078; x_wconf 88' lang='lat' dir='ltr'><strong>universam</strong></span> <span class='ocrx_word' id='word_1_218' title='bbox 1144 3012 1343 3097; x_wconf 87' lang='lat' dir='ltr'><strong>idque</strong></span> <span class='ocrx_word' id='word_1_219' title='bbox 1404 3011 1726 3096; x_wconf 84' lang='lat' dir='ltr'><strong>significat</strong></span> <span class='ocrx_word' id='word_1_220' title='bbox 1769 3010 2110 3096; x_wconf 89' lang='lat' dir='ltr'><strong>Appianus</strong></span> <span class='ocrx_word' id='word_1_221' title='bbox 2151 3011 2298 3076; x_wconf 90' lang='lat' dir='ltr'><strong>bell.</strong></span> <span class='ocrx_word' id='word_1_222' title='bbox 2347 3012 2470 3077; x_wconf 89' lang='lat' dir='ltr'><strong>civ.</strong></span> <span class='ocrx_word' id='word_1_223' title='bbox 2517 3013 2585 3088; x_wconf 91' lang='grc' dir='ltr'><strong>Ι,</strong></span> <span class='ocrx_word' id='word_1_224' title='bbox 2640 3013 2720 3077; x_wconf 82' lang='grc'><strong>14</strong></span> <span class='ocrx_word' id='word_1_225' title='bbox 2769 3014 2863 3077; x_wconf 88' lang='lat' dir='ltr'><strong>sic</strong></span> 
     </span>
     <span class='ocr_line' id='line_1_26' title="bbox 522 3118 2867 3205; baseline 0.001 -24"><span class='ocrx_word' id='word_1_226' title='bbox 522 3118 781 3183; x_wconf 84' lang='lat' dir='ltr'><strong>dicens:</strong></span> <span class='ocrx_word' id='word_1_227' title='bbox 846 3119 1207 3183; x_wconf 86' lang='grc' dir='ltr'>Ἰταλιωτῶν</span> <span class='ocrx_word' id='word_1_228' title='bbox 1274 3120 1343 3181; x_wconf 85' lang='grc' dir='ltr'><strong>δὲ</strong></span> <span class='ocrx_word' id='word_1_229' title='bbox 1404 3119 1546 3187; x_wconf 77' lang='grc' dir='ltr'>τοὺς</span> <span class='ocrx_word' id='word_1_230' title='bbox 1603 3118 1690 3182; x_wconf 83' lang='grc' dir='ltr'><strong>ἔτι</strong></span> <span class='ocrx_word' id='word_1_231' title='bbox 1756 3120 1818 3181; x_wconf 86' lang='grc' dir='ltr'><strong>ἐν</strong></span> <span class='ocrx_word' id='word_1_232' title='bbox 1874 3126 1953 3203; x_wconf 77' lang='grc' dir='ltr'><strong>τῇ</strong></span> <span class='ocrx_word' id='word_1_233' title='bbox 2011 3122 2330 3205; x_wconf 73' lang='grc' dir='ltr'>συμμαχίᾳ</span> <span class='ocrx_word' id='word_1_234' title='bbox 2384 3121 2867 3205; x_wconf 81' lang='grc' dir='ltr'>παραμένοντας</span> 
     </span>
     <span class='ocr_line' id='line_1_27' title="bbox 526 3224 2861 3311; baseline 0.003 -24"><span class='ocrx_word' id='word_1_235' title='bbox 526 3225 869 3310; x_wconf 82' lang='grc' dir='ltr'>ἐψηφίσατο</span> <span class='ocrx_word' id='word_1_236' title='bbox 914 3226 1070 3289; x_wconf 80' lang='grc' dir='ltr'>εἶναι</span> <span class='ocrx_word' id='word_1_237' title='bbox 1112 3227 1383 3301; x_wconf 84' lang='grc' dir='ltr'>πολίτας,</span> <span class='ocrx_word' id='word_1_238' title='bbox 1424 3224 1496 3289; x_wconf 81' lang='grc' dir='ltr'><strong>οὗ</strong></span> <span class='ocrx_word' id='word_1_239' title='bbox 1546 3227 1618 3309; x_wconf 80' lang='grc' dir='ltr'><strong>δὴ</strong></span> <span class='ocrx_word' id='word_1_240' title='bbox 1668 3228 1928 3310; x_wconf 81' lang='grc' dir='ltr'>μάλιστα</span> <span class='ocrx_word' id='word_1_241' title='bbox 1977 3226 2166 3307; x_wconf 84' lang='grc' dir='ltr'>μόνου</span> <span class='ocrx_word' id='word_1_242' title='bbox 2209 3230 2428 3297; x_wconf 79' lang='grc' dir='ltr'>πάντες</span> <span class='ocrx_word' id='word_1_243' title='bbox 2471 3227 2861 3311; x_wconf 71' lang='grc' dir='ltr'>ἐπεθύμουν.</span> 
     </span>
     <span class='ocr_line' id='line_1_28' title="bbox 524 3332 2864 3421; baseline 0.002 -24"><span class='ocrx_word' id='word_1_244' title='bbox 524 3332 645 3409; x_wconf 88' lang='lat' dir='ltr'><strong>At,</strong></span> <span class='ocrx_word' id='word_1_245' title='bbox 696 3334 943 3417; x_wconf 78' lang='lat' dir='ltr'><strong>inquiat</strong></span> <span class='ocrx_word' id='word_1_246' title='bbox 983 3333 1323 3418; x_wconf 86' lang='lat' dir='ltr'><strong>quispiam,</strong></span> <span class='ocrx_word' id='word_1_247' title='bbox 1374 3355 1596 3397; x_wconf 88' lang='lat' dir='ltr'><strong>omnes</strong></span> <span class='ocrx_word' id='word_1_248' title='bbox 1637 3343 1707 3397; x_wconf 92' lang='lat' dir='ltr'><strong>tu</strong></span> <span class='ocrx_word' id='word_1_249' title='bbox 1751 3333 2005 3398; x_wconf 80' lang='lat' dir='ltr'><strong>Italicas</strong></span> <span class='ocrx_word' id='word_1_250' title='bbox 2045 3334 2338 3399; x_wconf 86' lang='lat' dir='ltr'><strong>civitates</strong></span> <span class='ocrx_word' id='word_1_251' title='bbox 2384 3336 2530 3421; x_wconf 85' lang='lat' dir='ltr'><strong>lege</strong></span> <span class='ocrx_word' id='word_1_252' title='bbox 2570 3336 2751 3401; x_wconf 86' lang='lat' dir='ltr'><strong>Iulia</strong></span> <span class='ocrx_word' id='word_1_253' title='bbox 2795 3339 2864 3402; x_wconf 90' lang='lat' dir='ltr'><strong>in</strong></span> 
     </span>
     <span class='ocr_line' id='line_1_29' title="bbox 524 3440 2862 3529; baseline 0.003 -27"><span class='ocrx_word' id='word_1_254' title='bbox 524 3440 847 3505; x_wconf 86' lang='lat' dir='ltr'><strong>civitatem</strong></span> <span class='ocrx_word' id='word_1_255' title='bbox 889 3442 1243 3506; x_wconf 86' lang='lat' dir='ltr'><strong>Romanam</strong></span> <span class='ocrx_word' id='word_1_256' title='bbox 1294 3452 1586 3527; x_wconf 86' lang='lat' dir='ltr'><strong>receptas</strong></span> <span class='ocrx_word' id='word_1_257' title='bbox 1639 3464 1782 3507; x_wconf 88' lang='lat' dir='ltr'><strong>esse</strong></span> <span class='ocrx_word' id='word_1_258' title='bbox 1827 3464 2052 3507; x_wconf 83' lang='lat' dir='ltr'><strong>censes</strong></span> <span class='ocrx_word' id='word_1_259' title='bbox 2097 3465 2172 3506; x_wconf 90' lang='lat' dir='ltr'><strong>ac</strong></span> <span class='ocrx_word' id='word_1_260' title='bbox 2225 3466 2305 3507; x_wconf 91' lang='lat' dir='ltr'><strong>ne</strong></span> <span class='ocrx_word' id='word_1_261' title='bbox 2351 3443 2862 3529; x_wconf 84' lang='lat' dir='ltr'><strong>Transpadanas</strong></span> 
     </span>
     <span class='ocr_line' id='line_1_30' title="bbox 524 3547 2859 3636; baseline 0.003 -26"><span class='ocrx_word' id='word_1_262' title='bbox 524 3547 787 3631; x_wconf 88' lang='lat' dir='ltr'><strong>quidem</strong></span> <span class='ocrx_word' id='word_1_263' title='bbox 832 3549 1117 3636; x_wconf 83' lang='lat' dir='ltr'><strong>excipis?</strong></span> <span class='ocrx_word' id='word_1_264' title='bbox 1172 3548 1429 3613; x_wconf 85' lang='lat' dir='ltr'><strong>Etenim</strong></span> <span class='ocrx_word' id='word_1_265' title='bbox 1471 3549 1553 3612; x_wconf 90' lang='lat' dir='ltr'><strong>ad</strong></span> <span class='ocrx_word' id='word_1_266' title='bbox 1589 3572 1812 3614; x_wconf 91' lang='lat' dir='ltr'><strong>omnes</strong></span> <span class='ocrx_word' id='word_1_267' title='bbox 1849 3550 2138 3615; x_wconf 87' lang='lat' dir='ltr'><strong>civitates</strong></span> <span class='ocrx_word' id='word_1_268' title='bbox 2171 3564 2234 3615; x_wconf 91' lang='lat' dir='ltr'><strong>et</strong></span> <span class='ocrx_word' id='word_1_269' title='bbox 2251 3551 2518 3615; x_wconf 83' lang='lat' dir='ltr'><strong>Latinas</strong></span> <span class='ocrx_word' id='word_1_270' title='bbox 2549 3563 2614 3617; x_wconf 85' lang='lat' dir='ltr'><strong>et</strong></span> <span class='ocrx_word' id='word_1_271' title='bbox 2642 3552 2859 3617; x_wconf 81' lang='lat' dir='ltr'><strong>socias</strong></span> 
     </span>
     <span class='ocr_line' id='line_1_31' title="bbox 522 3655 2858 3745; baseline 0.003 -26"><span class='ocrx_word' id='word_1_272' title='bbox 522 3668 589 3720; x_wconf 86' lang='lat' dir='ltr'><strong>et</strong></span> <span class='ocrx_word' id='word_1_273' title='bbox 628 3656 989 3723; x_wconf 85' lang='lat' dir='ltr'><strong>foederatas</strong></span> <span class='ocrx_word' id='word_1_274' title='bbox 1044 3658 1255 3743; x_wconf 87' lang='lat' dir='ltr'><strong>legem</strong></span> <span class='ocrx_word' id='word_1_275' title='bbox 1308 3656 1699 3742; x_wconf 87' lang='lat' dir='ltr'><strong>pertinuisse</strong></span> <span class='ocrx_word' id='word_1_276' title='bbox 1748 3658 1992 3722; x_wconf 89' lang='lat' dir='ltr'><strong>indicat</strong></span> <span class='ocrx_word' id='word_1_277' title='bbox 2041 3655 2274 3723; x_wconf 89' lang='lat' dir='ltr'><strong>Cicero</strong></span> <span class='ocrx_word' id='word_1_278' title='bbox 2331 3683 2393 3745; x_wconf 92' lang='lat' dir='ltr'><strong>p.</strong></span> <span class='ocrx_word' id='word_1_279' title='bbox 2439 3658 2624 3723; x_wconf 90' lang='lat' dir='ltr'><strong>Balb.</strong></span> <span class='ocrx_word' id='word_1_280' title='bbox 2687 3682 2741 3724; x_wconf 87' lang='lat' dir='ltr'><strong>c.</strong></span> <span class='ocrx_word' id='word_1_281' title='bbox 2796 3663 2858 3737; x_wconf 88' lang='lat'><strong>8,</strong></span> 
     </span>
     <span class='ocr_line' id='line_1_32' title="bbox 524 3764 2857 3847; baseline 0.002 -20"><span class='ocrx_word' id='word_1_282' title='bbox 524 3783 675 3828; x_wconf 89' lang='lat' dir='ltr'><strong>cum</strong></span> <span class='ocrx_word' id='word_1_283' title='bbox 727 3765 871 3847; x_wconf 85' lang='lat' dir='ltr'><strong>lege</strong></span> <span class='ocrx_word' id='word_1_284' title='bbox 910 3766 1077 3830; x_wconf 88' lang='lat' dir='ltr'><strong>Iulia</strong></span> <span class='ocrx_word' id='word_1_285' title='bbox 1130 3765 1217 3828; x_wconf 90' lang='lat' dir='ltr'><strong>ait</strong></span> <span class='ocrx_word' id='word_1_286' title='bbox 1272 3764 1594 3829; x_wconf 87' lang='lat' dir='ltr'><strong>civitatem</strong></span> <span class='ocrx_word' id='word_1_287' title='bbox 1651 3764 1862 3829; x_wconf 82' lang='lat' dir='ltr'><strong>datar‘n</strong></span> <span class='ocrx_word' id='word_1_288' title='bbox 1917 3788 2060 3829; x_wconf 89' lang='lat' dir='ltr'><strong>esse</strong></span> <span class='ocrx_word' id='word_1_289' title='bbox 2107 3768 2300 3831; x_wconf 88' lang='lat' dir='ltr'><strong>sociis</strong></span> <span class='ocrx_word' id='word_1_290' title='bbox 2359 3777 2422 3831; x_wconf 84' lang='lat' dir='ltr'><strong>et</strong></span> <span class='ocrx_word' id='word_1_291' title='bbox 2458 3766 2718 3833; x_wconf 87' lang='lat' dir='ltr'><strong>Latinis</strong></span> <span class='ocrx_word' id='word_1_292' title='bbox 2780 3791 2857 3832; x_wconf 88' lang='lat' dir='ltr'><strong>ac</strong></span> 
     </span>
     <span class='ocr_line' id='line_1_33' title="bbox 522 3870 2856 3957; baseline 0.002 -21"><span class='ocrx_word' id='word_1_293' title='bbox 522 3870 758 3936; x_wconf 88' lang='lat' dir='ltr'><strong>deinde</strong></span> <span class='ocrx_word' id='word_1_294' title='bbox 796 3872 1263 3937; x_wconf 86' lang='lat' dir='ltr'><strong>Heracleenses</strong></span> <span class='ocrx_word' id='word_1_295' title='bbox 1311 3881 1374 3936; x_wconf 92' lang='lat' dir='ltr'><strong>et</strong></span> <span class='ocrx_word' id='word_1_296' title='bbox 1404 3872 1858 3957; x_wconf 83' lang='lat' dir='ltr'><strong>Neapolitanos</strong></span> <span class='ocrx_word' id='word_1_297' title='bbox 1899 3873 2204 3950; x_wconf 86' lang='lat' dir='ltr'><strong>nominat,</strong></span> <span class='ocrx_word' id='word_1_298' title='bbox 2249 3874 2361 3957; x_wconf 90' lang='lat' dir='ltr'><strong>qui</strong></span> <span class='ocrx_word' id='word_1_299' title='bbox 2405 3874 2522 3939; x_wconf 89' lang='lat' dir='ltr'><strong>diu</strong></span> <span class='ocrx_word' id='word_1_300' title='bbox 2561 3876 2856 3941; x_wconf 87' lang='lat' dir='ltr'><strong>foederis</strong></span> 
     </span>
     <span class='ocr_line' id='line_1_34' title="bbox 522 3978 2856 4069; baseline 0.001 -26"><span class='ocrx_word' id='word_1_301' title='bbox 522 3979 626 4043; x_wconf 84' lang='lat' dir='ltr'><strong>sui</strong></span> <span class='ocrx_word' id='word_1_302' title='bbox 687 3978 967 4043; x_wconf 87' lang='lat' dir='ltr'><strong>libertati</strong></span> <span class='ocrx_word' id='word_1_303' title='bbox 1030 3979 1347 4044; x_wconf 85' lang='lat' dir='ltr'><strong>civitatem</strong></span> <span class='ocrx_word' id='word_1_304' title='bbox 1408 3980 1724 4045; x_wconf 89' lang='lat' dir='ltr'><strong>anteferre</strong></span> <span class='ocrx_word' id='word_1_305' title='bbox 1803 3979 2227 4046; x_wconf 88' lang='lat' dir='ltr'><strong>dubitassent.</strong></span> <span class='ocrx_word' id='word_1_306' title='bbox 2354 3982 2538 4063; x_wconf 81' lang='lat' dir='ltr'><strong>Quid</strong></span> <span class='ocrx_word' id='word_1_307' title='bbox 2599 3984 2856 4069; x_wconf 81' lang='lat' dir='ltr'><strong>igitur?</strong></span> 
     </span>
     <span class='ocr_line' id='line_1_35' title="bbox 519 4085 2853 4176; baseline 0.003 -27"><span class='ocrx_word' id='word_1_308' title='bbox 519 4085 747 4155; x_wconf 73' lang='lat' dir='ltr'><strong>Nonne</strong></span> <span class='ocrx_word' id='word_1_309' title='bbox 790 4086 885 4151; x_wconf 91' lang='lat' dir='ltr'><strong>sic</strong></span> <span class='ocrx_word' id='word_1_310' title='bbox 919 4087 1289 4152; x_wconf 85' lang='lat' dir='ltr'><strong>universam</strong></span> <span class='ocrx_word' id='word_1_311' title='bbox 1309 4087 1561 4153; x_wconf 86' lang='lat' dir='ltr'><strong>Italiam</strong></span> <span class='ocrx_word' id='word_1_312' title='bbox 1599 4110 1808 4172; x_wconf 86' lang='lat' dir='ltr'><strong>usque</strong></span> <span class='ocrx_word' id='word_1_313' title='bbox 1845 4088 1927 4152; x_wconf 92' lang='lat' dir='ltr'><strong>ad</strong></span> <span class='ocrx_word' id='word_1_314' title='bbox 1955 4089 2158 4173; x_wconf 88' lang='lat' dir='ltr'><strong>Alpes</strong></span> <span class='ocrx_word' id='word_1_315' title='bbox 2193 4112 2322 4153; x_wconf 92' lang='lat' dir='ltr'><strong>uno</strong></span> <span class='ocrx_word' id='word_1_316' title='bbox 2353 4100 2644 4176; x_wconf 89' lang='lat' dir='ltr'><strong>tempore</strong></span> <span class='ocrx_word' id='word_1_317' title='bbox 2685 4092 2853 4157; x_wconf 89' lang='lat' dir='ltr'><strong>civi-</strong></span> 
     </span>
     <span class='ocr_line' id='line_1_36' title="bbox 518 4193 2844 4266; baseline 0.004 -11"><span class='ocrx_word' id='word_1_318' title='bbox 518 4202 645 4257; x_wconf 80' lang='lat' dir='ltr'><strong>tate</strong></span> <span class='ocrx_word' id='word_1_319' title='bbox 688 4194 985 4258; x_wconf 87' lang='lat' dir='ltr'><strong>donatam</strong></span> <span class='ocrx_word' id='word_1_320' title='bbox 1010 4216 1152 4259; x_wconf 89' lang='lat' dir='ltr'><strong>esse</strong></span> <span class='ocrx_word' id='word_1_321' title='bbox 1179 4193 1560 4259; x_wconf 87' lang='lat' dir='ltr'><strong>debebimus</strong></span> <span class='ocrx_word' id='word_1_322' title='bbox 1591 4196 1914 4259; x_wconf 86' lang='lat' dir='ltr'><strong>statuere?</strong></span> <span class='ocrx_word' id='word_1_323' title='bbox 1956 4196 2102 4261; x_wconf 91' lang='lat' dir='ltr'><strong>Non</strong></span> <span class='ocrx_word' id='word_1_324' title='bbox 2129 4196 2532 4265; x_wconf 88' lang='lat' dir='ltr'><strong>debebimus.</strong></span> <span class='ocrx_word' id='word_1_325' title='bbox 2577 4200 2844 4266; x_wconf 83' lang='lat' dir='ltr'><strong>Etenim</strong></span> 
     </span>
     <span class='ocr_line' id='line_1_37' title="bbox 514 4302 2848 4387; baseline 0.004 -23"><span class='ocrx_word' id='word_1_326' title='bbox 514 4323 645 4365; x_wconf 89' lang='lat' dir='ltr'><strong>non</strong></span> <span class='ocrx_word' id='word_1_327' title='bbox 684 4324 759 4365; x_wconf 88' lang='lat' dir='ltr'><strong>ea</strong></span> <span class='ocrx_word' id='word_1_328' title='bbox 804 4313 938 4367; x_wconf 88' lang='lat' dir='ltr'><strong>erat</strong></span> <span class='ocrx_word' id='word_1_329' title='bbox 976 4303 1103 4379; x_wconf 86' lang='lat' dir='ltr'><strong>lex,</strong></span> <span class='ocrx_word' id='word_1_330' title='bbox 1142 4325 1307 4386; x_wconf 90' lang='lat' dir='ltr'><strong>quae</strong></span> <span class='ocrx_word' id='word_1_331' title='bbox 1332 4302 1705 4387; x_wconf 89' lang='lat' dir='ltr'><strong>quicunque</strong></span> <span class='ocrx_word' id='word_1_332' title='bbox 1747 4303 1815 4366; x_wconf 90' lang='lat' dir='ltr'><strong>in</strong></span> <span class='ocrx_word' id='word_1_333' title='bbox 1835 4302 2022 4367; x_wconf 87' lang='lat' dir='ltr'><strong>Italia</strong></span> <span class='ocrx_word' id='word_1_334' title='bbox 2051 4302 2428 4383; x_wconf 87' lang='lat' dir='ltr'><strong>habitarent,</strong></span> <span class='ocrx_word' id='word_1_335' title='bbox 2475 4307 2656 4373; x_wconf 88' lang='lat' dir='ltr'><strong>cives</strong></span> <span class='ocrx_word' id='word_1_336' title='bbox 2703 4331 2848 4373; x_wconf 89' lang='lat' dir='ltr'><strong>esse</strong></span> 
     </span>
     <span class='ocr_line' id='line_1_38' title="bbox 517 4406 2846 4497; baseline 0.005 -27"><span class='ocrx_word' id='word_1_337' title='bbox 517 4406 797 4483; x_wconf 84' lang='lat' dir='ltr'><strong>iuberet,</strong></span> <span class='ocrx_word' id='word_1_338' title='bbox 859 4410 974 4475; x_wconf 89' lang='lat' dir='ltr'><strong>sed</strong></span> <span class='ocrx_word' id='word_1_339' title='bbox 1019 4412 1283 4475; x_wconf 89' lang='lat' dir='ltr'><strong>modum</strong></span> <span class='ocrx_word' id='word_1_340' title='bbox 1330 4411 1655 4495; x_wconf 87' lang='lat' dir='ltr'><strong>quendam</strong></span> <span class='ocrx_word' id='word_1_341' title='bbox 1695 4410 2068 4493; x_wconf 81' lang='lat' dir='ltr'><strong>adhibebat,</strong></span> <span class='ocrx_word' id='word_1_342' title='bbox 2123 4436 2252 4497; x_wconf 89' lang='lat' dir='ltr'><strong>quo</strong></span> <span class='ocrx_word' id='word_1_343' title='bbox 2298 4415 2460 4479; x_wconf 89' lang='lat' dir='ltr'><strong>fides</strong></span> <span class='ocrx_word' id='word_1_344' title='bbox 2507 4417 2846 4482; x_wconf 84' lang='lat' dir='ltr'><strong>civitatum</strong></span> 
     </span>
    </p>
   </div>
  </div>
 </body>
</html>
