2917 5017
409 316 534 382 332
1035 320 1118 369 De
1155 320 1525 383 propagatione
1565 321 1785 369 civitatis
1826 320 2111 371 Romanae.

579 483 734 560 Sed,
769 492 842 548 ut
883 506 924 548 a
959 482 1101 548 iure
1141 481 1226 547 ad
1263 481 1577 560 homines,
1602 483 1715 569 qui
1748 504 1825 548 eo
1853 482 2221 560 utebantur,
2254 484 2737 571 perveniamus,

406 614 618 659 nonne
673 614 916 657 novum
965 614 1234 677 prorsus
1287 602 1406 667 est,
1461 592 1667 657 fuisse
1714 588 1974 657 Claudii
2022 602 2229 658 aetate
2270 594 2519 659 multos
2562 594 2736 659 cives

405 701 752 777 Romanos,
793 700 908 784 qui
949 722 1078 765 non
1121 700 1374 785 plenam
1421 701 1747 767 civitatem
1789 700 2117 778 haberent,
2158 703 2571 787 maximaque
2597 702 2735 767 eius

403 820 584 894 parte
629 810 962 875 carerent?
1041 808 1212 891 Quis
1272 810 1440 875 alius
1488 827 1780 875 veterum
1836 810 2223 896 scriptorum
2262 812 2345 877 de
2390 811 2625 875 eadem
2670 832 2737 875 re

405 917 717 981 tradidit?
798 916 968 999 Quis
1013 917 1208 982 hodie
1253 918 1541 983 virorum
1592 919 1924 983 doctorum
1968 919 2051 984 de
2094 920 2217 983 hac
2256 919 2509 984 minore
2552 919 2735 1003 quasi

407 1025 666 1092 civitate
717 1027 810 1091 ita
866 1026 1242 1111 disputavit,
1295 1037 1390 1103 ut,
1435 1026 1759 1111 quomodo
1820 1036 1959 1092 orta
2014 1027 2117 1105 sit,
2164 1037 2488 1111 quatenus
2537 1027 2736 1112 perti·

406 1134 619 1199 nuerit
632 1180 651 1209 ,
719 1156 850 1217 qua
931 1132 1326 1218 antiquitatis
1395 1135 1819 1201 similitudine
1882 1134 2245 1200 illustretur
2264 1182 2281 1211 ,
2354 1135 2735 1221 explicarit?

409 1239 667 1327 Operae
709 1241 914 1328 igitur
951 1242 1232 1327 pretium
1281 1252 1398 1320 est,
1443 1243 1619 1309 hunc
1661 1244 1901 1323 locum,
1932 1243 2045 1329 qui
2084 1252 2149 1309 et
2187 1252 2484 1310 veterum
2514 1253 2731 1307 aucto-

403 1372 552 1414 rum
593 1350 810 1436 inopia
853 1350 1191 1417 obscurior
1249 1362 1312 1415 et
1359 1362 1583 1419 nostra
1624 1354 2021 1441 negligentia
2064 1372 2265 1439 prope
2312 1352 2582 1417 relictus
2633 1352 2733 1427 sit,

408 1458 816 1543 diligentiore
875 1482 1032 1524 cura
1087 1461 1410 1546 persequi.
1496 1463 1649 1544 Qua
1712 1463 1780 1527 in
1836 1462 2211 1547 quaestione
2268 1460 2555 1547 primum
2614 1462 2735 1527 hoc

405 1567 902 1632 examinandum
955 1590 1100 1633 esse
1145 1580 1469 1653 putamus,
1514 1581 1589 1635 ut
1639 1568 1900 1637 Claudii
1954 1580 2159 1635 aetate
2202 1569 2314 1655 qui
2354 1569 2580 1655 populi
2634 1569 2735 1633 vel

405 1697 568 1759 quae
627 1674 822 1741 urbes
881 1676 1002 1741 hac
1063 1676 1322 1742 civitate
1379 1679 1691 1756 Romana,
1752 1680 1859 1743 cui
1922 1679 2025 1743 ius
2087 1677 2401 1742 honorum
2455 1678 2737 1753 deesset,

407 1784 510 1849 usi
571 1785 720 1861 sint,
785 1784 1140 1849 videamus·
1229 1791 1332 1852 Ac
1397 1787 1718 1873 significat
1772 1788 2019 1872 aliquid
2072 1786 2361 1864 Tacitus,
2420 1808 2573 1851 cum
2626 1808 2736 1850 eos

403 1892 518 1976 qui
579 1891 790 1957 Gallis
847 1894 1377 1971 adversarentur,
1437 1918 1845 1962 asseverasse
1902 1896 2009 1972 ait,
2078 1918 2209 1958 non
2272 1898 2422 1957 adeo
2477 1917 2735 1975 aegram
2836 1954 2843 1963 ,

403 2022 548 2066 esse
590 2006 867 2077 Italiam,
915 2013 990 2065 ut
1028 2014 1310 2065 senatum
1353 2006 1747 2085 suppeditare
1794 2006 1941 2066 urbi
1978 2028 2126 2067 suae
2168 2007 2464 2085 nequiret.
2550 2003 2739 2067 Italia

405 2110 608 2195 igitur
651 2111 953 2196 optimam
997 2110 1172 2175 illam
1213 2113 1559 2189 civitatem,
1602 2134 1731 2197 qua
1775 2112 2091 2177 honorum
2132 2112 2237 2176 ius
2264 2110 2736 2187 continebatur,

404 2218 680 2285 habebat
737 2230 802 2285 et
855 2218 1116 2304 quidem
1171 2231 1322 2297 tota,
1387 2221 1443 2285 si
1502 2244 1541 2285 a
1581 2220 1885 2306 gentibus
1930 2221 2059 2287 illis
2100 2220 2411 2296 barbarie,
2454 2243 2629 2305 quae
2672 2221 2735 2283 in

403 2327 686 2414 Alpibus
733 2328 1126 2406 habitabant,
1175 2329 1612 2407 discedamus,
1660 2330 1743 2394 cf.
1788 2352 1987 2415 supra
2026 2353 2086 2415 p.
2134 2330 2233 2397 39.
2313 2328 2483 2393 Nam
2538 2329 2735 2393 iidem

403 2437 496 2502 illi
558 2443 806 2503 Venetos
861 2449 921 2501 et
981 2439 1260 2501 Insubres
1315 2444 1559 2503 curiam
1620 2446 1915 2523 irrupisse
1968 2438 2399 2514 clamitabant,
2456 2460 2737 2522 quarum

405 2547 694 2631 gentium
752 2545 1016 2631 regione
1088 2568 1252 2629 quae
1321 2559 1643 2613 extremae
1704 2548 1925 2615 Italiae
1986 2560 2201 2635 partes
2259 2546 2736 2622 existimantur,

405 2666 718 2722 constant.
809 2655 960 2738 Ipse
1001 2665 1217 2719 autem
1263 2652 1583 2721 Claudius
1632 2657 1699 2720 in
1746 2658 2033 2722 oratione
2082 2677 2201 2722 sua
2242 2657 2330 2733 ΙΙ,
2369 2656 2409 2721 5
2457 2656 2738 2740 quaerit,

404 2786 486 2827 an
539 2762 806 2828 Italicus
863 2773 1118 2827 senator
1177 2764 1388 2848 potior
1445 2765 1529 2829 sit
1587 2787 1780 2850 quam
1836 2765 2267 2850 provincialis,
2316 2761 2495 2827 unde
2556 2778 2623 2826 et
2672 2764 2741 2827 in

407 2869 594 2937 Italia
637 2894 880 2947 omnes,
937 2871 1049 2956 qui
1095 2872 1419 2937 civitatem
1470 2874 1825 2939 Romanam
1877 2873 2205 2950 haberent,
2253 2884 2315 2937 et
2356 2873 2425 2937 in
2466 2873 2739 2959 provin-

404 2980 522 3045 ciis
581 2980 818 3044 multos
879 2980 1195 3044 honorum
1253 2982 1392 3045 iure
1441 3004 1597 3047 usos
1650 3006 1793 3047 esse
1839 2982 2240 3069 colligemus.
2316 2980 2739 3065 Quamquam

405 3088 564 3153 haec
618 3089 1094 3175 provinciarum
1149 3092 1308 3155 ratio
1367 3112 1521 3155 sane
1579 3091 1859 3157 obscura
1912 3102 2009 3157 est
2050 3091 2487 3173 incertamque
2536 3090 2737 3154 inter-

404 3197 824 3281 pretationem
885 3197 1098 3274 habet,
1153 3199 1328 3282 quod
1392 3199 1662 3264 Tacitus
1708 3222 1789 3264 ex
1834 3196 2095 3263 Claudii
2148 3197 2435 3263 oratione
2498 3199 2735 3263 refert:

406 3308 570 3367 Num
620 3309 896 3385 poenitet
956 3307 1174 3369 Balbos
1227 3330 1306 3369 ex
1365 3312 1678 3389 Hispania
1738 3330 1851 3370 nee
1906 3311 2115 3369 minus
2164 3310 2437 3388 insignes
2492 3312 2663 3369 vims
2706 3330 2737 3368 e

413 3418 626 3477 Gallia
672 3414 1060 3477 Narbonensi
1098 3420 1495 3480 transivisse?
1573 3414 1767 3481 Unde
1814 3416 1869 3481 si
1912 3438 2041 3501 quo
2096 3425 2381 3498 tempore
2428 3414 2623 3479 Balbi
2669 3414 2733 3478 in

405 3534 697 3587 senatum
741 3522 1102 3587 Romanum
1149 3536 1603 3607 pervenerunt,
1662 3526 1887 3590 eodem
1932 3524 2317 3609 Hispaniam
2360 3524 2468 3587 vel
2510 3524 2629 3609 qui
2668 3523 2734 3587 in

402 3632 718 3717 Hispania
757 3633 930 3697 cives
961 3632 1233 3697 Romani
1273 3643 1509 3708 essent,
1557 3634 1697 3699 iure
1742 3634 2060 3698 honorum
2102 3632 2373 3698 donatos
2414 3648 2563 3695 esse
2602 3632 2731 3695 col-

401 3740 774 3827 ligeremus,
833 3751 1004 3805 certe
1063 3762 1451 3826 magnopere
1512 3743 1898 3806 falleremur.
1980 3742 2129 3805 Hoc
2183 3741 2349 3805 enim
2404 3740 2730 3824 quomodo

401 3848 895 3935 intelligendum
936 3850 1038 3927 sit,
1083 3849 1274 3915 docet
1315 3850 1454 3935 ipse
1500 3848 1821 3916 Claudius
1866 3852 1954 3927 Il,
1994 3851 2071 3915 9:
2138 3852 2559 3912 ornatissima
2602 3870 2730 3910 ecce

401 3962 642 4021 colonia
699 3961 1236 4039 valentissimaque
1301 3958 1733 4021 Viennensium
1786 3982 1971 4041 quam
2030 3962 2215 4039 longo
2276 3962 2403 4019 iam
2464 3968 2728 4037 tempore

399 4076 704 4127 senatores
747 4068 894 4127 huic
933 4070 1148 4128 euriae
1187 4070 1473 4149 confert!
1522 4078 1595 4129 ut
1638 4070 1847 4129 dirum
1892 4090 2112 4130 nomen
2155 4068 2421 4130 latronis
2472 4074 2726 4137 taceam,

401 4183 466 4235 et
511 4175 620 4235 odi
663 4176 832 4239 illud
871 4177 1320 4255 palaestricum
1363 4178 1743 4256 prodigium,
1792 4178 1958 4257 quod
1996 4185 2143 4239 ante
2184 4180 2253 4237 in
2296 4178 2545 4239 domum
2590 4194 2724 4233 con-

400 4284 674 4342 sulatum
733 4286 976 4358 intulit,
1037 4304 1225 4364 quam
1291 4286 1535 4346 colonia
1592 4304 1707 4347 sua
1759 4284 2023 4347 solidum
2076 4288 2351 4347 civitatis
2409 4284 2725 4343 Romanae

403 4388 762 4467 beneficium
823 4400 1146 4453 consecuta
1209 4400 1314 4453 est.
1413 4389 1602 4472 Quae
1665 4391 1836 4457 inter
1896 4414 1967 4458 se
2026 4392 2329 4459 videntur
2388 4408 2717 4475 pugnat&
