2917 5017
827 305 912 356 De
953 303 1124 356 Gallia
1160 306 1511 356 Romanorum
1559 307 1836 372 provincia.
2356 307 2476 372 119

193 491 438 532 memus.
495 467 687 532 Rexit
722 469 921 554 igitur
949 467 1314 533 universam
1341 465 1621 532 Galliam
1646 467 1949 535 Tiberius
1977 493 2143 536 anno
2171 471 2210 536 8
2240 470 2475 550 aChr.,

191 577 332 641 rexit
387 577 535 643 item
592 599 760 640 anno
802 577 862 653 7,
925 576 1048 643 sub
1106 577 1294 642 cuius
1350 575 1735 661 principium
1794 601 1942 643 cum
1990 579 2056 643 in
2112 580 2341 646 urbem
2392 579 2475 646 ad

191 683 567 750 consulatum
610 684 904 762 redisset,
949 706 1078 749 non
1122 685 1323 749 multo
1361 694 1509 770 post
1548 685 1615 747 in
1660 684 2073 751 Germaniam
2112 687 2271 752 abiit
2313 687 2475 772 (Dio

187 792 314 868 LV,
352 793 420 875 8)
461 815 670 876 neque
711 794 840 858 ulla
881 816 950 858 re
987 791 1385 858 memorabili
1428 804 1611 878 gesta
1652 794 1935 858 revertit.

328 899 474 965 Hoc
527 909 806 986 tempore
863 901 1108 965 Tiberii
1167 901 1424 965 fortuna
1475 901 1749 966 deficere
1802 903 2031 988 coepit.
2128 904 2474 989 Augustus

184 1008 366 1084 enim,·
397 1031 550 1072 cum
592 1006 670 1072 C.
713 1020 778 1072 et
813 1008 891 1073 L.
933 1007 1249 1075 Caesares
1293 1021 1510 1094 aperte
1550 1022 1871 1094 tamquam
1910 1009 2181 1074 heredes
2226 1011 2475 1096 imperii

183 1126 529 1192 ostentaret,
567 1116 844 1202 primum
881 1117 948 1180 in
989 1129 1163 1182 tanto
1191 1116 1549 1183 Galliarum
1585 1117 1856 1203 imperio
1884 1116 2244 1201 relinquere
2270 1119 2475 1184 noluit

179 1235 582 1308 ornatumque
637 1247 804 1290 anno
839 1225 880 1290 6
931 1249 991 1290 a.
1037 1224 1192 1290 Chr.
1251 1223 1594 1289 tribunicia
1646 1235 1957 1309 potestate
2004 1224 2237 1310 Syriae
2283 1249 2472 1313 prae-

179 1332 344 1396 ficere
371 1333 732 1418 cogitabat3
767 1333 942 1418 quod
968 1335 1266 1419 quoniam
1293 1334 1401 1398 ille
1427 1330 1553 1398 sub
1581 1333 1873 1419 specioso
1896 1333 2151 1398 nomine
2178 1334 2260 1399 ad
2284 1335 2472 1420 igno·

179 1440 412 1504 miniam
458 1463 646 1505 suam
687 1442 1002 1526 pertinere
1045 1440 1465 1527 intelligebat,
1513 1452 1871 1506 commeatu
1910 1463 2102 1526 aegre
2138 1441 2472 1528 impetrato

176 1548 454 1612 Rhodum
511 1549 812 1614 discessit
871 1547 1261 1638 (Comment.
1321 1549 1651 1635 epigraph.
1706 1549 1773 1612 ΙΙ
1840 1573 1901 1635 p.
1957 1549 2089 1634 99).
2196 1547 2332 1616 Sed
2404 1551 2471 1615 in

182 1656 401 1722 Galliae
461 1656 736 1742 imperio
795 1659 944 1742 quis
999 1658 1058 1722 ei
1110 1658 1531 1734 successerit,
1591 1679 1722 1721 non
1762 1657 2037 1722 traditur
2078 1680 2288 1744 neque
2338 1671 2473 1724 erat

185 1765 493 1850 quisquam
536 1787 686 1830 cum
725 1765 917 1831 doino
954 1766 1360 1852 imperatoria
1384 1776 1515 1830 tam
1542 1765 1947 1842 coniunctus,
1990 1768 2095 1831 cui
2122 1767 2471 1852 Augustus

183 1885 354 1938 tantas
409 1874 782 1958 provincias
843 1875 1280 1940 committeret.
1364 1874 1673 1939 Divisum
1714 1873 1918 1956 igitur
1968 1887 2067 1939 est
2106 1876 2470 1960 imperium,

175 1982 323 2065 quod
363 1981 676 2047 Tiberius
719 1994 1028 2059 tenuerat,
1073 2005 1276 2067 eoque
1309 1983 1541 2068 magis,
1578 1982 1755 2065 quod
1781 1984 1909 2047 iam
1937 1983 2156 2048 mult-is
2182 1984 2470 2050 victoriis

175 2090 494 2155 videbatur
552 2111 696 2156 esse
751 2093 1082 2168 effectum,
1141 2103 1216 2155 ut
1270 2089 1524 2156 barbari
1581 2091 1793 2156 minus
1850 2101 2067 2155 essent
2122 2093 2470 2158 metuendi.

172 2200 567 2284 Quamquam
609 2222 782 2264 unus
827 2200 1194 2266 nominatur
1229 2199 1310 2264 L.
1335 2199 1690 2275 Domitius,
1732 2197 1813 2263 de
1857 2198 2045 2264 cuius
2079 2212 2281 2265 morte
2321 2225 2468 2266 nar-

171 2329 298 2372 rans
337 2308 492 2373 Tac.
541 2307 777 2373 Annal.
821 2309 939 2384 IV,
987 2308 1066 2374 44
1119 2309 1278 2374 haec
1329 2331 1537 2394 pauca
1584 2307 1805 2374 habet:
1872 2313 1997 2389 ipse
2032 2311 2325 2385 delectus,
2368 2315 2476 2372 cui

171 2423 350 2478 minor
395 2417 680 2480 Antonia
697 2468 712 2495 ,
773 2419 1030 2480 Octavia
1065 2422 1284 2498 genita
1299 2469 1313 2483 .
1371 2422 1438 2480 in
1484 2421 1957 2481 matrimonium
2000 2420 2281 2492 daretur,
2330 2428 2473 2497 post

171 2529 416 2587 exercitu
443 2529 699 2610 flumen
741 2525 943 2588 Albim
999 2529 1410 2600 transcendit,
1468 2530 1715 2606 longius
1753 2531 2083 2606 penetrata
2128 2527 2469 2588 Germania

173 2655 330 2712 quam
369 2638 698 2714 quisquam
729 2637 1032 2714 priorum,
1082 2655 1297 2716 easque
1333 2633 1401 2696 ob
1440 2655 1538 2696 res
1576 2637 1853 2714 ansigm'a
1882 2633 2190 2712 triumphi
2212 2633 2468 2714 adeptus

176 2752 256 2804 est.
320 2742 390 2806 Is
427 2740 834 2827 propinquus
871 2751 1006 2805 erat
1031 2740 1342 2826 Augusti,
1385 2740 1687 2826 quoniam
1713 2739 2081 2815 Antoniam,
2126 2761 2207 2803 ex
2249 2760 2465 2804 sorore

183 2849 288 2914 eius
328 2862 628 2935 neptem,
685 2849 754 2912 in
793 2848 1196 2914 matrimonio
1239 2848 1547 2923 habebat,
1613 2847 1751 2912 sive
1796 2847 2003 2912 minor
2044 2869 2120 2910 ea
2164 2856 2329 2942 erat,
2392 2857 2465 2912 ut

179 2956 412 3023 Tacitus
453 2957 567 3034 ait,
611 2957 750 3023 sive
789 2957 1010 3032 maior,
1053 2969 1128 3022 ut
1173 2958 1356 3024 Suet.
1400 2955 1632 3020 Claud.
1682 2962 1706 3019 1
1756 2966 1821 3020 et
1856 2954 2185 3020 Plutarch.
2222 2954 2465 3020 Anton.

176 3077 310 3134 extr.
351 3066 676 3143 referunt,
717 3076 792 3130 ut
829 3087 910 3130 ne
958 3077 1204 3152 partem
1241 3064 1504 3149 quidem
1544 3063 1795 3130 Galliae
1836 3064 2051 3128 datam
2090 3085 2235 3129 esse
2276 3063 2465 3130 intel-

173 3172 424 3259 ligamus
462 3173 593 3240 nisi
635 3174 724 3250 ei,
779 3173 890 3258 qui
935 3185 1196 3260 propter
1231 3173 1607 3240 affinitatem
1647 3171 1775 3236 fide
1808 3171 2049 3258 dignus
2093 3193 2237 3237 esse
2281 3171 2465 3236 vide-

171 3293 340 3348 retur.
435 3281 745 3347 Eundem
799 3291 1014 3347 autem
1069 3279 1250 3348 Suet.
1289 3281 1442 3346 Ner.
1490 3304 1544 3347 c.
1590 3281 1627 3346 4
1688 3302 1815 3344 non
1870 3283 2077 3341 minus
2120 3283 2471 3362 aurigandi

171 3403 286 3454 arte
325 3397 394 3455 in
435 3393 850 3457 adolescentia
892 3393 1134 3453 clarum
1152 3435 1169 3467 ,
1225 3412 1410 3471 quam
1454 3391 1671 3453 deinde
1706 3393 2086 3451 ornamentis
2124 3391 2467 3469 triumpha-

173 3500 306 3562 libus
345 3521 425 3564 ex
473 3503 844 3564 Germanico
895 3497 1046 3560 bello
1107 3497 1399 3582 appellat.
1486 3495 1712 3562 Gessit
1763 3495 1963 3582 igitur
2008 3493 2467 3562 Germanicum

173 3605 386 3672 bellum
449 3619 514 3672 et
575 3623 656 3672 ex
696 3605 1042 3672 Germania
1093 3605 1492 3692 triumphum
1540 3602 1777 3670 retulit.
1875 3603 2008 3668 Sed
2051 3613 2268 3670 utrum
2316 3605 2467 3670 Bel·-

175 3714 330 3798 gicae
366 3735 450 3791 an
489 3713 924 3800 Lugdunensi
965 3711 1246 3789 Galliae,
1311 3735 1459 3778 cum
1503 3713 1805 3788 referret,
1851 3711 2168 3797 praefuit?
2238 3712 2467 3779 Nesci-

172 3843 364 3888 remus
419 3843 723 3908 prorsus,
785 3819 910 3885 nisi
965 3821 1032 3885 in
1076 3822 1436 3908 fragmento
1479 3819 1862 3886 Morelliano
1905 3819 2136 3885 Dionis
2177 3819 2323 3888 Vol.
2363 3820 2468 3887 111

171 3952 222 4014 p.
259 3931 374 3996 363
431 3930 536 3995 ed.
593 3927 810 3994 Sturz.
872 3928 1030 3994 haec
1086 3941 1332 3995 essente
1402 3927 1610 3994 Ταῦτά
1652 3951 1717 3991 τε
1762 3926 1868 3992 οὖν
1911 3927 2039 4012 ἅμα
2082 3929 2183 3991 καὶ
2228 3927 2303 3992 τὰ
2346 3933 2464 3992 τῶν

173 4033 397 4101 Κελτῶν
460 4037 745 4120 ἐκινώθη.
829 4038 860 4100 ὃ
903 4037 1018 4122 γὰρ
1059 4038 1344 4121 Δομίτιος
1379 4038 1675 4122 πρότερον
1724 4037 1832 4122 μὲν
1874 4036 1994 4105 ἕως
2034 4033 2121 4100 ἔτι
2159 4039 2277 4100 τῶν
2318 4038 2469 4121 πρὸς

175 4148 245 4227 τῷ
289 4144 500 4230 Ἴστρῳ
559 4145 806 4230 χωρίων
862 4144 1054 4230 ἦρχε,
1117 4143 1255 4214 τούς
1299 4167 1364 4208 τε
1398 4142 1935 4230 Ἐρμουνδούρους
1980 4143 2047 4208 ἐκ
2090 4147 2197 4227 τῆς
2242 4143 2469 4213 οἰκείας

177 4249 272 4314 οὐκ
323 4251 436 4316 οἶδ’
502 4252 668 4320 ὅπως
715 4251 1150 4324 ἐξαναστάντας
1192 4255 1294 4320 καὶ
1335 4253 1489 4318 κατὰ
1534 4254 1773 4338 ζήτησιν
1820 4249 2031 4336 ἑτέρας
2072 4253 2181 4333 γῆς
2226 4253 2463 4316 πλανω-

180 4359 376 4442 μένους
432 4362 758 4446 ὑπολαβὼν
809 4360 870 4422 ἐν
921 4357 1094 4446 μέρει
1140 4365 1243 4444 τῆς
1283 4361 1791 4446 Μαρκομαννίδος
1834 4357 2167 4445 κατῴκισε,
2224 4359 2464 4424 καὶτὸν
