2917 5017
661 310 746 360 De
787 308 957 360 Gallia
989 310 1338 360 Romanorum
1378 310 1642 374 provincia
1679 311 1953 376 appendix.
2345 309 2463 376 167

178 474 442 559 Pompeii
483 473 860 558 aequitatem
903 471 1206 556 intelligi,
1263 470 1378 536 sed
1428 468 1733 536 Curionis
1774 472 2015 538 tribuni
2058 473 2297 558 plebis,
2352 475 2465 560 qui

180 581 452 648 Caesaris
499 605 758 648 causam
803 580 1139 655 tuebatur,
1197 601 1326 642 non
1371 578 1653 666 perspici
1693 581 1986 664 querelas
2032 604 2153 647 nec
2198 605 2315 646 cur
2356 583 2465 647 ille

177 692 418 756 alterum
457 689 752 776 Pompeii
789 689 1193 754 consulatum
1237 688 1561 774 exagitare
1603 688 1889 766 dicatur3
1934 690 2057 755 hoc
2084 692 2253 756 enim
2284 692 2467 756 addit

177 798 432 864 Caelius.
497 801 590 864 At
625 819 934 883 quaerere
973 797 1154 861 illum
1197 797 1282 860 ait
1331 795 1689 860 discordias
1718 796 2090 884 Pompeius,
2130 799 2290 864 nihil
2320 823 2463 866 esse

173 907 324 990 quod
381 909 549 972 iuste
617 917 1055 980 succenseret,
1124 915 1458 990 propterea
1517 903 1689 988 quod
1746 905 1886 989 ipse
1945 906 2121 990 quod
2186 931 2463 992 aequum

175 1027 352 1092 esset,
419 1026 722 1080 servaret.
805 1011 1200 1098 Exagitan⁸di
1258 1035 1408 1078 vero
1461 1011 1754 1098 Pompeii
1810 1037 2070 1080 causam
2122 1017 2463 1082 maximam
2502 1063 2505 1066 -

171 1145 272 1188 nos
314 1123 572 1207 quidem
613 1123 998 1188 invenimus.
1075 1122 1240 1186 Nam
1267 1120 1576 1206 Pompeio
1618 1118 1761 1204 ipso
1804 1124 2191 1188 assentiente
2224 1124 2465 1190 tribuni

171 1232 354 1316 plebis
407 1255 576 1298 anno
615 1233 696 1296 52
759 1229 978 1314 (Caes.
1032 1231 1178 1294 bell.
1223 1230 1345 1294 ciV.
1388 1231 1454 1306 I,
1514 1230 1623 1315 32)
1682 1231 1991 1309 tulerant,
2050 1242 2123 1296 ut
2164 1231 2465 1300 Caesaris

171 1340 429 1404 absentis
469 1351 534 1404 et
573 1340 966 1425 provinciam
1002 1338 1332 1403 retinentis
1377 1340 1442 1402 in
1492 1341 1829 1405 consulatu
1874 1340 2023 1404 anni
2064 1341 2143 1404 48
2184 1341 2464 1427 petendo

171 1448 308 1512 ratio
359 1446 704 1512 haberetur
761 1470 1029 1532 eamque
1070 1447 1153 1512 ob
1189 1469 1326 1512 rem
1364 1449 1473 1512 ille
1514 1471 1721 1534 usque
1772 1449 1855 1512 ad
1894 1449 2152 1514 comitia
2195 1450 2345 1515 anni
2384 1450 2463 1516 49

176 1579 240 1620 ne
279 1569 716 1621 revocaretur:
773 1566 1011 1641 quanta
1047 1555 1250 1641 igitur
1295 1567 1429 1621 erat
1472 1537 1613 1622 eius
1654 1558 2113 1634 inconstantia,
2172 1559 2285 1642 qui
2336 1559 2465 1623 iam

179 1665 334 1728 cuius
375 1664 702 1730 tribuendi
744 1664 882 1750 ipse
924 1675 1150 1729 auctor
1187 1665 1440 1741 fuisset,
1480 1666 1549 1728 id
1590 1666 1905 1752 eriperet?
1965 1665 2161 1732 Unde
2206 1667 2468 1750 copiosa

184 1773 437 1858 Pompeii
475 1773 835 1838 insectandi
874 1773 1172 1836 materies
1215 1773 1380 1837 sumi
1420 1783 1689 1857 poterat,
1728 1775 2044 1860 imprimis
2070 1797 2149 1838 ex
2182 1775 2467 1840 secundo

183 1882 514 1958 consulatu,
574 1881 640 1944 in
697 1903 824 1965 quo
875 1881 982 1945 ille
1029 1880 1570 1965 amplissimarum
1626 1881 2101 1966 provinciarum
2146 1882 2465 1967 accipien-

177 1988 374 2052 darum
429 2013 632 2054 causa
683 1989 959 2076 plurima
1009 1989 1324 2053 violenter
1377 1990 1639 2054 fecerat.
1716 1990 1811 2054 At
1846 1990 2259 2054 Hofmannus
2316 2014 2467 2056 cum

174 2097 278 2160 nisi
320 2097 397 2162 de
442 2107 766 2183 tempore,
825 2095 999 2180 quod
1048 2096 1193 2180 lege
1233 2095 1455 2160 datum
1498 2108 1661 2173 erat,
1716 2097 1961 2183 aliquid
2006 2099 2325 2164 ademisse
2364 2098 2467 2164 di-

176 2215 349 2282 catur,
389 2208 634 2272 nullam
672 2205 962 2290 Pompeii
998 2205 1406 2289 vituperandi
1445 2228 1702 2271 causam
1738 2207 1943 2272 fuisse
1978 2217 2160 2291 putet
2196 2230 2467 2292 eamque

174 2313 244 2378 ob
277 2337 405 2380 rem
436 2313 704 2380 Caesari
742 2314 969 2378 Idibus
996 2312 1163 2376 Nov.
1198 2313 1344 2377 anni
1375 2313 1456 2378 50
1501 2313 1670 2378 diem
1710 2315 1886 2379 exire
1924 2315 2211 2399 potuisse
2252 2327 2467 2401 neget,
2534 2361 2540 2366 -

173 2443 348 2488 unum
400 2423 680 2509 relinqui
733 2423 852 2498 ait,
905 2433 976 2485 ut
1029 2422 1368 2508 imperium
1424 2423 1593 2488 ultra
1652 2445 1799 2486 eum
1852 2421 2024 2488 diem
2068 2423 2465 2508 pertinuerit.

68 2569 71 2604 3
174 2529 583 2598 Veruntamen
625 2553 756 2616 quo
799 2531 926 2594 iam
965 2531 1098 2595 abit
1139 2531 1250 2596 illa
1293 2529 1614 2615 aequitas,
1662 2552 1793 2614 qua
1833 2530 2185 2616 Pompeius
2230 2532 2465 2618 gloria-

68 2709 70 2711 ,
174 2636 377 2702 batur?
455 2639 594 2722 Qui
653 2639 708 2704 si
764 2639 846 2703 de
905 2661 982 2704 eo
1029 2650 1346 2724 tempore,
1408 2637 1585 2723 quod
1626 2660 1745 2704 sua
1784 2639 1923 2724 ipse
1964 2639 2110 2725 lege
2153 2663 2193 2704 a
2229 2640 2467 2726 populo

175 2745 438 2812 Romano
483 2747 774 2812 dandum
815 2757 1182 2823 curaverat,
1235 2746 1480 2831 aliquid
1525 2746 1805 2811 adimere
1852 2747 2198 2822 voluisset,
2254 2769 2467 2812 nonne

68 2925 70 2928 y
175 2877 398 2920 summa
451 2855 688 2920 fuisset
735 2877 867 2920 non
921 2855 1114 2920 modo
1174 2856 1541 2940 iniquitate,
1606 2854 1720 2919 sed
1779 2853 2082 2939 superbia
2134 2877 2211 2920 ac
2266 2877 2467 2941 prope

173 2961 436 3027 insania?

325 3072 633 3138 Nascitur
669 3072 839 3138 enim
875 3072 1012 3136 hoc
1048 3073 1187 3136 loco
1235 3071 1394 3138 haec
1431 3070 1724 3156 quaestio
1764 3068 2057 3134 maxima.
2124 3069 2467 3136 Faciamus

173 3178 488 3266 imperium
537 3179 800 3246 Caesari
859 3203 1065 3265 usque
1123 3180 1206 3243 ad
1245 3177 1569 3245 Calendas
1613 3178 1881 3244 Martias
1924 3178 2075 3243 anni
2121 3178 2199 3244 49
2244 3179 2468 3245 datum

68 3339 70 3344 .
174 3286 384 3353 fuisse:
450 3313 610 3354 num
654 3288 793 3353 fieri
840 3288 1076 3373 pot-uit,
1137 3298 1208 3351 ut
1252 3297 1513 3351 senatus
1556 3287 2033 3372 Pompeiusque
2076 3287 2146 3352 id
2196 3288 2255 3353 ei
2298 3289 2467 3354 Idib.

175 3395 318 3461 Nov.
369 3399 523 3464 anni
561 3399 644 3463 50
695 3398 940 3483 eripere
984 3395 1264 3462 vellent?
1338 3394 1539 3461 Redit
1582 3397 1753 3460 enim
1793 3407 1927 3460 tota
1971 3418 2077 3461 res
2116 3396 2253 3472 illo,
2310 3420 2469 3462 num

177 3506 400 3571 senatui
443 3531 522 3572 ea
563 3527 728 3590 quae
766 3506 1066 3592 populus·
1087 3504 1400 3580 iusserat,
1451 3503 1920 3588 reprehendere
1963 3505 2219 3570 licuerit
2236 3529 2253 3584 ;
2319 3521 2467 3572 nam

68 3657 71 3698 ÷
177 3610 246 3673 ad
278 3615 582 3698 populum
621 3614 703 3678 de
733 3613 933 3678 altero
963 3610 1262 3678 Caesaris
1297 3611 1737 3696 quinquennio
1775 3612 1973 3676 latum
2014 3623 2167 3687 erat,
2206 3624 2467 3680 senatus

68 3735 71 3742 ’
178 3729 368 3784 autem
392 3723 570 3788 solus
596 3720 678 3788 de
708 3743 1082 3788 successore
1107 3720 1166 3786 ei
1189 3720 1503 3786 mittendo
1526 3720 1832 3786 decrevit.
1889 3719 2029 3787 Iam
2050 3721 2121 3786 id
2146 3743 2335 3786 nemo
2355 3722 2467 3806 qui

178 3827 540 3912 reipublicae
561 3830 886 3896 Romanae
929 3849 1102 3890 more
1141 3825 1372 3892 leviter
1405 3828 1695 3894 imbutus
1720 3830 1859 3906 erit,
1904 3830 2106 3894 dicetz
2156 3839 2470 3895 everteret

181 3935 326 4000 enim
353 3937 582 4003 omnia.
648 3937 778 4004 Tot
805 3939 968 4004 latae
1002 3947 1155 4000 sunt
1187 3936 1367 4022 leges
1401 3938 1797 4023 perniciosae
1822 3938 1903 4004 ab
1930 3937 2205 4004 tribunis
2238 3936 2467 4023 plebis,

184 4063 422 4125 quarum
478 4046 902 4112 tollendarum
961 4066 1214 4110 summa
1267 4046 1617 4132 cupiditate
1675 4055 1933 4113 senatus
1976 4047 2279 4132 flagraret
2296 4091 2315 4120 ,
2376 4055 2470 4110 tot

184 4171 269 4216 res
323 4153 520 4238 plebis
581 4179 774 4241 opera
831 4163 1258 4241 perrogarunt
1311 4153 1627 4232 Gracchi,
1697 4155 2115 4232 Saturninus,
2181 4153 2467 4230 Drusus,

187 4254 448 4328 Clodius.
543 4263 787 4330 Earum
847 4286 1006 4330 num
1057 4285 1342 4348 unquam
1400 4265 1642 4330 factum
1702 4273 1801 4330 est
1814 4311 1831 4340 ,
1896 4278 1969 4328 ut
2022 4263 2156 4328 ulla
2207 4272 2467 4327 senatus

189 4371 446 4436 consulto
493 4371 825 4438 tolleretur
872 4371 978 4440 vel
1031 4382 1103 4436 ut
1149 4382 1368 4438 contra
1403 4371 1599 4438 ullam
1645 4370 2139 4438 decerneretur?
2226 4366 2469 4438 Contra
