2917 5017
489 353 614 419 326
1110 355 1193 404 De
1229 356 1605 419 propagatione
1647 355 1867 405 civitatis
1902 354 2187 403 Romanae.

489 520 648 586 sime
695 527 910 605 patent
959 536 1400 599 summamque
1443 513 1909 599 rempublicam
1962 517 2502 601 complectuntur,
2548 539 2819 601 quorum

485 628 848 693 accuratior
887 623 1170 711 cognitio
1208 624 1482 687 multum
1522 644 1751 686 rursus
1798 622 1881 685 ad
1926 622 2208 687 tabulam
2244 621 2687 688 Claudianam
2730 624 2817 686 in-

485 736 902 821 telligendam
947 732 1256 807 conferat,
1302 741 1375 794 ut
1411 752 1531 815 per
1562 728 1784 793 orbem
1818 729 2141 813 quendam
2170 731 2575 807 circumacti,
2601 753 2817 814 quam-

486 844 586 907 vis
643 842 838 927 paulo
887 838 1158 904 liberius
1215 860 1569 922 evagemur
1624 837 1877 919 alioque
1924 837 1991 899 in
2038 850 2421 923 argumento
2484 862 2818 903 versemur

487 962 678 1035 atque
715 972 978 1015 cursum
1016 946 1376 1012 instituisse
1418 944 1779 1020 videamur,
1812 944 2151 1010 clarissimi
2180 957 2392 1010 tamen
2422 948 2815 1011 monumenti

491 1068 814 1142 tamquam
861 1054 1234 1119 auctoritate
1277 1053 1737 1118 contineamur.

653 1165 790 1230 Iam
835 1186 1052 1237 causa,
1094 1162 1163 1224 in
1205 1184 1336 1246 qua
1358 1157 1679 1225 Claudius
1728 1160 2079 1226 orationem
2122 1184 2283 1245 quae
2329 1173 2532 1238 extat,
2572 1160 2809 1237 habuit,

489 1273 584 1339 sic
629 1271 906 1335 traditur
947 1269 1027 1334 ab
1070 1270 1296 1335 Tacito
1341 1268 1577 1332 Annal.
1618 1268 1747 1345 XI,
1793 1269 1903 1334 ‘232
1966 1278 2036 1336 A.
2096 1274 2333 1334 Vitellio
2384 1276 2461 1333 L.
2526 1276 2809 1352 Vipstano

487 1382 834 1445 consulibus
878 1380 950 1467 (i.
978 1402 1032 1443 e.
1069 1400 1232 1443 anno
1267 1378 1345 1442 48
1387 1399 1452 1462 p.
1495 1374 1683 1457 Chr.)
1729 1401 1871 1441 cum
1918 1382 1991 1441 de
2035 1382 2369 1459 supplendo
2418 1390 2652 1440 senatu
2696 1385 2813 1460 agi-

487 1500 731 1552 taretur
766 1492 1182 1569 primoresque
1210 1488 1477 1559 Galliae,
1518 1508 1675 1564 quae
1722 1488 1977 1549 Comata
2018 1490 2396 1567 appellatur,
2429 1490 2715 1567 foedera
2762 1498 2815 1548 et

484 1603 794 1661 civitatem
843 1599 1195 1659 [Romanam
1231 1596 1477 1674 pridem
1522 1598 1789 1655 assecuti
1830 1598 1926 1657 im
1970 1596 2510 1674 adipiscendorum
2556 1599 2633 1655 in
2679 1595 2817 1655 urbe

483 1708 784 1768 honorum
822 1712 1191 1783 expeterent,
1239 1704 1477 1763 multus
1518 1724 1591 1763 ea
1637 1723 1817 1782 super
1863 1724 1931 1763 re
1964 1706 2291 1783 variusque
2314 1724 2557 1767 rumor.
2616 1702 2817 1767 Nimi-

485 1836 632 1879 rum
689 1833 1026 1877 censuram
1084 1820 1242 1873 tunc
1293 1808 1529 1893 agebat
1574 1805 1917 1886 Claudius,
1978 1810 2165 1875 cuius
2210 1820 2579 1873 extremum
2622 1832 2815 1895 prope

487 1922 614 1985 hoc
655 1941 892 1983 munus
943 1929 1097 1994 erat,
1135 1930 1209 1981 ut
1255 1928 1549 1981 senatum
1598 1918 1865 2003 legeret.
1954 1917 2117 1984 Nam
2160 1918 2255 1983 sic
2295 1918 2363 1983 in
2412 1919 2813 2004 antiquitate,

487 2028 676 2093 cuius
737 2026 1018 2112 speciem
1061 2024 1450 2101 imitabatur,
1506 2025 1649 2090 fieri
1700 2026 1969 2102 solebat,
2026 2026 2301 2111 primum
2346 2037 2423 2092 ut
2462 2027 2683 2113 plebis
2728 2043 2815 2091 ta-

487 2134 680 2201 bulae
719 2133 1204 2208 conficerentur,
1247 2132 1486 2200 deinde
1530 2144 1605 2196 ut
1644 2136 1933 2218 equitum
1978 2146 2227 2201 turmae
2272 2156 2814 2221 recognosceren-

487 2254 612 2318 tur,
659 2242 936 2326 denique
977 2250 1052 2306 ut
1095 2251 1356 2305 senatus
1400 2240 1751 2325 legeretur,
1798 2253 2283 2327 extremumque
2324 2244 2619 2310 omnium
2666 2244 2817 2307 illud

490 2361 646 2427 erat,
689 2350 865 2435 quod
905 2349 1181 2415 dictator
1225 2345 1468 2413 Caesar
1521 2358 1584 2413 et
1640 2349 1993 2434 Augustus
2036 2365 2099 2413 et
2138 2347 2457 2418 Claudius
2502 2353 2818 2429 fecerunt,

486 2472 562 2525 ut
597 2459 1014 2545 patriciorum
1057 2478 1394 2521 numerum
1443 2468 1777 2542 augerent.
1840 2457 2061 2540 Quare
2085 2459 2351 2525 Tacitus
2377 2461 2560 2528 Ann.
2586 2463 2723 2539 XI,
2746 2464 2818 2528 25

485 2578 828 2654 postquam
883 2566 968 2631 de
1007 2566 1292 2653 patriciis
1333 2566 1543 2631 auctis
1596 2567 1979 2633 mentionem
2032 2568 2205 2645 fecit,
2264 2570 2477 2633 statim
2540 2570 2819 2637 lustrum

491 2675 824 2741 conditum
883 2697 1352 2758 censuramque
1395 2676 1767 2742 universam
1810 2688 2128 2761 peractam
2176 2700 2319 2746 esse
2358 2692 2625 2755 narrat3
2684 2704 2819 2745 nam

490 2783 667 2867 quod
729 2804 900 2847 anno
948 2783 1030 2848 52
1083 2782 1258 2849 idem
1303 2782 1467 2859 XII,
1512 2783 1595 2849 52
1655 2806 1885 2849 rursus
1950 2785 2264 2869 quosdam
2324 2799 2560 2853 senatu
2616 2802 2819 2855 motos

487 2914 634 2959 esse
685 2891 928 2967 scribit,
983 2892 1066 2957 ad
1117 2901 1495 2975 perpetuam
1542 2890 1947 2975 imperatoris
2002 2894 2357 2959 censoriam
2412 2906 2817 2980 potestatem,

489 3022 618 3068 non
675 3001 762 3067 ad
816 3001 1010 3065 hanc·
1042 3020 1380 3069 censuram
1437 2998 1697 3067 videtur
1750 3001 2093 3086 pertinere.
2180 3000 2387 3070 Cuius
2436 3016 2659 3072 tamen
2706 3006 2819 3071 ini-

487 3109 646 3173 tium
689 3108 948 3192 quando
987 3108 1232 3175 factum
1275 3107 1378 3183 sit,
1421 3128 1551 3171 non
1600 3108 1874 3174 traditur
1914 3132 2037 3175 nec
2064 3112 2309 3178 nummi
2335 3113 2667 3197 produnt3
2714 3115 2818 3179 sed

489 3230 696 3283 actam
749 3240 890 3283 eam
951 3238 1096 3281 esse
1161 3238 1328 3281 anno
1379 3216 1456 3281 47
1516 3216 1657 3301 ipse
1711 3216 1977 3283 Tacitus
2019 3220 2148 3296 XI,
2202 3221 2277 3285 13
2338 3222 2696 3307 significat,
2746 3226 2816 3289 de

491 3324 786 3389 theatrali
830 3322 1046 3409 populi
1091 3323 1356 3394 lascivia
1399 3324 1711 3391 censoriis
1761 3324 1989 3391 edictis
2031 3328 2313 3396 cohibita
2358 3329 2615 3407 dic-ens,
2677 3333 2815 3397 item

489 3431 626 3497 Dio
664 3430 820 3508 LX,
849 3431 951 3508 29,
997 3440 1308 3517 coeptam,
1349 3432 1406 3499 si
1448 3454 1579 3497 non
1618 3444 1786 3510 ante,
1832 3446 2003 3499 certe
2044 3458 2212 3502 anno
2242 3436 2323 3501 46
2365 3436 2522 3503 hinc
2560 3440 2811 3525 colligo,

489 3540 665 3624 quod
723 3541 1078 3625 recognitio
1146 3540 1456 3624 equitum,
1510 3560 1705 3625 quam
1758 3552 1821 3606 et
1870 3541 2149 3611 habitam
2202 3567 2344 3609 esse
2400 3546 2485 3610 ab
2537 3544 2811 3613 Claudio

489 3670 724 3735 magna
787 3670 938 3715 cum
995 3668 1151 3715 cura
1201 3644 1557 3713 Suetonius
1614 3670 1669 3715 c.
1721 3649 1795 3720 16
1836 3664 2071 3728 narrat,
2132 3663 2195 3718 et
2250 3663 2514 3717 senatus
2558 3656 2809 3721 lectioni

487 3756 866 3825 antecedere
935 3778 1286 3823 consuesse
1351 3757 1659 3835 diximus,
1726 3759 1903 3844 apud
1970 3759 2269 3827 Tacitum
2327 3762 2481 3833 anni
2538 3764 2619 3829 47
2680 3778 2810 3829 acta

487 3887 690 3951 prope
731 3866 980 3949 integra
1028 3865 1386 3933 tradentem
1443 3888 1573 3931 non
1626 3880 2177 3945 commemoratur,
2218 3879 2297 3933 ut
2337 3891 2479 3935 eam
2520 3895 2695 3939 anno
2734 3874 2807 3939 46

487 3973 748 4037 relatam
795 3995 940 4037 esse
980 3972 1308 4057 probabile
1355 3974 1458 4038 sit.
1538 3974 1725 4055 Quae
1769 3998 1915 4041 cum
1960 3976 2049 4041 ita
2096 3977 2243 4054 sint,
2286 3978 2565 4044 dubium
2610 3982 2805 4045 videri

487 4091 720 4165 potest,
765 4102 846 4147 an
889 4077 1206 4145 Claudius
1252 4082 1517 4167 antiquo
1564 4105 1739 4149 more
1782 4108 1893 4169 per
1926 4085 2439 4170 quinquennium
2474 4110 2801 4153 censuram

487 4186 762 4271 gesserit
829 4188 1216 4273 conditoque
1279 4214 1448 4257 anno
1506 4192 1585 4259 48
1652 4192 1859 4258 lustro
1920 4205 2133 4259 tamen
2190 4204 2257 4257 et
2310 4206 2461 4261 ante
2526 4208 2593 4261 et
2644 4208 2799 4282 post,

487 4294 798 4378 quamdiu
855 4307 1110 4381 tempus
1170 4298 1380 4385 prisca
1423 4300 1571 4385 lege
1618 4300 2042 4367 constitutum
2093 4301 2476 4387 patiebatur,
2520 4303 2795 4371 censoria

488 4420 756 4467 munera
795 4405 1141 4489 usurparit.
1221 4403 1561 4493 Collegam
1604 4409 1867 4493 quidem
1906 4398 2047 4477 eius
2095 4410 2176 4475 L.
2218 4410 2578 4489 Vitellium,
2620 4435 2793 4498 quem
2874 4412 2877 4552 ⁵
