2917 5017
446 318 529 384 62
1106 323 1187 372 De
1226 319 1398 370 Gallia
1434 317 1789 367 &manorum
1837 316 2114 380 provincia.

448 506 529 549 ex
584 482 865 547 nummis
929 482 987 546 ei
1048 479 1419 567 provinciae
1473 500 1588 565 per
1644 476 1976 542 biennium
2034 477 2389 563 praefuisse
2454 476 2743 542 discimus

448 591 746 671 (Eckhel.
762 588 1398 673 Doctr.numm.Hp.
1413 587 1588 668 369),
1603 608 1800 669 quare
1827 585 1908 650 de
1930 586 2192 671 Illyrico
2221 587 2354 651 solo
2375 585 2750 651 credendum

456 722 599 763 esse
646 697 931 783 putabat.
990 697 1189 778 Quod
1226 718 1363 771 nos,
1408 694 1524 779 qui
1565 716 1776 777 usque
1801 694 1886 757 ad
1923 694 2366 780 imperatorem
2393 695 2750 779 Augustum

450 806 693 871 nullam
766 806 1087 890 propriam
1152 803 1546 887 provinciam
1613 800 1944 887 Illyricum
2008 802 2210 867 fuisse
2269 802 2751 866 intellexerimus

452 911 845 996 (Comment.
902 911 1234 998 epigraph.
1275 911 1345 975 II
1382 936 1443 997 p.
1487 910 1673 992 221),
1729 932 1852 973 non
1897 910 2306 995 accipiemus.
2387 910 2522 975 Sed
2579 933 2755 994 quam

453 1020 850 1106 provinciam
896 1020 1173 1085 habebat
1220 1018 1531 1083 Silanus?
1584 1017 1749 1083 Nam
1777 1015 2036 1083 Siciliae
2077 1042 2246 1083 anno
2291 1018 2364 1083 61
2419 1016 2754 1103 praefuisse

451 1130 691 1193 scimus
735 1126 813 1193 C.
850 1127 1251 1212 Vergilium,
1310 1126 1694 1212 Hispaniam
1741 1126 2110 1190 ulteriorem
2151 1126 2412 1191 tenebat
2451 1123 2530 1189 C.
2571 1125 2754 1189 Iulius

454 1237 719 1313 Caesar,
764 1235 1057 1299 Africam
1092 1233 1177 1316 Q.
1201 1234 1556 1320 Pompeius
1583 1233 1820 1309 Rufus,
1846 1232 2298 1299 Macedoniam
2325 1232 2402 1299 C.
2429 1234 2755 1309 Antonius,

454 1345 684 1410 Asiam
724 1342 809 1424 Q.
850 1340 1109 1430 CicerO,
1174 1340 1454 1407 Galliam
1501 1339 1984 1406 Narbonensem
2039 1338 2116 1406 C.
2159 1342 2612 1428 Pomptinius;
2669 1364 2758 1406 eas

452 1464 665 1518 autem
737 1450 1132 1537 provincias,
1200 1472 1361 1535 quas
1424 1472 1540 1534 per
1593 1446 1926 1515 Orientem
1989 1451 2182 1517 modo
2240 1442 2364 1515 Cn'.
2429 1450 2758 1535 Pompeius

448 1571 704 1645 pacarat
747 1559 1133 1644 legibusque
1177 1558 1361 1623 novis
1410 1557 1850 1633 constituerat,
1890 1581 2019 1622 non
2057 1558 2458 1644 probabilius
2485 1570 2588 1623 est
2627 1568 2762 1621 tunc

450 1668 667 1732 denuo
712 1667 1033 1731 consulari
1098 1667 1235 1730 viro
1280 1677 1470 1750 atque
1517 1666 1828 1730 exercitui
1883 1690 2026 1731 esse
2073 1666 2340 1731 traditas
2383 1687 2580 1750 quam
2603 1665 2762 1731 'Sar-

457 1776 695 1841 diniam
752 1786 863 1841 aut
917 1774 1241 1860 Cyrenas,
1310 1797 1474 1859 quas
1533 1775 1644 1857 qui
1699 1775 1980 1839 rexerint
2039 1776 2390 1841 nescimus.
2491 1775 2588 1841 Ita
2649 1797 2764 1839 una

455 1885 839 1969 relinquitur
894 1883 1217 1969 Hispania
1270 1883 1554 1958 citerior,
1623 1906 1790 1967 quae
1851 1894 1916 1947 et
1975 1906 2165 1969 saepe
2223 1884 2586 1949 consularis
2635 1906 2764 1949 esse

454 1992 701 2057 solebat
752 2003 815 2055 et
863 1991 1116 2056 facilem
1160 1991 1468 2076 triumphi
1511 1990 1840 2055 materiem
1889 1990 2257 2075 praebebat.
2363 1994 2573 2076 Atque
2625 1993 2757 2055 eius

452 2100 545 2164 rei
590 2099 753 2163 adeo
799 2099 1135 2181 quaedam,
1180 2099 1476 2181 quamvis
1518 2098 1819 2176 obscura,
1865 2112 2160 2184 superest
2203 2101 2538 2166 memoria.
2594 2098 2762 2179 Quid

448 2209 619 2273 enim
664 2206 1029 2291 significant
1076 2229 1243 2290 quae
1292 2204 1476 2271 Sexti
1528 2206 1680 2271 Rufi
1730 2206 2118 2273 breviarium
2163 2232 2218 2273 c.
2267 2210 2306 2273 5
2350 2209 2583 2273 habet:
2657 2213 2760 2271 lte-

448 2317 739 2377 bellantes
762 2318 1103 2377 Lusitanos
1130 2318 1201 2377 in
1236 2318 1548 2395 Hispania
1585 2337 1700 2396 per
1732 2322 2046 2379 Decimum
2085 2324 2354 2379 Brutum
2403 2318 2754 2380 obtinuimus

448 2434 511 2487 et
554 2444 743 2503 usque
786 2426 985 2485 Gades
1024 2426 1111 2485 ad
1138 2426 1448 2485 Oceanum
1491 2446 1666 2487 mare
1699 2429 2094 2503 pervenimus
2139 2425 2344 2511 (unde
2385 2426 2633 2491 Brutus
2670 2425 2758 2489 ille

456 2552 623 2595 anno
681 2529 797 2593 136
854 2552 910 2593 a.
968 2527 1125 2593 Chr.
1172 2530 1651 2615 triumphavit).
1749 2532 1965 2596 Postea
2023 2537 2113 2597 ad
2169 2539 2486 2616 Hispanos
2542 2536 2759 2597 tumul-

448 2649 695 2701 tuantes
752 2642 1034 2701 Decimus
1081 2642 1297 2701 Iunius
1336 2643 1595 2703 Silanus
1657 2662 1796 2703 cum
1835 2647 2112 2705 exercitu
2169 2647 2390 2705 missus
2433 2666 2532 2707 eos
2588 2646 2766 2705 vicit?

449 2744 665 2827 Quem
706 2745 923 2809 locum
951 2767 1067 2809 cur
1098 2745 1182 2809 ad
1224 2746 1399 2811 hunc
1426 2747 1755 2813 consulem
1781 2750 2021 2814 referre
2049 2750 2328 2815 noluerit
2347 2749 2763 2837 Borghesius,

446 2874 575 2917 non
612 2854 925 2939 intelligo,
966 2853 1077 2938 qui
1107 2876 1257 2918 cum
1298 2854 1423 2919 alio
1467 2856 1752 2933 referret,
1789 2880 2032 2921 novum
2077 2858 2355 2946 aliquem
2393 2860 2489 2923 D.
2513 2858 2759 2922 Iunium

449 2960 743 3026 Silanum
786 2962 1067 3027 incertae
1118 2972 1182 3027 et
1223 2964 1447 3027 aetatis
1505 2975 1568 3029 et
1609 2964 1880 3051 originis
1923 2967 2290 3051 excogitare
2339 2977 2610 3033 coactus
2651 2976 2748 3039 est,

455 3069 643 3133 cuius
669 3069 849 3133 nulla
881 3070 1004 3134 alia
1032 3082 1205 3134 extat
1228 3073 1554 3137 memoria.
1596 3070 2068 3139 Successerunt
2099 3097 2268 3139 anno
2292 3075 2367 3140 61
2396 3075 2494 3139 Μ.
2519 3075 2758 3161 Pupius

446 3176 605 3241 Piso
634 3173 1113 3262 Calpurnianus
1159 3189 1223 3242 et
1244 3179 1339 3243 Μ.
1363 3180 1668 3245 Valerius
1711 3179 1996 3245 Messala
2032 3181 2602 3267 Niger'eonsules.
2667 3182 2762 3246 De

446 3305 726 3368 quorum
766 3284 1115 3369 provinciis
1162 3308 1311 3351 cum
1355 3286 1517 3351 nihil
1555 3288 1864 3365 tradatur,
1905 3311 2026 3355 nec
2063 3289 2373 3375 Pighium
2401 3292 2641 3358 Annal.
2668 3289 2761 3355 111

447 3416 516 3477 p.
568 3392 691 3457 349
731 3404 904 3457 recte
956 3393 1037 3458 iis
1078 3394 1421 3479 Illyricum.
1475 3407 1538 3460 et
1581 3396 1950 3481 Bithyniam
1995 3399 2364 3484 assignasse
2407 3402 2637 3477 vide0‚
2687 3398 2758 3463 de

446 3500 685 3584 quibus
730 3502 923 3565 modo
971 3501 1286 3581 diximus,
1345 3526 1464 3568 nec
1521 3515 1868 3590 utrumque
1909 3518 2019 3571 aut
2064 3507 2307 3573 nullam
2354 3510 2615 3574 omnino
2649 3528 2749 3571 cx-

444 3619 691 3673 ternam
732 3610 1127 3696 provinciam
1192 3622 1305 3677 aut
1356 3612 1521 3677 duas
1577 3624 1872 3679 externas
1929 3616 2255 3701 accepisse
2309 3618 2532 3685 iudico
2552 3666 2568 3693 ‚
2631 3614 2754 3689 sed,

446 3718 623 3800 quod
672 3717 1112 3804 superioribus
1150 3720 1335 3785 annis
1361 3721 1559 3785 moris
1603 3721 1832 3799 fuerat,
1879 3734 1952 3788 ut
1994 3746 2166 3789 unus
2189 3725 2440 3791 Italiam
2483 3726 2754 3799 haberet,

442 3824 603 3889 alter
636 3838 963 3891 externam
990 3828 1407 3914 provinciam,
1447 3829 1619 3895 idem
1651 3829 1776 3895 hoc
1805 3853 1972 3896 anno
2000 3833 2244 3898 factum
2273 3856 2416 3900 esse
2447 3834 2754 3899 existimo.

443 3932 523 3996 In
560 3934 750 3999 Italia
790 3946 1007 4001 autem
1059 3936 1375 4002 mansisse
1425 3960 1660 4003 censeo
1704 3938 1800 4003 M.
1846 3938 2214 4017 Valerium,
2278 3943 2516 4029 quippe
2574 3964 2754 4029 quem

354 4100 361 4107 .
446 4064 615 4106 anno
676 4043 757 4108 53
802 4043 1081 4111 sciamus
1136 4068 1282 4111 cum
1339 4046 1415 4110 P.
1460 4043 1739 4112 Servilio
1783 4048 2074 4113 Isaurico
2137 4070 2412 4117 censura
2469 4053 2752 4119 functum

444 4170 609 4225 esse,
649 4150 762 4234 qui
804 4150 1009 4217 honos
1054 4152 1309 4238 saepius
1359 4154 1461 4230 iis,
1501 4155 1614 4240 qui
1664 4154 1836 4219 civili
1877 4156 2072 4221 laude
2117 4159 2398 4223 contenti
2438 4159 2750 4227 bellicosis

442 4257 791 4342 provinciis
836 4258 1299 4325 abstinuissent
1317 4309 1334 4338 ‚
1388 4261 1530 4327 dari
1571 4263 1836 4328 solebat.
1919 4264 2026 4329 De
2067 4264 2318 4351 collega
2365 4280 2578 4334 autem
2617 4267 2746 4332 eius

444 4361 583 4431 Cio.
624 4365 708 4430 ad
748 4364 887 4431 Att.
930 4368 998 4444 I,
1050 4368 1159 4444 16,
1206 4369 1245 4434 8
1288 4369 1383 4433 sic
1427 4369 1679 4435 scribit:
1763 4375 2048 4437 Pisonem
2101 4378 2410 4437 consulem
2464 4380 2642 4448 nulla
2684 4379 2744 4435 in
