2917 5017
399 387 559 436 ἶν’

401 538 788 625 telligamur‚
851 547 1063 601 tamen
1113 535 1393 621 plurima
1450 555 1579 600 non
1636 534 1829 599 modo
1890 533 2185 611 brevius,
2240 557 2463 602 verum
2531 535 2724 601 etiam

400 647 612 732 aptius
669 645 996 710 dicemus:
1050 655 1150 710 est
1196 643 1388 708 etiam
1439 642 1565 706 hoc
1608 641 1879 706 Latinae
1929 641 2191 726 linguae
2242 641 2598 730 ingenium,
2650 654 2725 708 ut

399 753 650 819 facilius
698 752 1081 841 argumenti,
1124 751 1298 837 quod
1341 749 1742 837 propositum
1778 751 1881 824 sit,
1910 747 2149 814 finibus
2185 751 2549 817 contineare
2579 775 2726 829 nec,

400 862 560 926 dum
601 860 1000 927 multitudini
1053 860 1306 946 placere
1352 858 1598 944 cupias,
1642 857 1725 923 ad
1772 880 1869 935 ea,
1910 879 2075 942 quae
2122 859 2337 944 specie
2382 859 2729 946 magnifica

400 970 753 1054 eademque
801 971 1014 1034 minus
1057 991 1210 1033 vera
1251 968 1399 1043 sint,
1443 965 1788 1031 deducare.
1856 963 2242 1031 Germanice
2285 966 2481 1053 longe
2510 988 2727 1053 prom-

397 1078 640 1164 ptiores
685 1077 769 1141 ad
815 1077 1211 1143 audiendum
1254 1075 1587 1140 hominum
1627 1095 1817 1139 aures
1846 1072 2234 1151 invenimus,
2273 1074 2557 1161 plurium
2586 1085 2727 1139 stu-

399 1185 508 1250 dia
565 1185 938 1263 invitamus,
1001 1184 1244 1248 minore
1303 1205 1451 1248 cum
1494 1181 1789 1247 molestia
1842 1182 2315 1268 cognoscimur,
2374 1205 2453 1248 ne
2501 1205 2727 1247 eorum

398 1292 681 1378 quidem,
745 1294 857 1379 qui
905 1292 1343 1377 antiquitatem
1397 1300 1659 1377 propter
1718 1311 2119 1354 communem
2173 1289 2499 1375 quandam
2548 1290 2728 1355 utili-

397 1412 592 1468 tatem
635 1402 949 1487 attingere
996 1399 1285 1486 cupiunt,
1330 1400 1727 1465 voluntatem
1787 1398 2218 1463 deterremus:
2269 1399 2384 1463 sed
2426 1409 2488 1464 et
2525 1400 2727 1464 multa

399 1532 591 1597 saepe
657 1510 954 1597 pluribus
1021 1529 1342 1595 exponere
1407 1521 1473 1572 et
1530 1519 1895 1574 nostrarum
1964 1528 2179 1572 rerum
2236 1518 2731 1594 temporumque

400 1618 889 1683 similitudinem
934 1639 1054 1682 nec
1100 1616 1403 1681 subtilem
1449 1616 1607 1680 satis
1654 1628 1717 1680 et
1758 1614 2131 1700 multiplicis
2170 1617 2419 1681 fraudis
2472 1616 2728 1702 plenam

398 1725 708 1792 adhibere
754 1725 1068 1812 cogimur.
1155 1721 1256 1789 Sit
1299 1724 1504 1811 igitur
1544 1735 1767 1789 nostra
1803 1724 2007 1789 oratio
2052 1724 2159 1801 iis,
2202 1725 2316 1810 qui
2358 1723 2731 1789 universam

397 1834 676 1919 aliquam
719 1833 1126 1921 disciplinam
1180 1834 1709 1920 complectantur,
1756 1833 2109 1919 aptissima,
2164 1833 2277 1918 qui
2322 1854 2543 1898 curam
2596 1853 2730 1898 non

401 1943 704 2008 maiorem
761 1943 828 2006 in
879 1941 1272 2045 inveniendo
1329 1965 1523 2026 quam
1578 1942 1645 2005 in
1706 1941 2065 2028 digerendo
2118 1952 2308 2025 atque
2354 1940 2731 2006 adornando
2767 1983 2775 1990 ·

401 2072 640 2135 ponere
701 2051 927 2128 solent,
983 2049 1218 2114 Latina
1278 2059 1448 2113 certe
1506 2049 1574 2112 in
1631 2049 1733 2126 iis,
1780 2049 1893 2134 qui
1938 2049 2095 2114 dum
2142 2049 2475 2116 scientiam
2519 2049 2731 2135 ipsam

395 2158 794 2243 antiquitatis
841 2168 1141 2244 augeant,
1189 2156 1410 2221 multis
1455 2157 1707 2242 placere
1753 2158 2001 2234 nolunt,
2047 2157 2397 2243 vituperari
2438 2179 2569 2222 non
2613 2180 2731 2244 po-

398 2265 547 2330 terit
608 2288 817 2352 neque
870 2289 910 2330 a
965 2264 1180 2341 nobis,
1238 2267 1352 2351 qui
1409 2264 1835 2330 reconditiora
1884 2276 2079 2350 atque
2132 2266 2457 2352 ignotiora
2505 2287 2731 2352 perse·-

393 2395 773 2458 queremur‚
829 2373 1172 2440 videbatur
1233 2397 1376 2440 esse
1432 2373 1824 2440 deserenda:
1888 2397 1970 2439 ex
2038 2373 2278 2459 quibus
2340 2397 2507 2460 quae
2576 2397 2732 2440 vera

395 2493 603 2558 erunt,
651 2482 922 2548 aliorum
971 2482 1256 2549 virorum
1302 2483 1637 2548 doctorum
1682 2481 2003 2548 industria
2047 2482 2581 2570 propagabantur
2626 2494 2727 2548 at-

396 2611 523 2674 que
577 2590 658 2654 ad
717 2612 962 2667 eorum,
1022 2590 1135 2674 qui
1177 2591 1260 2656 ab
1309 2590 1561 2656 Latinis
1600 2589 1785 2657 libris
1831 2591 2197 2668 abhorrent,
2250 2591 2535 2656 notitiam
2578 2614 2729 2677 per-

394 2697 674 2764 venient.
757 2695 1168 2783 Quamquam
1221 2721 1303 2764 ne
1355 2699 1461 2764 cui
1508 2699 1806 2765 abstrusa
1850 2721 2119 2785 prorsus
2168 2709 2358 2784 atque
2406 2722 2445 2764 a
2486 2699 2727 2765 nostris

397 2805 798 2891 temporibus
855 2805 1081 2882 aliena,
1135 2829 1302 2891 quae
1357 2808 1705 2873 multorum
1762 2807 2131 2894 cognitione
2172 2807 2443 2895 indigna
2484 2821 2724 2885 essent,

395 2911 648 2978 tradere
697 2913 1233 2991 existimaremur,
1279 2936 1429 2980 cum
1482 2937 1697 2981 coram
1748 2914 2047 3002 pluribus
2090 2915 2353 2981 dicendi
2397 2900 2565 2982 forte
2606 2916 2725 2983 ob-

390 3019 520 3085 lata
561 3031 734 3087 esset
791 3023 1066 3100 occasio,
1121 3045 1250 3088 non
1311 3023 1497 3089 inviti
1541 3025 1837 3102 fecimus,
1882 3035 1957 3089 ut
2002 3024 2383 3110 particulam
2438 3025 2724 3110 aliquam

394 3152 472 3193 ex
531 3129 632 3196 his
695 3130 1210 3215 quaestionibus,
1273 3153 1450 3209 eam,
1502 3154 1669 3215 quae
1726 3132 1811 3196 de
1862 3132 2323 3217 imperatorum
2378 3133 2725 3200 tribunicia

391 3247 706 3322 potestate
749 3249 868 3316 est,
911 3239 1102 3304 etiam
1133 3238 1524 3305 Germanice
1550 3260 2051 3326 exponeremus=
2098 3263 2219 3306 nec
2256 3242 2527 3327 reliqua,
2557 3264 2725 3327 quae

394 3344 502 3410 hic
542 3345 1040 3432 disputavimus,
1083 3358 1196 3412 aut
1237 3347 1539 3412 dissimili
1580 3371 1661 3413 ex
1700 3369 1937 3434 genere
1978 3360 2131 3414 sunt
2160 3363 2271 3415 aut
2301 3349 2517 3414 minus
2546 3372 2724 3416 com-

391 3451 602 3532 mode,
645 3454 700 3519 si
741 3477 904 3520 usus
948 3455 1040 3520 ita
1077 3456 1260 3531 ferat,
1304 3454 1693 3522 Germanice
1736 3456 1989 3542 possint
2032 3458 2297 3523 narrari.

557 3561 1035 3647 Argumentum
1081 3574 1295 3630 autem
1338 3563 1567 3628 harum
1612 3565 2217 3630 commentationum
2262 3588 2411 3632 cum
2452 3568 2721 3653 quadri-

389 3669 616 3734 fariam
655 3691 694 3732 a
737 3671 924 3737 nobis
965 3672 1250 3738 divisum
1297 3671 1400 3750 sit,
1449 3671 1692 3756 duplex
1730 3683 1941 3738 tamen
1992 3675 2471 3757 quodammodo
2500 3687 2619 3755 est,
2648 3689 2721 3743 ut

389 3775 588 3841 altera
631 3776 962 3844 cohaereat
1009 3801 1157 3846 cum
1198 3780 1423 3866 prima,
1458 3778 1681 3846 tertiae
1724 3780 2120 3868 adiungatur
2154 3795 2400 3868 quarta.
2456 3783 2715 3850 Etenim

387 3883 595 3968 prima
655 3883 1008 3971 disputatio
1074 3898 1174 3953 est
1235 3890 1310 3951 de
1365 3892 1579 3951 Gallia
1642 3891 2071 3952 Romanorum
2126 3897 2477 3974 provincia,
2528 3895 2717 3960 cuius

385 3991 654 4057 historia
707 3991 790 4058 ab
844 3993 989 4080 ipsa
1043 3993 1292 4080 origine
1345 4017 1557 4080 usque
1608 3995 1691 4061 ad
1736 3995 2182 4082 imperatorem
2239 3999 2715 4086 Vespasianum

383 4109 699 4164 narratur.
796 4098 946 4182 Quo
995 4111 1172 4166 tanto
1220 4102 1527 4188 temporis
1580 4103 1785 4191 spatio
1838 4117 1995 4190 quot
2051 4117 2451 4193 quantaeque
2494 4132 2599 4176 res
2642 4112 2713 4176 in

382 4205 720 4292 republica
757 4207 1050 4274 Romana
1093 4209 1507 4276 acciderunt!
1578 4210 1875 4292 Quarum
1915 4215 2095 4280 nulla
2136 4237 2335 4302 prope
2376 4226 2497 4296 est,
2544 4240 2712 4303 quae

381 4336 506 4378 non
563 4314 780 4400 aliqua
832 4316 1079 4383 ratione
1137 4339 1286 4383 cum
1341 4316 1559 4385 Gallia
1609 4320 1957 4394 coniuncta,
2000 4322 2102 4386 sit.
2179 4322 2347 4389 Nam
2405 4309 2749 4409 quoniam'

381 4421 496 4487 diu
541 4423 854 4511 quicquid
895 4425 964 4490 in
1018 4423 1229 4492 Gallis
1273 4427 1617 4493 subactum
1666 4440 1823 4506 erat,
1882 4428 2275 4497 coniunctim
2334 4455 2491 4498 cum
2523 4433 2711 4502 Italia
