2917 5017
797 364 876 412 De
911 364 1172 413 dictatoris
1215 362 1451 413 Caesaris
1488 362 1785 411 honoribus.
2330 356 2461 423 249

127 546 268 587 non
313 521 492 608 quod
531 547 658 588 non
691 525 888 610 digna
929 525 1074 601 sint,
1119 524 1200 588 de
1237 522 1475 607 quibus
1506 522 1721 587 denuo
1751 533 2111 607 quaeratur,
2138 525 2253 590 sed
2281 546 2463 611 prae-

127 632 300 696 verti
352 632 648 718 placebat
702 632 784 697 ad
828 632 918 710 id,
963 632 1136 717 quod
1177 643 1239 697 et
1283 632 1636 697 maximum
1677 644 1849 696 esset
1892 642 1953 697 et
2000 632 2195 710 idem,
2238 656 2464 717 quam-

127 740 228 804 vis
271 762 470 825 saepe
505 750 676 805 esset
721 740 1170 817 examinatum,
1232 740 1463 805 multas
1506 739 1933 805 dubitationes
1970 762 2045 805 ac
2080 741 2264 825 quasi
2289 750 2465 804 tene·-

124 870 280 911 oras
326 848 612 913 haberet.
702 846 882 928 Quid
929 848 1097 913 enim
1155 847 1537 913 celebratius
1586 859 1685 913 est
1729 849 2071 915 tribunicia
2106 846 2465 934 potestate?

128 955 324 1037 Quae
367 954 692 1039 quomodo
730 957 1051 1019 numerari
1097 958 1440 1033 consuerit,
1488 956 1673 1021 multi
1712 957 1836 1021 viri
1874 956 2231 1023 doctissimi
2269 976 2467 1039 expo-

131 1072 456 1127 suerunt:
503 1073 568 1127 at
611 1084 740 1147 quo
792 1064 986 1128 modo
1029 1074 1166 1127 orta
1215 1063 1298 1127 sit
1347 1074 1412 1128 et
1455 1065 1729 1129 creverit
1770 1076 1835 1128 et
1876 1087 1953 1129 ea
1996 1065 2257 1129 tandem
2298 1063 2469 1127 facta

123 1171 231 1247 sit,
283 1192 481 1254 quam
519 1172 588 1235 in
631 1170 1123 1257 imperatoribus
1164 1172 1551 1248 invenimus,
1594 1172 1792 1237 iidem
1825 1173 1930 1237 vel
1960 1193 2227 1258 prorsus
2256 1179 2470 1233 tacent

121 1279 234 1343 vel
275 1279 374 1343 ita
415 1289 933 1355 commemorant,
981 1290 1054 1343 ut
1101 1302 1246 1343 cum
1289 1280 1649 1366 perspicuis
1676 1280 2061 1365 scriptorum
2086 1277 2467 1343 testimoniis

117 1398 448 1473 pugnent.
534 1385 722 1468 Quae
783 1386 840 1451 si
899 1386 1138 1451 rectius
1197 1387 1688 1473 perspicientur,
1751 1387 2087 1473 paululum
2142 1386 2336 1450 etiam
2385 1386 2468 1448 ad

121 1506 423 1561 veterem
476 1496 651 1560 illam
713 1495 1122 1561 tribunorum
1173 1495 1382 1581 plebis
1451 1505 1859 1581 potestatem,
1920 1518 2085 1579 quae
2142 1494 2208 1558 in
2265 1492 2470 1557 libera

123 1602 470 1690 republica
529 1603 674 1680 fuit,
727 1602 1214 1689 intelligendam
1266 1603 1785 1668 redundaturum
1843 1625 1984 1667 esse
2030 1602 2469 1666 existimamus

128 1734 350 1797 neque
392 1712 464 1776 id
511 1712 580 1775 in
623 1721 798 1775 tanta
841 1710 1038 1775 huius
1076 1712 1438 1797 argumenti
1484 1710 1863 1777 difficultate
1902 1733 2032 1775 non
2074 1710 2197 1775 erit
2234 1709 2469 1795 gratis-

129 1821 398 1885 simum.
489 1821 628 1886 Iam
684 1820 814 1884 Dio
874 1816 1146 1884 Cassius
1205 1819 1432 1895 XLII,
1492 1819 1574 1885 20
1608 1808 1711 1883 de
1770 1817 2115 1882 tribunicia
2161 1828 2470 1903 potestate

131 1930 436 1995 dictatori
485 1927 750 1995 Caesari
789 1928 1092 1993 continuo
1137 1940 1468 2013 postquam
1512 1928 1779 1992 nuntius
1824 1927 1905 1991 de
1950 1927 2145 1991 caede
2179 1924 2471 2009 Pompeii

127 2040 408 2113 Romam
453 2037 764 2124 pervenit,
812 2036 1024 2102 delata
1064 2038 1157 2101 sic
1201 2035 1460 2101 scribit:
1511 2036 1633 2121 Τήν
1675 2062 1740 2099 τε
1786 2037 2059 2106 ἐξουσίαν
2092 2039 2209 2097 τῶν
2246 2036 2471 2117 δημάρ-

133 2172 274 2233 χων
333 2149 432 2211 διὰ
498 2148 656 2233 βίου,
715 2152 798 2215 ὥς
842 2148 1054 2221 εἰπεῖν,
1107 2146 1476 2229 προςέθετο·
1531 2144 2020 2229 συγκαθέζεσθαί
2078 2166 2144 2205 τε
2200 2143 2313 2227 γὰρ
2376 2143 2474 2207 ἐπὶ

131 2263 262 2321 τῶν
325 2257 522 2321 αὐτῶν
585 2256 831 2342 βάθρων
877 2256 979 2318 καὶ
1037 2255 1100 2322 ἐς
1144 2252 1338 2317 τᾶλλα
1386 2254 1847 2324 συνεξετάζεθαι
1891 2252 2121 2337 σφίσιν,
2184 2254 2215 2315 ὃ
2262 2253 2475 2335 μηδενὶ

135 2367 306 2449 ἐξῆν,
355 2366 588 2449 εὕρετο.
635 2364 706 2426 αἵ
737 2386 804 2424 τε
841 2363 954 2446 γὰρ
1003 2361 1389 2446 ἀρχαιρεσίαι
1435 2364 1627 2423 πᾶσαι
1670 2362 1825 2445 πλὴν
1874 2368 1991 2424 τῶν
2040 2366 2146 2424 τοῦ
2198 2362 2476 2444 πλήθους

135 2474 232 2537 ἐπ’
267 2473 440 2557 αὐτῷ’
477 2471 775 2555 ἐγένοντο.
820 2468 1197 2534 Tribunicio.
1230 2467 1432 2553 igitur
1466 2477 1747 2553 potestas
1784 2480 2093 2554 perpetua
2126 2470 2183 2533 ei
2220 2468 2477 2533 decreta

131 2593 236 2648 est
273 2602 486 2665 neque
526 2600 668 2644 eam
703 2577 1059 2653 recusavit3
1097 2599 1245 2641 nam
1269 2576 1380 2640 illa
1405 2597 1571 2661 quae
1602 2585 1755 2641 sunt
1778 2576 2109 2661 προςέθετο
2138 2586 2201 2641 et
2242 2578 2477 2661 εὕρετο,

131 2688 469 2777 quomodo
493 2689 816 2753 decretam
849 2696 1096 2750 tantum
1121 2706 1264 2749 esse
1285 2685 1480 2760 illam,
1510 2705 1640 2747 non
1662 2694 1987 2770 receptam
2014 2709 2053 2751 a
2076 2682 2355 2750 Caesare
2389 2684 2477 2748 si·-

138 2797 494 2887 gnificent?
539 2797 888 2881 Perperam
933 2794 1136 2880 igitur
1171 2792 1487 2858 iudicaret
1520 2793 1783 2858 Tacitus
1809 2794 2045 2858 Annal.
2070 2792 2194 2869 III,
2232 2792 2333 2868 56,
2368 2791 2480 2876 qui
2594 2790 2606 2802 “

141 2908 260 2973 ubi
308 2906 395 2971 de
441 2904 784 2970 tribunicia
825 2914 1162 2991 potestate,
1204 2925 1395 2987 quam
1423 2901 1727 2966 Tiberius
1771 2902 1991 2967 Druso
2028 2901 2161 2965 filio
2203 2899 2479 2987 petebat,

139 3018 369 3092 refert,
425 3018 498 3077 id
546 3018 775 3078 summi
804 3016 1079 3095 fastigii
1119 3012 1501 3089 vocabulum,
1553 3009 1783 3095 inquit,
1837 3016 2153 3091 Augustus
2193 3013 2481 3091 repperit,

141 3152 222 3189 ne
275 3130 444 3207 ragis
497 3134 612 3185 aut
666 3124 989 3185 dictatoris
1037 3144 1258 3184 nomen
1303 3130 1645 3182 assumeret
1692 3144 1767 3181 ac
1820 3129 2025 3181 tamen
2070 3122 2484 3200 appellatione

143 3242 368 3319 aliqua
413 3244 612 3295 cetera
654 3234 920 3311 imperia
956 3234 1390 3311 praemineret.
1479 3228 1622 3293 Nisi
1668 3229 1833 3292 forte
1878 3227 2217 3291 credemus
2251 3224 2482 3310 Lipsio

153 3344 464 3409 Tacitum
492 3341 586 3407 sic
611 3338 1074 3425 interpretanti,
1093 3348 1167 3401 ut
1189 3334 1535 3417 Caesarem
1563 3338 1736 3402 dicat
1760 3358 1837 3401 eo
1862 3335 2119 3399 nomine
2138 3358 2268 3400 non
2289 3357 2485 3399 usum

149 3476 300 3520 esse
337 3449 594 3538 publice
620 3444 1077 3532 Augustoque,
1115 3446 1226 3531 qui
1260 3446 1508 3531 primus
1548 3467 1709 3510 usus
1738 3456 1909 3509 esset
1947 3442 2483 3530 splendoremque

148 3564 210 3628 ei
253 3560 568 3634 dedisset,
602 3579 733 3622 non
757 3554 1073 3621 immerito
1103 3554 1244 3619 eius
1279 3554 1595 3641 originem
1626 3553 1843 3618 tribui.
1888 3552 2229 3617 Praeclara
2267 3550 2485 3615 hercle

150 3672 394 3737 fuisset
412 3668 523 3732 illa
543 3665 832 3749 Augusti
849 3663 1154 3739 inventi0,
1179 3662 1463 3747 quicum
1481 3683 1617 3725 rem
1644 3660 1849 3746 ipsam
1872 3681 1909 3722 a
1924 3670 2103 3745 patre
2128 3681 2247 3723 suo
2266 3670 2487 3723 nosset
2518 3746 2521 3749 .

153 3803 306 3846 esse
330 3784 724 3861 usurpatam,
751 3771 929 3857 quod
956 3794 1104 3835 eum
1141 3792 1282 3836 sese
1303 3769 1611 3856 appellari
1634 3769 1887 3833 iuberet
1919 3768 2031 3853 qui
2058 3776 2248 3842 esset,
2268 3766 2487 3831 nescio

153 3886 338 3973 quod
383 3882 714 3969 fastigium
750 3880 1070 3967 potentiae
1119 3901 1272 3944 suae
1319 3878 1631 3943 adiecisse
1676 3877 2017 3943 diceretur.
2078 3872 2183 3940 Ac
2226 3874 2487 3959 quando

158 3998 543 4082 Augustum
589 3990 752 4055 illud
803 3988 1130 4055 invenisse
1168 3988 1511 4073 putamus?
1598 3986 1857 4052 Etenim
1904 4005 2069 4049 anno
2110 3982 2189 4048 36
2230 4006 2286 4047 a.
2331 3978 2487 4046 Chr.

159 4115 312 4191 post
371 4100 524 4167 Sex.
569 4096 946 4184 Pompeium
975 4097 1246 4161 -victum
1305 4096 1437 4160 Dio
1496 4096 1765 4171 XLIX,
1828 4094 1903 4157 15
1960 4092 2081 4156 hoc
2138 4091 2196 4154 ei
2267 4090 2489 4155 datum

163 4236 308 4279 esse
341 4208 596 4282 scribit:
640 4209 745 4291 τήν
773 4229 837 4271 τε
877 4204 982 4269 οὖν
1029 4205 1219 4269 οἰκίαν
1271 4203 1438 4290 αὐτῷ
1479 4204 1857 4289 ἐψηφίσαντο
1886 4202 1987 4263 καὶ
2022 4203 2089 4264 τὸ
2132 4201 2281 4283 μήτε
2325 4198 2491 4291 λόγῳ

167 4325 320 4406 μήτε
362 4318 522 4403 ἔργῳ
573 4340 627 4379 τι
667 4316 1052 4401 ὑβρίζεσθαι·
1115 4315 1170 4376 εἰ
1218 4314 1284 4375 δὲ
1345 4315 1450 4397 μὴ,
1506 4317 1633 4380 τοῖς
1690 4310 1894 4377 αὐτοῖς
1954 4310 2055 4370 τὸν
2108 4305 2383 4368 τοιοῦτόν
2436 4328 2491 4367 τι

169 4431 477 4516 δράσαντα
533 4423 876 4512 ἐνέχεσθαι,
936 4422 1138 4507 οἷςπερ
1199 4421 1296 4483 ἐπὶ
1348 4426 1436 4507 τῷ
1498 4420 1797 4505 δημάρχῳ
1854 4414 2165 4477 ἐτέτακτο·
2218 4413 2319 4476 καὶ
2374 4413 2487 4499 γὰρ
