2917 5017
787 334 871 384 De
903 334 1166 385 dictatoris
1201 333 1440 387 Caesaris
1474 336 1771 386 honoribus.
2314 332 2437 401 223

163 502 306 565 ferre
357 500 622 565 videtur.
711 497 1122 583 Quamquam
1177 499 1312 565 sive
1366 499 1629 563 retinuit
1676 499 1813 563 sive
1858 498 2161 587 deposuit
2203 524 2438 567 consu-

160 610 330 674 latum
375 606 640 685 Cacsar,
701 607 886 671 titulo
932 618 1122 673 tenus
1169 620 1340 673 certe
1383 608 1620 693 gessit,
1676 620 2013 693 postquam
2056 610 2440 676 dictaturam

159 715 393 801 accepit,
434 716 502 780 in
541 739 672 801 qua
711 716 1094 801 magistrum
1139 717 1428 801 equitum
1468 718 1527 781 ei
1563 717 1766 781 fuisse
1804 718 2439 785 commemoravimus

157 825 234 888 M.
257 822 594 889 Aemilium
623 823 968 909 Lepidum.
1053 822 1188 890 Sed
1232 825 1338 889 hic
1371 848 1530 889 num
1572 826 1832 891 futurus
1878 838 2011 891 erat
2060 827 2127 890 in
2175 828 2441 891 totidem

155 956 348 1009 annos,
393 934 461 997 in
507 944 664 1017 quot
705 930 970 997 Caesari
1011 935 1136 1018 ipsi
1182 934 1500 999 dictatura
1542 934 1693 999 data
1734 935 1911 999 erat?
1984 934 2159 999 Nihil
2198 937 2281 999 de
2320 937 2441 1001 hac

153 1066 210 1106 re
241 1042 506 1106 traditur
543 1064 664 1105 nec
703 1042 1048 1126 quicquam
1093 1043 1352 1107 omnino
1395 1043 1460 1105 in
1488 1042 1635 1127 lege
1668 1043 1871 1107 fuisse
1901 1044 2211 1127 suspicor.
2276 1044 2439 1109 Nam

152 1150 304 1235 quod
347 1151 589 1235 antiqui
631 1151 826 1215 moris
871 1166 1039 1228 erat,
1083 1174 1164 1215 ne
1209 1151 1519 1237 magister
1564 1152 1850 1235 equitum
1895 1152 2043 1237 plus
2086 1176 2277 1238 quam
2326 1176 2440 1217 sex

151 1260 438 1323 mensium
498 1270 698 1335 esset,
763 1260 833 1322 id
886 1260 1010 1324 iam
1059 1283 1227 1324 anno
1271 1260 1349 1325 48
1395 1284 1434 1323 a
1480 1260 1574 1325 M.
1616 1259 1940 1337 Antonin,
1999 1262 2111 1345 qui
2154 1284 2439 1326 annuum

148 1367 560 1453 magisterium
613 1378 975 1437 exerceret.
1039 1378 1475 1453 contemptum
1528 1391 1673 1433 esse
1726 1392 1921 1454 supra
1964 1370 2281 1445 diximus,
2344 1371 2440 1433 M.

147 1485 332 1539 autem
359 1476 690 1561 Lepidum
731 1486 795 1540 et
830 1500 948 1562 per
989 1499 1230 1541 annum
1259 1478 1338 1540 46
1379 1477 1788 1561 proximique
1832 1477 2015 1542 initio
2062 1479 2442 1563 magistrum

146 1585 321 1649 fuisse
363 1584 666 1649 videmus
709 1596 772 1648 et
815 1608 962 1649 cum
1001 1584 1386 1649 dictaturam
1437 1596 1731 1669 quartam
1778 1582 2021 1650 Caesar
2066 1588 2441 1672 susciperet,

145 1694 428 1757 refectum
479 1690 560 1757 C.
615 1691 894 1758 Octavio
952 1694 1212 1779 repulso
1263 1716 1384 1757 nec
1431 1695 1614 1779 prius
1669 1695 1921 1758 iussum
1976 1694 2187 1770 abire,
2248 1719 2441 1779 quam

147 1824 350 1885 magna
401 1802 834 1887 opulentaque
885 1802 1218 1887 provincia
1267 1814 1533 1867 ornatus
1576 1803 1817 1867 nullam
1860 1803 2193 1889 dignitatis
2238 1806 2443 1869 demi-

143 1910 444 1975 nutionem
493 1910 824 1973 videretur
857 1933 1000 1975 esse
1045 1931 1380 1995 passurus.
1456 1912 1647 1975 Hanc
1685 1922 1921 1975 tant-am
1960 1910 2259 1977 Caesaris
2298 1936 2443 1975 mu·

144 2017 508 2083 nificentiam
546 2040 674 2081 non
711 2018 780 2081 in
814 2018 1112 2095 hominis,
1151 2019 1262 2103 qui
1299 2019 1609 2083 mediocri
1636 2020 1895 2101 ingenio
1920 2031 2112 2096 esset,
2150 2021 2442 2096 utilitate,

142 2127 238 2189 sed
273 2127 338 2189 in
377 2150 492 2203 ec,
559 2125 734 2210 quod
783 2124 1027 2191 Caesar
1075 2151 1269 2211 quem
1313 2128 1620 2193 honorem
1663 2128 1841 2193 nullo
1878 2140 2164 2214 tempore
2208 2130 2437 2214 praefi-

140 2235 254 2299 nito
287 2236 599 2311 dedisset,
643 2246 880 2299 temere
923 2236 1204 2301 adimere
1247 2238 1465 2313 nollet,
1514 2238 1699 2301 sitam
1740 2237 1945 2301 fuisse
1983 2238 2274 2301 conficio·

285 2341 456 2407 Cum
513 2354 728 2408 autem
782 2366 990 2407 annus
1031 2344 1110 2409 46
1167 2346 1402 2419 exiret,
1468 2342 1711 2409 Caesar
1750 2345 1817 2407 in
1864 2346 2245 2431 Hispaniam
2290 2369 2445 2431 pro·

137 2451 324 2516 fectus
363 2464 488 2528 est,
531 2475 750 2516 mense
787 2452 1162 2517 Intercalari
1207 2452 1420 2537 priore
1464 2450 1635 2540 (Cic.
1680 2454 1863 2537 epist.
1901 2454 2019 2529 VI,
2065 2455 2169 2535 14)
2220 2455 2446 2521 ὕπατος

138 2562 514 2647 ἀποδειχθεὶς
557 2563 623 2625 τὸ
666 2561 986 2645 τέταρτον,
1036 2570 1108 2623 ut
1149 2561 1543 2626 Plutarchus
1588 2558 1776 2625 Caes.
1816 2562 1897 2627 56
1940 2562 2045 2627 ait.
2138 2563 2445 2646 Idemque

137 2690 380 2733 necesse
425 2679 530 2733 est
569 2669 785 2733 dicere
821 2680 1148 2733 auctorem
1191 2667 1340 2733 bell.
1383 2670 1658 2755 Hispan.
1704 2691 1760 2732 c.
1803 2670 1877 2745 2,
1944 2670 2056 2753 qui
2099 2670 2301 2755 vulgo
2342 2670 2445 2734 iu·

136 2774 305 2841 betur
361 2800 656 2854 narrare,
717 2774 1062 2842 Caesarem
1116 2778 1180 2841 in
1233 2776 1613 2861 Hispaniam
1668 2775 1880 2840 abisse
1926 2780 2287 2840 dictatorem
2334 2783 2445 2855 m,

135 2888 508 2966 designatum
555 2890 658 2961 IV,
719 2885 892 2969 quod
952 2885 1186 2950 falsum
1247 2906 1390 2949 esse
1447 2885 1591 2970 ipsa
1649 2884 2005 2949 dictaturae
2048 2886 2211 2948 ratio
2258 2884 2445 2950 facile

137 2994 324 3071 docet,
369 3018 570 3079 quam
609 2994 900 3079 plerique
940 2992 1226 3057 virorum
1271 2993 1612 3057 doctorum
1649 3015 1879 3077 parum
1915 3003 2087 3056 recte
2126 2992 2445 3057 eiusmodi

133 3102 316 3169 fuisse
369 3113 700 3178 statuunt,
761 3114 834 3166 ut
893 3102 1234 3184 quotannis
1291 3112 1705 3185 repeteretur.
1812 3101 2072 3165 Etenim
2119 3100 2445 3167 veteribus

133 3212 374 3295 legibus
421 3212 550 3275 hoc
593 3221 842 3275 tantum
887 3210 1201 3274 sancitum
1239 3222 1404 3285 erat,
1449 3232 1533 3273 ne
1570 3210 1741 3273 ultra
1786 3232 1899 3275 sex
1940 3231 2195 3273 menses
2244 3209 2447 3273 dicta-

132 3331 328 3384 torum
355 3330 646 3405 potestas
671 3317 1144 3393 extenderetur,
1179 3319 1245 3381 in
1274 3317 1553 3403 legibus,
1588 3341 1751 3401 quae
1778 3319 1859 3383 de
1886 3316 2185 3383 Caesaris
2210 3318 2449 3383 honore

133 3440 318 3503 erant,
349 3428 513 3491 nihil
538 3427 741 3491 fuisse
767 3426 1154 3502 invenimus,
1193 3426 1316 3491 nisi
1345 3439 1417 3489 ut
1443 3428 1643 3491 altera
1667 3426 1984 3491 dictatura
2014 3437 2185 3491 esset
2216 3448 2447 3503 annua,

131 3536 304 3600 tertia
359 3536 588 3601 decem
651 3556 1000 3610 annorum,
1060 3534 1322 3611 ultima,
1380 3535 1461 3599 de
1514 3558 1643 3619 qua
1684 3546 1909 3619 postea
1948 3534 2448 3619 disputabimus,

131 3656 467 3730 perpetua:
541 3641 696 3726 quid
749 3642 954 3727 igitur
1003 3653 1131 3718 est,
1196 3643 1370 3726 quod
1420 3642 1777 3707 dictaturae
1829 3664 2061 3706 nomen
2108 3642 2449 3725 quotannis

132 3755 470 3837 repetitum
511 3774 654 3817 esse
699 3750 1188 3815 existimemus?
1266 3752 1485 3835 Atque
1530 3752 1599 3815 id
1644 3750 1709 3815 in
1760 3750 2077 3814 dictatura
2123 3771 2251 3814 non
2294 3772 2448 3815 con-

133 3862 420 3927 suevisse
475 3859 614 3925 fieri
660 3859 1016 3924 certissimo
1065 3860 1360 3944 exemplo
1405 3860 1664 3925 scimus.
1743 3858 1911 3924 Nam
1952 3858 2035 3923 L.
2074 3856 2259 3921 Sulla
2302 3880 2447 3921 cum

135 3992 288 4033 anno
330 3970 416 4035 82
469 3966 928 4054 rempublicam
987 3967 1054 4030 in
1110 3978 1490 4054 potestatem
1526 3979 1716 4033 'suam
1756 3968 2149 4053 redegisset,
2210 3989 2327 4051 per
2366 3965 2448 4031 L.

137 4076 460 4142 Valerium
513 4076 900 4161 interregem
960 4076 1235 4141 dictator
1294 4088 1644 4162 perpetuus
1704 4076 2091 4142 constitutus
2150 4086 2249 4140 est
2298 4098 2449 4140 ean-

140 4184 404 4270 demque
459 4193 833 4271 potestatem
877 4206 953 4250 ac
993 4182 1236 4251 Caesar
1287 4184 1585 4249 obtinuit.
1676 4184 1847 4249 Num
1902 4184 2106 4269 igitur
2166 4207 2305 4249 eam
2360 4184 2451 4249 ita

136 4291 376 4371 habuit,
425 4306 496 4359 ut
541 4314 708 4358 anno
743 4293 818 4359 81
869 4292 1122 4369 iterum,
1167 4315 1333 4357 anno
1373 4294 1456 4359 80
1492 4294 1773 4368 tertium,
1822 4314 1989 4357 anno
2028 4293 2109 4359 79
2149 4302 2451 4375 quartum

138 4400 403 4467 dictator
462 4401 824 4468 diceretur?
909 4400 1115 4465 Nemo
1179 4400 1301 4465 hoc
1366 4424 1650 4484 unquam
1713 4412 1824 4466 aut
1887 4400 2278 4464 existimavit
2341 4410 2453 4465 aut
