2917 5017
789 324 871 373 De
904 324 1073 375 Gallia
1106 326 1455 377 Romanorum
1497 327 1774 393 provincia.
2361 328 2443 395 83

95 502 99 508 “
152 489 370 555 annum
416 490 493 554 50
536 515 592 555 a.
638 487 811 555 Chr.·
847 489 1285 575 quaerendum
1334 503 1464 568 est,
1529 494 1650 559 hoc
1691 495 1969 581 primum
2013 506 2258 561 certum
2303 498 2443 573 erit,

151 620 263 661 non
323 598 386 660 in
444 598 803 675 ineuntem,
888 600 1001 663 sed
1068 601 1131 663 in
1199 612 1539 664 exeuntem
1605 624 1844 667 annum
1907 626 2056 667 eum
2116 604 2443 669 incidisse.

132 705 403 781 Etenim,
447 717 519 769 ut
564 728 729 790 quae
775 707 855 771 de
898 708 1063 791 legis
1111 706 1472 773 Treboniae
1519 720 1804 795 tempore
1848 735 2044 797 supra
2083 712 2444 797 disputavi-

104 894 109 899 ·
148 835 275 877 mus
316 814 439 877 hoc
475 816 617 879 loco
653 816 1174 900 praetermittam,
1217 818 1488 882 maxime
1529 819 1594 881 in
1635 841 1775 884 eam
1815 842 1949 883 rem
1995 830 2244 885 constat
2277 817 2444 885 Cae-

148 945 333 985 sarem
388 922 794 1000 incubuisse,
854 935 925 988 ut
972 923 1199 989 consul
1240 924 1693 1011 designaretur
1731 927 1914 991 finito
1961 928 2443 1012 proconsulatu,

144 1030 311 1094 cuius
352 1042 606 1116 tempus
648 1032 705 1095 si
746 1033 972 1115 primis
1017 1034 1166 1097 anni
1211 1034 1292 1099 50
1336 1034 1667 1099 mensibus
1713 1036 1986 1111 exisset,
2039 1058 2252 1099 nonne
2290 1056 2442 1120 pro-

144 1137 334 1201 babile
384 1151 482 1203 est
526 1139 649 1205 hoc
690 1138 835 1205 eum
878 1141 1082 1205 fuisse
1128 1150 1458 1219 acturum,
1515 1154 1590 1207 ut
1627 1144 1694 1205 in
1733 1166 1974 1208 annum
2019 1144 2097 1207 49
2141 1144 2443 1228 designa-

142 1246 342 1310 retur?
424 1246 562 1334 Sed
604 1249 727 1313 hoc
766 1270 955 1313 nemo
1002 1259 1290 1319 veterum
1334 1251 1550 1328 tradit,
1598 1253 1710 1336 qui
1750 1250 1817 1315 in
1865 1275 1940 1316 eo
1983 1274 2249 1339 prorsus
2289 1272 2443 1315 con-

102 1370 107 1375 ·
144 1356 425 1431 sentiunt,
473 1370 547 1421 ut
593 1380 741 1421 eum
783 1359 849 1421 in
893 1382 1133 1423 annum
1178 1358 1257 1423 48
1297 1360 1627 1423 consulem
1664 1360 1803 1424 fieri
1845 1361 2130 1425 voluisse
2167 1368 2442 1422 narrent.

144 1461 399 1527 Comitia
456 1475 671 1529 autem
728 1467 1089 1531 consularia
1139 1466 1352 1531 medio
1412 1468 1548 1532 fere
1603 1491 1770 1533 anno
1823 1479 1978 1534 tunc
2021 1466 2443 1542 habebantur,

142 1593 286 1635 anno
338 1572 609 1657 quidem
652 1574 733 1638 50
773 1584 1113 1659 postquam
1156 1574 1492 1661 paululum
1541 1575 1739 1641 dilata
1795 1586 1976 1651 sunt,
2035 1574 2173 1640 Cal.
2218 1574 2444 1639 Sextil.

140 1678 333 1744 habita
369 1702 519 1745 esse
560 1702 639 1744 ex
674 1678 876 1747 Caelii
922 1684 1193 1769 epistola
1231 1682 1405 1768 apud
1444 1681 1579 1747 Cic.
1612 1684 1796 1770 epist.
1824 1682 2012 1760 VIII,
2039 1684 2077 1747 4
2111 1682 2443 1747 discimus.

140 1784 336 1867 Quare
397 1787 468 1850 in
529 1791 880 1874 posteriore
932 1790 1079 1855 anni
1126 1792 1207 1856 50
1264 1802 1445 1877 parte
1492 1788 1792 1856 Caesaris
1847 1792 2190 1877 imperium
2234 1790 2444 1853 exisse

139 1895 565 1980 intelligimus.
650 1899 787 1982 Agi
842 1909 1057 1963 autem
1110 1910 1407 1984 coeptum
1465 1912 1564 1964 est
1620 1900 1702 1964 de
1764 1920 2138 1965 successore
2195 1897 2256 1963 ei
2296 1897 2444 1960 mit-

142 2003 312 2067 tendo
367 2004 502 2067 iam
562 2027 730 2069 anno
790 2006 904 2083 51,
969 2030 1114 2071 cum
1184 2013 1270 2070 M.
1328 2011 1630 2073 Claudius
1679 2011 2024 2070 Marcellus
2087 2028 2200 2069 cos.
2251 2008 2444 2068 edicto

134 2116 449 2189 praefatus
508 2116 579 2176 de
630 2136 871 2176 summa
926 2138 987 2177 se
1046 2116 1358 2195 republica
1412 2127 1706 2179 acturum
1750 2118 1969 2177 retulit
2013 2116 2102 2177 ad
2138 2124 2442 2189 senatum,

140 2228 201 2279 ut
232 2225 289 2281 ei
322 2224 754 2285 succederetur
797 2233 943 2284 ante
984 2233 1237 2303 tempus,
1280 2229 1572 2304 quoniam
1609 2224 1761 2287 bello
1805 2224 2088 2303 confecto
2122 2243 2262 2301 pax
2295 2232 2445 2283 esset

140 2349 201 2388 ac
237 2330 475 2392 dimitti
516 2331 751 2394 deberet
793 2336 985 2393 victor
1026 2338 1332 2395 exercitus
1368 2330 1564 2417 (Suet
1593 2329 1782 2397 Caes·
1821 2353 1876 2394 c.
1907 2331 2041 2415 28).
2115 2326 2444 2394 Statuerat

138 2435 205 2499 de
246 2458 317 2499 ea
362 2461 433 2499 re
477 2458 673 2522 agere
716 2439 811 2502 M.
848 2439 1199 2503 Marcellus
1243 2440 1371 2503 iam
1411 2440 1592 2504 initio
1632 2441 1776 2525 ipso
1813 2438 1983 2514 anni,
2029 2436 2144 2501 sed
2183 2437 2435 2501 distulit

138 2543 192 2607 in
216 2542 347 2609 Cal.
380 2546 610 2610 Iunias
638 2542 847 2631 (Cael.
875 2546 1050 2631 apud
1080 2544 1219 2610 Cic.
1246 2548 1429 2631 epist.
1458 2547 1645 2623 VIII,
1679 2550 1732 2623 1,
1759 2548 1849 2631 3),
1888 2567 2016 2631 quo
2043 2555 2268 2609 senatu
2295 2566 2444 2608 cum

144 2674 245 2715 non
291 2664 464 2719 esset
508 2665 756 2729 actum,
810 2654 1043 2719 reiecta
1068 2676 1172 2718 res
1204 2664 1303 2718 est
1326 2654 1392 2717 in
1416 2654 1580 2719 Idus
1607 2653 1887 2718 Sextiles
1923 2652 2110 2739 (ibid.
2141 2675 2240 2739 ep.
2265 2653 2325 2729 4,
2353 2653 2443 2737 4),

145 2760 241 2823 sed
282 2782 429 2824 cum
478 2771 635 2824 tunc
678 2783 936 2846 quoque
982 2762 1225 2826 iudicio
1267 2759 1343 2825 C.
1369 2762 1664 2826 Marcelli
1707 2784 1838 2827 cos.
1883 2761 2204 2846 designati
2246 2760 2443 2825 inter-

144 2866 347 2949 pellata
390 2880 589 2945 esset,
642 2869 829 2953 (ibid.
868 2870 929 2945 9,
974 2869 1067 2949 2),
1114 2868 1373 2933 tandem
1416 2879 1686 2934 tractata
1732 2880 1830 2934 est
1871 2870 2037 2955 prid.
2073 2866 2213 2933 Cal.
2241 2868 2445 2933 Octo-

142 2973 269 3039 bres
342 2977 891 3061 auctoritatesque
970 3000 1083 3041 eae
1162 2978 1592 3063 perscriptae,
1685 3000 1846 3063 quas
1926 2974 2188 3043 Caelius
2269 2976 2445 3062 apud

146 3078 259 3146 Cic.
301 3084 491 3170 epist.
526 3085 725 3160 VIII,
777 3086 815 3150 8
854 3086 1068 3149 refert.
1157 3086 1233 3151 In
1259 3084 1510 3169 ‚quibus
1555 3085 1680 3150 hoc
1717 3096 1872 3163 erat,
1915 3096 1990 3150 ut
2023 3082 2162 3150 Cal.
2191 3084 2446 3149 Martiis

140 3194 271 3255 anni
299 3194 379 3258 50
414 3193 501 3257 de
534 3192 943 3257 successione
971 3191 1329 3259 Galliarum
1366 3194 1776 3278 emeritisque
1802 3180 2100 3258 Caesaris
2133 3193 2445 3263 militibus

141 3296 196 3360 in
250 3312 473 3364 senatu
532 3310 853 3385 ageretur.
939 3300 1072 3365 Sed
1122 3302 1238 3368 has
1285 3302 1380 3365 M.
1418 3302 1714 3367 Marcelli
1759 3302 2042 3365 actiones
2087 3312 2280 3386 atque
2323 3300 2446 3365 im-

140 3418 311 3487 petus
364 3419 628 3472 narrant
678 3430 901 3473 omnes
958 3411 1162 3475 factos
1206 3432 1350 3474 esse
1397 3421 1740 3494 antequam
1785 3406 2047 3474 Caesari
2091 3430 2446 3495 proconsu-

142 3512 291 3578 latus
344 3516 616 3592 exisset,
672 3539 801 3580 non
860 3517 1051 3581 modo
1104 3513 1490 3593 Suetonius,
1551 3540 1742 3602 quem
1785 3517 2158 3593 citavimuS,
2220 3538 2446 3581 verum

146 3622 310 3685 etiam
354 3624 699 3709 Appianus
746 3623 893 3689 bell.
936 3626 1059 3689 civ.
1098 3626 1196 3702 II,
1244 3626 1325 3691 26
1368 3637 1434 3690 et
1475 3625 1606 3690 Dio
1645 3625 1810 3700 XL,
1859 3625 1960 3689 59.
2043 3625 2262 3707 Atque
2307 3644 2446 3687 eam

147 3728 217 3791 ob
252 3752 510 3795 causam
554 3732 711 3797 haec
754 3730 878 3797 Cn.
915 3733 1265 3818 Pompeius
1309 3733 1736 3820 improbabat,
1779 3731 1957 3797 haud
1994 3730 2192 3795 dubie
2234 3741 2446 3797 tamen

148 3835 534 3923 significans,
598 3842 651 3905 si
698 3838 964 3908 Caesari
1006 3854 1259 3927 tempus
1305 3842 1565 3917 exisset,
1613 3860 2052 3905 successorem
2093 3840 2160 3902 in
2199 3837 2446 3904 Gallias

148 3966 271 4011 esse
322 3948 727 4013 mittendum.
837 3950 1054 4031 Quam
1099 3950 1395 4036 Pompeii
1452 3948 1831 4014 sententiam
1851 3992 1868 4024 ,
1935 3946 2018 4012 de
2073 3970 2202 4033 qua
2257 3947 2446 4013 etiam

151 4052 471 4139 Appianas
517 4066 581 4120 et
622 4056 753 4121 Dio
794 4057 1076 4134 tradunt,
1124 4058 1217 4122 sic
1264 4058 1524 4142 exponit
1563 4055 1823 4123 Caelius
1867 4056 2042 4142 apud
2081 4052 2220 4121 Cic.
2261 4055 2446 4141 epist.

151 4158 294 4226 VIII
307 4211 324 4240 ,
370 4165 409 4228 8
426 4210 443 4239 ,
490 4165 557 4230 4:
628 4168 983 4245 Aliquando
1021 4177 1228 4228 tamen
1246 4212 1263 4242 ,
1319 4188 1496 4247 saepe
1537 4188 1604 4229 ro
1639 4168 1841 4229 dilata
1885 4176 1944 4228 et
1979 4169 2263 4246 graviter
2303 4172 2448 4225 acta

153 4279 200 4329 et
229 4276 416 4349 plane
450 4282 765 4354 perspecta
808 4275 917 4337 Cn.
951 4277 1229 4355 Pompeii
1259 4277 1580 4337 voluntate
1615 4279 1685 4337 in
1726 4296 1860 4336 eam
1886 4283 2156 4354 partem,
2196 4282 2270 4335 ut
2309 4292 2447 4334 eum

158 4378 406 4441 decedere
439 4391 579 4461 post
602 4382 732 4445 Cal.
766 4384 1043 4444 Martias
1074 4384 1373 4463 placeret,
1432 4391 1682 4445 senatus
1721 4386 2067 4445 consultum
2097 4416 2174 4427 —-
2193 4382 2448 4453 factum

1961 4490 2050 4553 6*
