2917 5017
441 314 564 382 336
1067 317 1148 365 De
1183 318 1557 380 propagatione
1592 315 1816 365 civitatis
1850 315 2131 367 Romanas.

442 479 788 567 significat,
850 499 997 543 cum
1053 475 1384 562 propagati
1446 484 1625 539 extra
1684 474 2171 541 Narbonensem
2232 476 2395 541 iuris
2448 476 2782 543 honorum

441 610 646 653 unum
691 587 816 651 hoc
859 585 1224 670 exemplum
1265 584 1579 659 nominat3
1624 583 1857 667 quodsi
1898 582 2089 668 plura
2114 584 2412 661 fuissent,
2464 596 2527 650 et
2558 584 2779 649 minor

441 695 702 761 omnino
741 695 810 759 in
855 704 1080 760 senatu
1119 691 1436 757 dubitatio
1469 692 1743 756 existere
1781 690 2008 755 debuit
2058 702 2123 755 et
2156 703 2333 755 tanta
2362 693 2779 778 imperatoris

441 814 968 889 argumentorum
1017 801 1383 876 auctoritas,
1425 810 1731 884 quantam
1778 800 1965 865 silere
2007 821 2136 863 non
2176 811 2415 886 posset.

615 912 716 975 De
781 912 1047 996 reliquis
1117 922 1330 975 autem
1401 907 1751 994 provinciis
1812 906 1973 991 quid
2040 918 2397 973 statuemus
2418 910 2451 972 ἶ)
2524 910 2779 973 Earum

441 1018 662 1083 Italiae
703 1029 768 1083 et
807 1020 934 1083 situ
975 1030 1039 1083 et
1075 1019 1216 1082 iure
1249 1017 1541 1101 proxima
1578 1026 1677 1079 est
1716 1012 1958 1091 Sicilia,
2000 1016 2189 1081 cuius
2226 1017 2523 1081 condicio
2564 1017 2777 1101 qualis

441 1126 566 1191 sub
613 1126 1106 1212 imperatoribus
1146 1126 1339 1189 fuerit
1379 1146 1767 1209 magnopere
1808 1123 2161 1188 dolendum
2188 1136 2285 1189 est
2320 1146 2599 1211 prorsus
2639 1146 2779 1188 esse

441 1235 810 1301 obscurum.
898 1232 1026 1300 Cui
1087 1234 1266 1319 quod
1319 1233 1597 1297 dictator
1656 1228 1899 1298 Caesar
1952 1231 2239 1298 tribuere
2293 1236 2617 1310 voluerat,
2678 1233 2775 1296 ius

439 1343 634 1419 Latii,
677 1364 806 1408 non
853 1364 998 1407 esse
1051 1342 1133 1406 ab
1179 1339 1487 1427 Augusto
1530 1352 1983 1405 conservatum
2028 1342 2309 1407 ostendit
2357 1342 2631 1407 Plinius
2680 1363 2775 1405 se-

441 1451 708 1536 paratim
763 1451 998 1515 Latina
1053 1449 1292 1535 oppida
1347 1461 1410 1512 et
1468 1448 1885 1534 stipendiaria
1940 1472 2343 1515 enumerans.
2434 1448 2579 1514 Sed
2632 1472 2779 1513 cum

441 1559 668 1623 civitas
707 1556 1054 1623 liberaliter
1093 1556 1400 1643 paulatim
1445 1566 1627 1621 extra
1666 1557 1917 1623 Italiam
1966 1568 2447 1643 propagaretur,
2491 1556 2776 1622 dubium

439 1689 569 1731 non
617 1678 734 1742 est,
793 1666 946 1749 quin
999 1664 1316 1751 imprimis
1365 1662 1623 1730 Siciliae
1666 1666 1827 1731 ratio
1886 1668 1968 1731 sit
2011 1665 2249 1730 habita.
2332 1666 2489 1753 *Hoc
2536 1678 2781 1739 autem,

441 1776 524 1841 de
567 1798 698 1859 quo
742 1774 1172 1860 disputamus,
1215 1775 1533 1839 honorum
1576 1776 1677 1839 ius
1720 1775 1803 1838 iis
1854 1772 2107 1839 civibus
2154 1773 2485 1850 Romanis,
2532 1774 2661 1858 qui
2706 1796 2779 1837 ex

443 1880 666 1947 Sicilia
721 1882 976 1947 oriundi
1029 1894 1267 1959 essent,
1329 1904 1457 1947 non
1510 1883 1711 1947 multo
1766 1893 1914 1968 post
1957 1882 2335 1968 Augustum
2388 1904 2777 1947 concessum

441 2014 586 2057 esse
627 1992 1068 2077 intelligimus.
1131 1991 1388 2056 Etenim
1439 1990 1573 2055 Dio
1613 1990 1764 2067 LII,
1812 1991 1893 2057 42
1938 1990 2019 2054 de
2066 2000 2327 2054 senatus
2370 1990 2775 2066 recensione,

439 2120 632 2183 quam
669 2101 1016 2183 Augustus
1060 2101 1356 2176 instituit,
1399 2101 1687 2165 referens
1730 2100 1963 2163 vetitos
2006 2120 2149 2163 esse
2190 2098 2414 2163 scribit
2442 2109 2775 2163 senatores

439 2208 628 2273 Italia
673 2209 984 2273 excedere
1025 2208 1277 2273 iniussu
1325 2208 1750 2293 imperatoris,
1808 2218 1948 2271 tum
2006 2207 2100 2271 sic
2144 2206 2389 2291 pergit:
2442 2210 2551 2271 καὶ
2602 2213 2773 2270 τοῦτο

442 2319 542 2379 καὶ
587 2320 770 2400 δεῦρο
815 2320 914 2380 ἀεὶ
961 2320 1354 2401 φυλάσσεται.
1439 2316 1605 2399 Πλὴν
1658 2318 1773 2400 γὰρ
1820 2317 1913 2378 ὅτι
1960 2318 2022 2385 ἐς
2080 2338 2145 2378 τε
2189 2317 2295 2398 τὴν
2342 2315 2639 2379 Σικελίαν
2684 2317 2775 2379 καὶ

443 2426 506 2492 ἐς
562 2426 666 2508 τὴν
727 2423 1032 2487 Γαλατίαν
1093 2426 1200 2507 τὴν
1258 2411 1396 2509 περὶ
1452 2423 1761 2509 Νάρβωνα
1820 2424 2139 2507 οὐδαμόσε
2186 2425 2413 2489 ἄλλοσε
2463 2427 2777 2508 βουλευτῇ

443 2533 844 2615 ἀποδημῆσαι
889 2532 1132 2601 ἔξεστιν.
1199 2530 1388 2613 Quae
1427 2533 1541 2617 qui
1572 2544 1871 2597 accurate
1904 2531 2449 2617 interpretabitur,
2478 2531 2777 2617 Augusti

441 2651 726 2724 tempore
775 2637 1062 2704 Siciliam
1105 2640 1395 2704 nondum
1443 2640 1849 2705 senatoribus
1894 2642 2265 2724 permissam
2310 2662 2455 2705 esse
2502 2639 2774 2714 videbit,

441 2758 508 2814 at
561 2748 848 2834 patuisse
911 2770 1078 2813 anno
1139 2748 1240 2824 49,
1299 2768 1447 2813 cum
1502 2748 1943 2814 Narbonensis
1986 2748 2319 2835 provincia
2362 2748 2773 2823 adficeretur,

443 2856 710 2923 Tacitus
769 2878 868 2934 eo,
925 2856 1036 2942 qui
1095 2878 1292 2942 supra
1349 2856 1585 2921 citatus
1648 2868 1765 2934 est,
1820 2858 1963 2923 loco
2020 2868 2255 2921 narrat.
2338 2856 2507 2921 Uter
2580 2857 2775 2943 igitur

445 2966 727 3031 Siciliam
775 2966 1056 3042 admisit,
1102 2964 1408 3030 Tiberius
1465 2988 1544 3030 an
1602 2962 1951 3051 Caligula?
2028 2964 2190 3030 Nam
2248 2988 2369 3029 nec
2412 2962 2769 3030 Claudium
2850 2968 2852 2975 '

447 3075 744 3138 existimo
783 3086 1046 3161 propter
1085 3098 1226 3139 eam
1271 3096 1551 3150 causam,
1593 3096 1789 3157 quam
1821 3084 1967 3138 ante
2002 3074 2209 3150 attuli,
2236 3096 2359 3139 nec
2376 3074 2769 3157 Augustum

447 3204 563 3245 sua
603 3183 816 3266 ipsum
856 3184 1148 3248 instituta
1187 3194 1473 3247 mutasse
1518 3180 1849 3267 probabile
1905 3192 2021 3245 est.
2097 3180 2327 3266 Neque
2376 3181 2461 3246 de
2502 3181 2766 3246 Tiberio
2846 3268 2848 3273 .

445 3288 660 3365 credo,
709 3290 819 3372 qui
879 3291 932 3354 si
985 3290 1328 3375 quicquam
1387 3289 1706 3355 eiusmodi
1752 3289 2032 3366 fecisset,
2078 3301 2699 3355 commemoraretur
2732 3310 2765 3351 a

323 3430 328 3434 ·
445 3394 692 3461 Tacito·
771 3397 1182 3483 Relinquitur
1235 3396 1555 3484 Caligula,
1611 3398 1724 3483 qui
1776 3398 1971 3475 idem,
2026 3420 2173 3463 cum
2218 3399 2763 3483 peregrinationes

444 3504 510 3568 in
557 3504 844 3570 Siciliam
891 3508 1302 3593 permitteret,
1347 3508 1523 3592 ipsos
1566 3504 1821 3571 Siculos
1874 3506 1955 3571 ab
2005 3517 2231 3573 senatu
2272 3505 2623 3592 prohibere
2662 3505 2761 3568 vix

443 3624 710 3698 poterat.
793 3613 948 3679 Scio
1011 3614 1306 3699 equidem
1372 3614 1613 3680 liberae
1668 3614 2207 3700 peregrinationis
2263 3622 2651 3700 potestatem
2708 3622 2760 3674 et

442 3722 548 3787 ius
589 3722 908 3787 honorum
955 3746 1082 3788 non
1123 3744 1268 3788 esse
1305 3724 1671 3789 necessario
1714 3723 1883 3788 inter
1910 3744 1979 3788 se
2012 3722 2355 3787 coniuncta
2382 3744 2597 3807 neque
2626 3740 2759 3787 esse

443 3831 726 3896 ostendit
767 3832 916 3909 Dio,
959 3832 1071 3915 qui
1117 3832 1240 3897 hoc
1287 3832 1390 3897 vel
1446 3831 1703 3897 sublato
1745 3832 1849 3896 vel
1886 3830 2183 3895 omnibus
2228 3830 2483 3896 civibus
2526 3831 2755 3917 imper·

443 3939 560 4004 tito
595 3940 770 4005 illam
817 3951 1025 4005 tamen
1069 3940 1300 4005 iisdem
1335 3939 1597 4006 Siciliae
1636 3950 1699 4005 et
1740 3940 2183 4006 Narbonensis
2220 3938 2461 4005 finibus
2488 3940 2753 4006 circum-

443 4047 748 4133 scriptam
789 4049 996 4114 fuisse
1037 4050 1266 4113 refert:
1317 4050 1432 4113 sed
1465 4059 1617 4115 sunt
1654 4059 1865 4114 tamen
1904 4060 2077 4113 certe
2105 4046 2219 4113 illa
2246 4049 2415 4113 inter
2452 4071 2523 4114 se
2550 4046 2751 4113 affinia
2836 4044 2838 4051 '

441 4177 564 4221 nec
604 4157 656 4220 si
695 4157 1112 4242 imperatores
1153 4157 1338 4221 etiam
1368 4166 1593 4242 postea
1620 4157 1883 4241 reliquis
1910 4157 2261 4241 provinciis
2298 4158 2751 4222 interdixerunt

445 4266 850 4331 senatoribus
903 4276 1162 4351 propter
1217 4287 1357 4331 eam
1413 4288 1675 4331 causam
1692 4313 1710 4342 ,
1782 4266 1957 4350 quod
2016 4276 2081 4329 et
2138 4288 2295 4331 suae
2352 4277 2416 4330 et
2473 4266 2747 4353 publicae

445 4374 806 4439 securitatis
852 4374 1058 4459 gratia
1095 4373 1220 4439 nisi
1263 4394 1427 4457 quae
1477 4394 1741 4459 prorsus
1774 4384 1999 4460 pacata
2048 4385 2285 4452 essent,
2342 4375 2427 4440 ab
2476 4375 2559 4441 iis
2604 4370 2745 4439 obiri
