2917 5017
403 275 485 342 24
1056 276 1139 327 De
1180 274 1349 326 Gallia
1388 276 1738 325 Romanorum
1783 274 2060 341 provincia.

406 441 779 507 consulatus
834 440 957 505 sita
1009 460 1153 503 esse
1209 436 1437 524 potuit.
1529 434 1682 521 Ipse
1745 436 1908 500 adeo
1967 436 2218 501 Marius
2276 458 2423 501 cum
2479 434 2724 499 bellum

403 548 865 635 Iugurthinum
892 544 1253 621 conficeret,
1298 566 1416 609 6111·
1436 554 1850 629 prorogatum
1879 544 2072 608 modo
2106 543 2334 608 habuit.
2360 541 2726 629 imperium,

405 656 581 742 quod
645 656 855 742 primo
928 653 1267 719 consulatu
1328 652 1708 737 acceperat?
1803 652 2030 737 Itaque
2093 654 2327 717 ferrem
2395 673 2548 717 sane
2625 649 2730 714 vel

405 763 841 829 necessarium
907 783 1049 825 esse
1107 759 1409 825 ducerem
1467 760 1738 823 alterum
1795 760 2232 837 consulatum,
2297 761 2409 845 qui
2465 760 2732 825 daretur

407 872 499 949 ei,
556 880 629 935 ut
670 870 961 955 deposito
1016 892 1134 956 per
1188 867 1585 953 triumphum
1630 868 1802 951 quod
1863 868 1929 931 in
1971 867 2200 933 Africa
2253 867 2566 933 habuerat
2607 867 2732 931 im-

405 978 585 1065 perio
626 1000 865 1043 novum
910 978 1227 1063 acciperet
1268 976 1337 1039 in
1380 973 1596 1040 Gallia
1640 976 1826 1062 (raro
1879 976 2050 1040 enim
2110 976 2179 1039 in
2221 974 2556 1061 republica
2597 974 2734 1039 Ro-

407 1109 597 1152 mana
636 1087 879 1151 factum
925 1096 1055 1161 est,
1111 1094 1185 1147 ut
1234 1082 1506 1167 privatis
1558 1081 1925 1149 hominibus
1973 1095 2155 1149 extra
2213 1084 2506 1148 ordinem
2565 1082 2740 1148 bella

408 1206 601 1281 atque
646 1194 917 1281 imperia
961 1190 1506 1275 decernerentur),
1555 1190 1668 1256 sed
1695 1191 1980 1276 reliquos
2023 1192 2398 1257 consulatus
2418 1178 2548 1257 non
2575 1194 2738 1269 fero,

407 1303 783 1389 praesertim
826 1323 988 1384 quos
1033 1310 1287 1386 praeter
1328 1309 1582 1363 sextum
1628 1299 1926 1384 quidem,
1981 1322 2172 1387 quem
2217 1301 2496 1388 pecunia
2537 1311 2738 1386 atque

409 1410 774 1476 adulatione
826 1434 863 1475 a
919 1408 1107 1495 plebe
1166 1418 1525 1473 emereatus
1579 1430 1722 1473 esse
1780 1419 2108 1487 narratur,
2177 1408 2236 1474 ei
2291 1410 2430 1475 sine
2488 1408 2742 1474 ambitu

410 1518 659 1585 absenti
704 1540 779 1583 ac
820 1540 1023 1603 prope
1064 1518 1268 1581 invito
1311 1516 1557 1580 delatos
1613 1539 1756 1581 esse
1814 1517 2091 1582 videam.
2172 1518 2322 1583 Hoc
2373 1518 2740 1604 intelligere

408 1649 537 1692 non
575 1626 951 1713 poterimus,
993 1626 1118 1690 nisi
1161 1624 1337 1710 quod
1385 1624 1824 1709 superioribus
1871 1626 2055 1690 annis
2100 1626 2303 1691 fuisse
2335 1648 2524 1713 saepe
2569 1628 2740 1691 mul-

378 1736 491 1821 ¹tis
539 1735 936 1821 argumentis
984 1734 1493 1798 demonstratum
1557 1743 1687 1809 est,
1737 1734 1914 1799 idem
1958 1734 2154 1799 Marii
2209 1746 2415 1800 aetate
2473 1758 2738 1801 conser-

410 1852 629 1909 vatum
696 1864 838 1907 esse
898 1851 1284 1917 statuamus,
1352 1852 1429 1904 ut
1489 1842 1696 1906 omnis
1751 1865 1916 1927 quae
1977 1842 2411 1909 Romanorum
2463 1844 2740 1931 imperio

406 1948 672 2036 parebat
702 1948 935 2026 Gallia,
976 1972 1106 2013 non
1129 1950 1196 2013 in
1226 1949 1615 2034 peculiarem
1639 1951 2040 2035 provinciam
2065 1952 2324 2017 redacta
2363 1952 2500 2017 suis
2540 1976 2738 2039 prae-—

410 2055 699 2134 sidibus,
742 2057 879 2121 sive
919 2057 965 2120 ii
1011 2080 1125 2142 pro
1170 2057 1433 2121 consule
1479 2058 1614 2121 sive
1653 2080 1772 2143 pro
1815 2070 2110 2145 praetore
2161 2072 2363 2137 erant,
2403 2060 2743 2148 obtempe-

408 2174 598 2241 raret,
646 2163 762 2228 sed
803 2186 949 2228 cum
972 2164 1157 2228 Italia
1197 2164 1540 2229 coniuncta
1579 2164 1660 2231 ab
1711 2168 2088 2233 consulibus
2130 2170 2231 2234 vel
2270 2168 2350 2235 ab
2392 2193 2522 2235 11110
2567 2182 2742 2236 certe

408 2293 631 2336 eorum
673 2283 1024 2358 regeretur.
1078 2271 1278 2353 Quod
1320 2274 1375 2338 si
1408 2273 1500 2338 ita
1531 2286 1666 2339 erat
1692 2275 1948 2361 legibus
1992 2300 2068 2342 ac
2109 2289 2325 2344 vetere
2363 2302 2539 2344 more
2585 2300 2741 2345 con-

411 2379 738 2456 stitutum,
799 2380 1121 2464 quomodo
1163 2380 1437 2447 Romani
1483 2381 1660 2467 quod
1709 2385 2051 2451 consilium
2093 2399 2395 2473 ceperant
2435 2390 2630 2455 unius
2676 2401 2744 2455 et

414 2487 638 2574 optimi
655 2488 1057 2573 imperatoris
1074 2487 1243 2553 bello
1264 2488 1685 2555 barbarorum
1706 2493 2140 2576 praeficiendi,
2157 2497 2388 2582 exequi
2413 2501 2744 2585 poterant?

411 2595 771 2680 Fingamus
813 2596 983 2659 enim
1028 2596 1259 2659 iterum
1304 2599 1633 2664 consulem
1682 2602 1925 2667 factum
1969 2626 2113 2672 6666
2141 2605 2428 2670 Marium
2456 2630 2532 2673 ac
2569 2607 2743 2673 bello

412 2699 741 2769 Cimbrico
782 2704 1240 2790 praepositum,
1286 2716 1423 2771 tum
1460 2708 1826 2794 insequenti
1865 2734 2030 2775 anno
2057 2726 2474 2801 prorogatum
2517 2718 2578 2782 ei
2608 2717 2741 2781 im-

409 2812 697 2896 perium,
736 2812 894 2897 quid
938 2824 1072 2877 erat
1116 2814 1450 2879 futurum?
1532 2816 1855 2884 Nimirum
1897 2819 2054 2897 hoc,
2111 2832 2185 2886 ut
2229 2846 2442 2889 novus
2483 2828 2738 2905 consul,

412 2919 519 2985 cui
562 2922 927 2985 necessario
984 2921 1138 2985 item
1186 2922 1371 2989 Italia
1424 2936 1597 2990 esset
1640 2926 2079 3008 decernenda,
2137 2932 2369 2998 iisdem
2421 2935 2619 3014 locis,
2669 2937 2746 3001 in

411 3026 647 3111 quibus
672 3027 923 3093 Marius
949 3028 1347 3107 versabatur,
1390 3033 1491 3096 vel
1532 3055 1650 3118 par
1690 3037 1794 3101 vel
1833 3037 2040 3103 maius
2082 3040 2346 3107 haberet
2390 3043 2746 3126 imperium

412 3134 860 3219 accideretque
899 3135 1093 3215 idem,
1138 3139 1309 3222 quod
1350 3163 1518 3205 anno
1551 3142 1666 3206 105
1694 3144 1938 3208 factum
1963 3161 2080 3225 est,
2123 3171 2270 3213 eum
2297 3149 2380 3231 Q.
2407 3147 2745 3234 Caepione

413 3264 559 3307 cum
617 3242 1059 3327 proconsulari
1110 3244 1379 3332 imperio
1440 3249 1662 3314 relicto
1721 3253 2057 3319 accederet
2098 3253 2218 3320 Cn.
2267 3256 2532 3323 Mallius
2581 3280 2744 3338 cos„

413 3349 525 3433 qui
566 3349 721 3433 quia
758 3349 925 3413 inter
970 3372 1038 3413 66
1082 3350 1566 3434 dissentiebant,
1625 3359 1856 3443 ingens
1901 3361 2009 3427 illa
2046 3363 2262 3429 clades
2305 3376 2572 3452 accepta
2616 3378 2740 3446 est,

412 3478 579 3540 quae
616 3457 960 3522 maximam
1019 3459 1263 3523 nomini
1304 3464 1594 3531 Romano
1638 3467 2057 3552 ignominiam
2112 3471 2456 3539 inusserat.
2541 3477 2738 3545 Hanc

409 3564 663 3649 imperii
709 3565 1092 3632 divisionem
1136 3578 1209 3631 ut
1250 3568 1641 3656 effugerent,
1699 3578 2063 3643 necessario
2107 3581 2402 3649 fecerunt
2433 3584 2735 3665 Romani,

410 3682 485 3736 ut
524 3681 617 3737 tot
660 3675 983 3741 continuis
1030 3676 1475 3743 consulatibus
1518 3682 1802 3750 Marium
1842 3688 2174 3768 efferrent,
2229 3714 2511 3779 casuque
2554 3697 2736 3781 quod

410 3778 651 3845 bellum
696 3803 896 3868 prope
935 3783 1186 3849 Italiam
1228 3786 1331 3851 vel
1374 3788 1440 3850 in
1485 3788 1628 3875 ipsa
1667 3793 1856 3860 Italia
1900 3798 2283 3881 gerebatur,
2341 3804 2608 3879 accidit,
2657 3818 2730 3871 ut

411 3909 559 3952 eum
612 3889 721 3954 ille
772 3890 1080 3957 honorem
1144 3894 1497 3979 acciperet,
1556 3921 1684 3983 quo
1743 3904 1975 3988 reliqui
2028 3910 2560 3991 praestantissimi
2600 3911 2727 3975 im-

407 4006 735 4080 peratores
780 4011 1142 4065 caruerunt.
1200 4002 1387 4085 Quae
1434 4027 1584 4069 eum
1624 4008 1714 4073 ita
1759 4011 1903 4089 sint,
1940 4013 2006 4077 in
2039 4015 2164 4081 hoc
2193 4013 2269 4081 C.
2298 4018 2492 4083 Marii
2526 4020 2733 4085 hono-

408 4124 553 4165 rum
597 4126 793 4169 cursu
848 4108 953 4173 vel
1014 4109 1364 4174 maximum
1401 4112 1662 4178 videtur
1702 4120 1986 4202 positum
2045 4146 2188 4191 esse
2250 4139 2732 4213 argumentum,

409 4232 537 4294 quo
606 4221 763 4277 tunc
827 4237 947 4281 1166
1006 4214 1402 4303 Cisalpinam
1475 4242 1594 4285 nec
1650 4223 2137 4314 Transalpinam
2192 4232 2471 4301 Galliam
2535 4240 2564 4324 (
2581 4262 2734 4304 nam

410 4329 684 4407 utroque
723 4323 867 4389 loco
893 4336 1253 4412 pugnatum
1296 4333 1425 4412 est)
1473 4352 1614 4395 eam
1649 4357 1838 4420 quam
1883 4336 1988 4403 hic
2029 4343 2422 4428 appellamus
2462 4347 2732 4430 provin-
