2917 5017
817 300 898 350 De
935 299 1107 350 Gallia
1141 301 1493 350 Romanorum
1534 303 1809 366 provincia.
2394 301 2473 366 71

143 467 396 526 aerarii
449 467 990 548 dispensationem:
1059 485 1214 544 quae
1275 485 1599 544 nunquam
1666 465 1785 528 sibi
1829 471 2099 548 populus
2158 471 2481 530 Romanus

143 577 474 652 appetivit,
521 577 634 656 qui
653 595 976 653 nunquam
1005 574 1152 634 haec
1175 593 1216 634 a
1235 575 1466 634 summi
1480 575 1726 634 consilii
1747 574 2197 654 gubernatione
2218 577 2481 658 auferre

141 703 338 742 ausus
387 691 500 743 est.
595 689 724 762 Age
737 728 752 756 ,
797 687 1057 763 sactum
1102 689 1190 742 est
1242 681 1460 741 horum
1509 683 1756 761 aliquid
1794 685 1865 742 in
1912 685 2091 745 aliis:
2146 705 2296 746 raro
2308 729 2329 760 ,
2378 686 2485 747 sed

141 797 360 850 tamen
387 792 662 868 factum
721 799 838 866 est,
903 799 979 850 ut
1019 789 1290 870 populus
1349 789 1645 867 deligeret
1688 792 2135 870 imperatorem.
2221 789 2483 856 Etenim

139 893 452 960 decrerat
499 920 653 962 sane
697 907 954 962 senatus
996 894 1360 980 provincias
1404 896 1644 960 futuris
1690 897 2069 962 consulibus
2087 945 2106 975 ,
2168 897 2481 984 quemad-

140 1001 424 1068 modum
471 1017 662 1070 vetus
704 1005 810 1070 lex
849 1002 1228 1090 Sempronia
1270 1001 1570 1079 iubebat,
1614 1025 1819 1088 eaque
1860 1027 1929 1070 re
1968 1006 2163 1072 etiam
2203 1007 2481 1093 impera-

139 1121 370 1189 torem,
417 1113 475 1176 si
525 1134 653 1197 quo
697 1135 860 1199 opus
905 1123 1060 1188 erat,
1101 1111 1455 1194 delegerat,
1515 1135 1635 1176 nec
1674 1111 1780 1177 lex
1824 1112 2083 1179 Vatinia
2122 1115 2203 1180 ab
2242 1114 2483 1200 populo

143 1221 402 1286 sancita
455 1221 826 1306 provincias
881 1244 920 1285 a
975 1229 1200 1284 senatu
1244 1218 1537 1284 decretas
1598 1231 1709 1284 aut
1753 1232 2029 1286 mutarat
2072 1233 2185 1287 aut
2233 1232 2481 1288 mutare

143 1338 486 1413 potuerat:
535 1329 673 1406 sed,
702 1329 873 1415 quod
909 1328 1134 1394 eadem
1161 1327 1671 1412 quinquennium
1708 1328 2073 1406 definiebat,
2114 1330 2281 1395 intra
2306 1331 2483 1415 quod

147 1459 610 1502 successorem
632 1434 894 1502 Caesari
923 1437 1172 1502 mittere
1211 1459 1336 1502 non
1379 1435 1623 1512 liceret,
1661 1448 1725 1502 et
1743 1436 2111 1523 provinciae
2136 1460 2252 1524 per
2277 1448 2485 1504 totum

144 1545 268 1609 hoc
313 1556 584 1630 tempus
628 1544 1072 1610 decernendae
1111 1556 1174 1609 et
1212 1544 1637 1630 imperatoris,
1680 1544 1735 1610 si
1764 1545 1937 1629 quod
1976 1568 2176 1631 prope
2203 1544 2483 1613 Galliam

150 1651 560 1740 Cisalpinam
637 1653 877 1718 bellum
952 1662 1274 1730 oreretur,
1357 1651 1687 1738 deligendi
1766 1664 2150 1739 potestatem
2231 1656 2483 1720 senatui

170 1762 510 1826 ademerat.
579 1761 732 1826 Hoc
775 1773 989 1826 autem
1032 1771 1226 1845 negat
1267 1758 1499 1825 Cicero
1541 1783 1823 1844 unquam
1866 1772 2011 1826 ante
2054 1762 2297 1827 factum
2340 1785 2485 1828 esse

171 1892 214 1932 a
237 1871 488 1954 populo,
531 1868 672 1951 Qui
705 1869 826 1934 etsi
861 1879 1222 1954 sumpserat
1247 1867 1370 1934 sibi
1399 1868 1765 1952 aliquande,
1808 1880 1879 1933 ut
1907 1869 2147 1934 bellum
2172 1892 2373 1955 grave
2410 1893 2487 1936 ac

155 1977 418 2042 difficile
459 1989 638 2043 certo
696 1977 888 2042 alicui
919 1977 1286 2062 imperatori
1331 1976 1683 2052 mandaret,
1729 1987 1939 2042 tamen
1968 1988 2223 2063 praeter
2258 1979 2485 2044 aerarii

151 2087 736 2174 dispensationem,
795 2086 876 2151 de
921 2109 1048 2176 qua
1089 2087 1214 2151 hoc
1256 2087 1400 2150 loco
1445 2108 1573 2150 non
1620 2085 1923 2163 dicimus,
1986 2087 2111 2152 hoc
2154 2110 2487 2173 nunquam

147 2199 422 2274 fecerat,
471 2206 545 2259 ut
585 2196 644 2260 ei
683 2219 876 2280 quem
905 2196 1208 2282 elegisset
1241 2205 1487 2259 certum
1516 2195 1763 2281 imperii
1794 2195 2069 2280 spatium
2100 2195 2485 2280 praefiniret.

151 2307 302 2372 Hoc
321 2305 538 2392 igitur
559 2327 802 2368 novum
829 2314 984 2369 tunc
1011 2314 1145 2368 erat
1170 2313 1232 2368 et
1257 2303 1497 2386 aliquot
1524 2302 1827 2366 similium
1854 2305 2279 2388 rogationum,
2322 2326 2487 2390 quae

149 2437 301 2479 mox
354 2423 620 2478 secutae
665 2423 846 2488 sunt,
910 2411 1306 2497 exemplum,
1371 2409 1579 2494 quod,
1638 2421 1711 2474 ut
1756 2407 2022 2475 Caesari
2064 2421 2327 2496 propter
2368 2433 2487 2496 po-

151 2523 396 2588 tentiae
426 2519 848 2606 cupiditatem
891 2529 1264 2604 exoptatum
1303 2519 1534 2594 fuerat,
1580 2518 1670 2582 ita
1699 2517 1780 2582 ab
1806 2517 2068 2584 Vatinio
2108 2519 2489 2584 necessitate

151 2632 308 2697 belli
369 2629 610 2695 Gallici
673 2627 1120 2692 excusabatur.
1214 2625 1352 2691 Nec
1412 2649 1565 2690 vero
1629 2625 1739 2690 illa
1792 2625 2041 2712 imperii
2100 2625 2489 2692 diuturnitas

164 2741 330 2805 effici
370 2748 648 2824 poterat,
695 2735 750 2800 si
774 2735 986 2800 Gallia
1011 2732 1343 2820 Cisalpina
1381 2755 1531 2798 cum
1552 2733 1741 2798 Italia
1785 2733 2125 2798 coniuncta
2169 2745 2487 2810 maneret3

181 2871 326 2912 nam
359 2849 450 2912 ita
497 2868 628 2910 non
677 2844 874 2910 unius
920 2844 1016 2908 M.
1043 2842 1266 2907 Bibuli
1302 2841 1669 2926 imperium,
1711 2841 1815 2906 cui
1850 2840 2027 2925 quod
2068 2851 2330 2906 senatus
2374 2841 2489 2906 de-

174 2968 478 3033 creverat,
525 2956 780 3041 placere
805 2951 1048 3028 debuit,
1089 2948 1204 3015 sed
1250 2949 1673 3034 quinquennii
1713 2948 2109 3032 insequentis
2151 2949 2491 3012 consulum

159 3075 454 3152 potestas
499 3061 982 3146 circumscripta
1027 3070 1216 3124 esset.
1301 3057 1523 3140 Quare
1582 3068 1737 3123 tunc
1779 3057 1993 3122 Gallia
2036 3054 2365 3144 Cisalpina
2407 3057 2491 3123 ab

155 3173 354 3240 Italia
403 3182 698 3259 separata
749 3181 938 3253 atque
981 3169 1048 3231 in
1088 3189 1242 3233 suae
1287 3167 1694 3253 provinciae,
1747 3189 1913 3250 quae
1956 3164 2267 3251 peculiari
2305 3187 2491 3251 prae-

161 3284 290 3350 sidi
339 3291 622 3368 pareret,
665 3281 935 3343 formam
973 3277 1234 3342 redacta
1276 3290 1404 3352 est3
1446 3297 1595 3338 nam
1636 3288 1695 3339 et
1721 3271 1951 3339 Cicero
1990 3275 2071 3338 de
2098 3296 2281 3360 prov.
2316 3295 2491 3340 cons.

157 3417 212 3459 c.
241 3394 286 3458 2
335 3392 510 3455 duas
555 3395 1004 3453 commemorat
1029 3384 1298 3462 Gallias,
1341 3406 1507 3470 quae
1549 3382 1927 3448 consulibus
1972 3382 2179 3447 dividi
2220 3382 2491 3468 possint,

159 3514 222 3570 et
259 3499 612 3586 optimates
652 3518 799 3560 cum
831 3516 998 3558 anno
1025 3493 1102 3558 49
1130 3492 1614 3557 succedendum
1642 3513 1784 3556 esse
1810 3487 2074 3554 Caesari
2100 3490 2493 3568 statuissent,

168 3609 454 3676 Galliam
504 3603 896 3690 Cisalpinam
941 3602 1282 3688 separatim
1321 3601 1436 3664 uni
1484 3600 1907 3674 mandarunt,
1954 3608 2017 3662 et
2071 3595 2349 3662 Caesare
2394 3597 2495 3660 in·-

183 3720 439 3784 terfecto
485 3735 712 3778 rursus
763 3710 1104 3796 separatim
1147 3719 1536 3794 acceperunt
1563 3708 1643 3772 D.
1668 3708 1911 3772 Brutus
1940 3717 2003 3771 et
2024 3705 2119 3770 M.
2146 3703 2494 3770 Antonius.

185 3826 342 3892 Vere
391 3823 599 3910 igitur
652 3842 690 3882 a
735 3819 810 3884 P.
858 3818 1117 3883 Vatinio
1177 3817 1527 3884 constituta
1580 3826 1679 3881 est
1718 3814 1935 3881 Gallia
1978 3812 2313 3899 Cisalpina
2346 3834 2495 3897 pro-

173 3935 408 4010 vincia,
455 3929 842 3997 constitutus
865 3927 1186 4004 Rubicon,
1227 3926 1542 3992 terminus
1571 3925 1731 4000 eius,
1772 3924 2101 4008 multaque
2130 3921 2267 3985 sine
2295 3919 2497 3986 dubio

172 4045 296 4110 alia
341 4043 618 4116 sancita,
677 4059 840 4122 quae
901 4058 1049 4101 cum
1091 4035 1350 4120 proprio
1400 4033 1683 4119 praesidi
1740 4041 2023 4117 pareret,
2086 4051 2251 4115 opus
2299 4037 2497 4092 erant.

178 4141 656 4224 Veruntamen,
707 4143 1011 4232 quoniam
1059 4166 1189 4208 non
1249 4144 1456 4208 solum
1498 4151 1783 4228 tempore
1803 4187 1820 4218 ,
1874 4162 2099 4204 verum
2144 4138 2335 4204 etiam
2380 4157 2497 4220 po-

179 4261 378 4328 tentia
418 4257 663 4324 Caesar
705 4256 830 4320 hoc
882 4253 1057 4339 quod
1105 4251 1460 4338 accepisset
1498 4249 1840 4337 imperium
1894 4245 2121 4334 augeri
2178 4242 2497 4328 cupiebat,

187 4370 256 4434 P.
274 4367 578 4436 Vatinius
615 4363 950 4431 occasione
973 4360 1396 4428 Macedoniae
1423 4381 1585 4424 usus
1609 4368 1727 4434 est,
1770 4377 1933 4440 quae
1964 4375 2111 4420 cum
2136 4374 2266 4418 non
2296 4349 2499 4417 multo
