2917 5017
747 350 830 415 De
861 363 1031 416 Gallia
1063 367 1413 416 Romanorum
1455 369 1733 432 provincia.
2286 367 2402 434 153

133 531 258 596 Tac.
300 530 460 596 Hist.
493 531 558 608 Ι,
617 531 749 616 49).
847 531 1158 617 Sequitur
1207 555 1358 597 eum
1410 533 1496 615 Q.
1543 531 1813 601 Curtius
1860 535 2112 612 Rufus,
2174 537 2405 602 consul

132 639 316 704 incerti
357 641 519 716 anni,
565 642 678 726 qui
721 665 868 706 cum
909 642 978 704 in
1019 663 1177 726 agro
1218 641 1531 708 Mattiaco
1574 643 1823 730 argenti
1868 645 2123 710 fodinas
2168 667 2401 732 aperu-

132 749 282 822 isset,
337 769 493 812 anno
523 749 600 814 47
637 749 919 835 insignia
960 750 1266 835 triumphi
1307 751 1553 837 accepit
1620 752 1807 835 (Tac.
1835 751 2071 818 Annal.
2100 753 2229 830 XI,
2272 754 2402 836 19).

130 856 200 920 At
238 855 295 918 in
337 855 630 920 inferiore
669 855 1019 923 Germania
1072 859 1153 922 L.
1195 859 1529 944 Apronius
1586 861 1740 925 item
1794 861 2028 926 mansit
2066 881 2275 945 usque
2318 861 2402 926 ad

129 975 353 1027 mortem
390 962 666 1041 Tiberii,
721 964 832 1049 qui
885 987 1032 1030 cum
1077 967 1143 1030 in
1187 967 1452 1051 reliquis
1495 969 1879 1053 provinciis,
1940 981 2079 1033 tum
2118 968 2188 1033 in
2234 967 2404 1034 Ger-

129 1073 315 1148 mania,
353 1070 714 1137 fortissimis
751 1073 1118 1159 legionibus
1162 1075 1425 1152 munita,
1455 1099 1724 1140 -omnem
1758 1077 2173 1142 mutationem
2217 1077 2402 1141 time-

127 1180 226 1256 bat,
265 1203 446 1264 quem
488 1181 692 1245 fuisse
733 1204 900 1246 anno
945 1182 1026 1247 35
1065 1183 1134 1246 in
1179 1184 1513 1268 provincia
1555 1184 1837 1250 ostendit
1883 1182 2039 1248 Tac.
2080 1186 2254 1248 Ann.
2281 1184 2401 1262 VI,

129 1289 212 1365 30,
261 1311 372 1353 nec
421 1299 794 1353 revocatum
852 1302 964 1354 aut
1017 1303 1343 1357 mortuum
1397 1313 1543 1356 esse
1598 1305 1757 1378 puto
1806 1301 2146 1375 antequam
2192 1290 2403 1358 Gaius

130 1397 390 1482 imperare
445 1398 673 1482 coepit.
759 1397 829 1462 Is
871 1399 1074 1476 enim,
1137 1421 1264 1483 quo
1303 1411 1589 1486 tempore
1634 1401 1777 1485 ipse
1816 1399 1881 1462 in
1928 1397 2143 1465 Gallia
2180 1423 2401 1466 versa-

129 1506 302 1582 batur,
353 1505 432 1570 A.
481 1503 833 1570 Claudium
877 1505 1231 1571 Gabinium
1277 1505 1658 1576 Secundum
1701 1507 2039 1594 praefecit,
2096 1506 2209 1593 qui
2250 1531 2400 1573 cum

131 1615 258 1680 circa
295 1637 534 1680 annum
573 1615 651 1680 38
697 1614 1102 1680 consulatum
1141 1617 1453 1702 gessisset
1496 1616 1770 1702 (Borgh.
1812 1616 1983 1681 Bull.
2020 1617 2181 1681 Inst.
2224 1617 2397 1682 arch.

74 1773 76 1778 .
139 1723 404 1789 ann.18=17
433 1745 502 1808 p.
531 1723 619 1804 2),
657 1721 724 1787 in
765 1722 1114 1789 Germania
1153 1747 1320 1789 anno
1355 1726 1426 1789 41
1476 1723 1761 1790 Chaucis
1804 1726 2119 1810 superatis
2160 1747 2401 1809 cogno-

74 1883 76 1887 .
141 1856 247 1896 men
279 1829 545 1897 Chaucii
591 1831 715 1896 sibi
755 1831 1006 1918 paravit
1049 1833 1276 1916 (Dion.
1317 1833 1475 1908 LX,
1519 1833 1589 1908 ὃς
1652 1832 1833 1896 Suet.
1882 1829 2115 1898 Claud.
2164 1857 2218 1898 c.
2268 1835 2401 1917 24).

74 1981 76 1994 ι
133 1941 264 2005 Huic
313 1941 632 2006 successit
676 1938 1071 2024 Sanquinius
1119 1941 1479 2016 Maximus,
1542 1942 1653 2025 qui
1711 1953 2051 2026 postquam
2108 1965 2275 2006 anno
2320 1942 2402 2008 26

74 2095 77 2104 ,ι
130 2051 482 2115 consulatum
530 2050 735 2136 gessit
775 2048 1050 2135 (Borgh.
1092 2050 1327 2114 Diurn.
1369 2049 1611 2114 Arcad.
1651 2073 1795 2114 ann.
1832 2050 2013 2126 1831,
2062 2053 2085 2114 1
2139 2073 2199 2134 p.
2226 2051 2402 2136 294),

74 2177 77 2214 t·
125 2159 234 2223 urbi
285 2160 644 2244 praefectus
703 2167 802 2222 est
859 2158 1042 2222 initio
1098 2155 1434 2244 Caligulae
1490 2179 1658 2222 anno
1703 2158 1783 2224 38
1842 2159 1909 2222 in
1962 2181 2165 2244 eaque
2216 2181 2403 2244 prae-

74 2299 80 2308 ·
123 2267 324 2332 sectura
362 2278 598 2332 auctus
644 2267 834 2332 etiam
879 2268 1076 2332 altero
1121 2267 1458 2331 consulatu
1502 2266 1652 2330 anni
1697 2266 1775 2332 39
1823 2267 2051 2348 (Dion.
2073 2267 2269 2344 LIX,
2294 2267 2401 2350 13)

124 2376 310 2440 mansit
359 2399 574 2461 usque
629 2376 712 2440 ad
741 2399 999 2464 ⁴annum
1038 2375 1148 2451 42,
1209 2397 1338 2459 quo
1396 2375 1463 2438 in
1518 2372 1933 2440 Germaniam
1990 2375 2231 2440 missus
2284 2384 2403 2439 est.

125 2483 177 2546 In
212 2509 326 2570 qua
367 2509 516 2551 cum
563 2495 852 2550 mortuus
897 2495 1068 2549 esset
1107 2505 1276 2548 anno
1318 2483 1396 2548 47
1443 2482 1630 2564 (Tac.
1671 2483 1845 2548 Ann.
1884 2484 2025 2560 XI,
2080 2485 2206 2568 18),
2254 2505 2403 2548 suc-

77 2649 79 2652 ,
124 2595 278 2658 cessit
313 2592 432 2659 Cn.
473 2594 586 2658 ille
625 2592 959 2658 Domitius
1003 2589 1325 2667 Corbulo,
1377 2590 1775 2656 clarissimus
1816 2593 2043 2657 aetatis
2087 2615 2241 2657 suae
2280 2593 2405 2658 im-

129 2714 365 2786 perator,
423 2725 558 2768 cos.
601 2702 754 2768 anni
799 2701 898 2768 39.
989 2699 1122 2781 Qui
1163 2697 1474 2792 quamdiu
1510 2699 1906 2783 provinciam
1946 2700 2216 2776 rexerit,
2272 2723 2403 2766 non

76 2847 82 2869 ‚-
131 2811 378 2888 traditur,
445 2811 565 2876 sed
625 2810 927 2894 quoniam
981 2808 1154 2895 apud
1212 2807 1513 2872 Tacitum
1576 2809 1643 2873 in
1702 2807 1967 2873 urbanis
2024 2809 2220 2874 rebus
2272 2831 2401 2874 non

76 2963 77 2967 ,
136 2929 615 2984 commemoratur
660 2940 801 2996 nec,
851 2917 904 2982 si
952 2917 1289 2996 adfuisset,
1339 2926 1604 3002 propter
1642 2917 2083 2981 auctoritatem
2127 2916 2403 2982 hominis

78 3083 80 3087 ,
130 3027 334 3092 videtur
383 3027 587 3093 taceri
640 3027 967 3112 potuisse,
1033 3025 1330 3110 suspicor
1367 3047 1515 3090 eum
1556 3024 1623 3088 in
1672 3024 2022 3090 Germania
2067 3024 2404 3102 mansisse,

125 3135 244 3201 dum
294 3160 458 3202 anno
501 3136 582 3201 54
639 3135 721 3202 ab
768 3135 1024 3199 Nerone
1066 3130 1515 3219 Cappadociae
1568 3133 1906 3218 impositus
1966 3143 2065 3197 est
2118 3130 2404 3219 (comm.

127 3245 283 3330 epigr.
315 3247 382 3311 II
425 3269 492 3331 p.
527 3244 698 3328 140).
790 3240 918 3308 Cui
963 3242 1272 3306 suffectus
1315 3251 1415 3306 est
1449 3241 1803 3326 Pompeius
1844 3241 2181 3318 Paulinus,
2228 3244 2405 3327 pacis

129 3375 273 3434 quam
320 3353 474 3424 belli
537 3350 888 3417 studiosior
945 3347 1128 3437 (Tac.
1185 3350 1358 3413 Anu.
1404 3348 1615 3424 XIII,
1663 3349 1809 3431 53),
1868 3369 2060 3433 quem
2112 3373 2280 3414 anno
2324 3351 2405 3416 58

135 3459 344 3526 Dubius
387 3462 632 3528 Avitus
683 3460 935 3545 excepit
993 3457 1180 3542 (Tac.
1235 3460 1406 3520 Ann.
1449 3457 1659 3534 XIII,
1710 3457 1841 3541 54).
1938 3457 2017 3522 In
2076 3457 2406 3543 superiore

135 3565 436 3636 Germania
473 3568 731 3634 interim
770 3566 853 3649 Q.
894 3564 1121 3632 Curtio
1161 3577 1563 3632 successerat
1600 3566 1676 3630 P.
1715 3565 2114 3650 Pomponius
2154 3566 2405 3632 Secun-

138 3675 236 3754 dus,
276 3679 373 3744 vir
411 3677 677 3763 ingenio
721 3687 786 3740 et
826 3675 1078 3761 poetica
1121 3674 1314 3740 laude
1357 3672 1655 3759 insignis,
1708 3671 2006 3755 (Quinct.
2045 3673 2141 3751 X,
2188 3677 2244 3751 1,
2288 3674 2403 3751 93;

143 3781 257 3849 Pfin.
311 3809 408 3871 ep.
452 3786 614 3861 VII,
661 3787 736 3851 17
781 3793 845 3848 et
882 3781 1098 3859 XIII,
1143 3781 1224 3849 ‘26
1271 3793 1333 3847 et
1371 3782 1568 3859 XIV,
1614 3783 1683 3863 6)
1742 3781 1855 3867 qui
1914 3803 2061 3846 cum
2118 3805 2285 3848 anno
2324 3783 2406 3849 23

135 3895 489 3961 consulatum
533 3893 842 3980 gessisset
883 3890 1233 3976 (Borghes.
1275 3892 1339 3955 in
1381 3891 1549 3955 Bull.
1589 3890 1747 3960 Inst.
1780 3891 1953 3955 arch.
1984 3889 2146 3956 1848
2183 3912 2247 3975 p.
2272 3890 2405 3974 42),

132 4013 344 4086 propter
381 4004 604 4068 Seiani
651 4001 995 4068 amicitiam
1037 4025 1076 4066 a
1113 3997 1377 4064 Tiberio
1419 4001 1486 4064 in
1526 3999 1805 4064 vinculis
1844 3996 2103 4062 habitus
2148 4009 2247 4064 est
2292 4021 2407 4083 per

136 4119 329 4192 septem
365 4133 587 4188 annos,
624 4111 1062 4194 liberatusque
1105 4131 1142 4173 a
1175 4103 1477 4192 Caligula
1502 4105 1917 4172 Germaniam
1954 4107 2137 4182 rexit,
2178 4129 2405 4191 quam-

138 4213 220 4278 diu
251 4215 560 4284 Claudius
598 4218 935 4306 imperavit
979 4228 1172 4302 atque
1213 4215 1407 4281 etiam
1446 4213 1645 4280 initiis
1689 4212 1985 4279 Neronis.
2076 4213 2244 4278 Nam
2292 4214 2405 4298 qui

138 4322 179 4383 ei
214 4327 505 4392 successit
549 4327 628 4392 L.
670 4325 996 4392 Anstitius
1043 4324 1252 4389 Vetus
1295 4323 1481 4406 (Tac.
1520 4322 1695 4386 Ann.
1732 4319 1933 4398 XIII,
1974 4323 2112 4405 53),
2170 4342 2405 4385 consu-

139 4425 299 4498 latum
348 4445 634 4522 gesserat
689 4455 852 4502 anno
893 4433 1006 4511 55,
1062 4432 1173 4517 qui
1231 4431 1284 4498 si
1340 4429 1738 4519 provinciam
1796 4429 2040 4517 accepit
2093 4450 2260 4494 anno
2302 4428 2405 4508 56,
