2917 5017
419 285 428 292 .
455 322 580 391 228
1115 326 1200 375 De
1235 323 1501 375 dictatoris
1538 323 1773 375 Caesaris
1809 322 2111 375 honoribus.

455 514 585 556 non
627 490 840 555 minus
887 510 1078 575 quam
1123 510 1292 552 anno
1335 486 1412 551 49
1429 534 1446 563 ,
1495 508 1643 551 cum
1687 508 1817 549 non
1858 486 1938 549 sit
1982 484 2273 549 additum
2290 532 2307 562 ,
2349 486 2771 551 inconstantia

456 600 639 675 mira,
685 621 850 684 quae
891 596 1165 681 intelligi
1205 603 1481 678 nequeat
1502 640 1520 669 ,
1566 592 2090 677 deprehenditur.
2179 593 2377 675 Quod
2418 596 2472 659 si
2512 595 2659 659 anni
2696 594 2771 657 44

454 706 636 771 initio
678 717 969 791 quartam
1015 704 1399 769 dictaturam
1441 702 1753 766 collocare
1796 699 2068 780 volebat,
2111 700 2404 786 quisquis
2430 702 2589 767 haee
2612 702 2771 766 scri-

453 814 604 899 psit,
654 814 818 879 male
862 814 970 877 ille
1007 811 1291 896 quidem,
1342 809 1457 874 sed
1498 809 1554 873 si
1599 808 1884 886 volebat,
1931 820 2144 875 tamen
2184 812 2387 872 eodem
2432 832 2599 871 anno
2646 832 2775 873 non

455 922 661 1007 magis
703 922 907 987 omitti
951 918 1176 983 debuit
1223 939 1418 1002 quam
1459 938 1628 981 anno
1672 917 1773 994 47,
1834 939 1965 1000 quo
2005 918 2187 981 alteri
2228 915 2527 982 Caesaris
2575 917 2775 981 dicta-

455 1038 638 1094 turae
693 1029 1062 1094 consulatus
1122 1025 1206 1107 Q.
1257 1023 1484 1090 Caleni
1534 1035 1597 1089 et
1642 1026 1719 1089 P.
1757 1025 2001 1092 Vatinii
2058 1011 2417 1089 subiicitur.
2518 1022 2775 1087 Etenim

453 1137 579 1201 hoc
631 1158 798 1202 anno
841 1137 918 1202 47
974 1134 1152 1219 quod
1201 1133 1312 1197 illa
1361 1133 1641 1198 formula
1694 1133 2013 1219 reperitur
2066 1133 2189 1197 etsi
2244 1133 2573 1217 singulare
2638 1154 2777 1195 esse

455 1244 683 1320 video,
742 1253 955 1309 tamen
1007 1253 1070 1307 et
1103 1240 1394 1327 intelligo
1434 1251 1498 1305 et
1534 1262 1795 1305 excuse.
1838 1271 1843 1277 ·
1878 1240 2033 1304 Iniit
2082 1237 2327 1305 Caesar
2368 1240 2535 1305 hanc
2574 1239 2779 1303 dicta-

456 1363 665 1416 turam
714 1352 841 1415 iam
896 1373 1064 1416 anno
1102 1350 1182 1415 48
1235 1356 1474 1433 (neque
1524 1350 1691 1414 enim
1737 1348 1807 1413 id
1852 1348 2125 1413 dubium
2167 1348 2328 1432 est),
2394 1348 2511 1413 sed
2554 1348 2780 1412 habuit

456 1482 730 1524 annuam
791 1459 1093 1543 quodque
1152 1458 1302 1522 anni
1339 1456 1419 1522 48
1476 1480 1551 1521 ea
1600 1455 2296 1541 comprehendebatur,
2352 1456 2778 1543 supplementi

453 1568 642 1651 quasi
676 1568 820 1631 loco
863 1578 1043 1630 extra
1083 1588 1324 1629 annum
1370 1562 1750 1629 addebatur.
1817 1563 2075 1628 Poterat
2104 1564 2307 1649 igitur
2344 1565 2544 1629 altera
2578 1563 2779 1627 dicta-

453 1684 602 1738 tura
658 1672 1124 1757 quodammodo
1185 1673 1356 1736 intra
1407 1672 1569 1736 fines
1624 1672 1773 1736 anni
1816 1672 1893 1738 47
1950 1670 2285 1757 perscribi.
2371 1671 2780 1754 Quamquam

456 1780 547 1845 sic
603 1779 862 1845 solitum
911 1793 1048 1846 erat
1097 1781 1308 1866 priore
1361 1781 1506 1844 loco
1552 1780 1705 1865 poni
1760 1780 2087 1856 consules,
2153 1803 2235 1843 ex
2274 1777 2515 1865 quibus
2570 1802 2779 1843 annus

453 1888 930 1965 numerabatur,
979 1887 1289 1971 subsequi
1335 1888 1734 1964 dictatorem,
1778 1910 1989 1972 neque
2032 1888 2318 1963 interest,
2363 1898 2585 1951 utrum
2636 1887 2779 1950 Kal.

452 1997 590 2061 Ian.
617 2020 698 2061 an
725 2007 949 2081 postea
969 1997 1185 2060 ineant
1211 1996 1529 2061 consules.
1590 1993 1907 2075 Quotiens
1934 1998 2105 2060 enim
2128 1996 2197 2060 in
2217 1994 2514 2059 libertate
2537 1996 2779 2059 factum

455 2116 624 2181 erat,
689 2115 762 2167 ut
819 2104 1001 2167 initio
1048 2105 1199 2169 anni
1238 2103 1604 2189 respublica
1655 2124 1853 2187 penes
1901 2102 2259 2187 interreges
2310 2112 2483 2166 esset
2538 2124 2777 2167 eonsu-

451 2212 676 2296 lesque
714 2211 918 2275 multo
954 2220 1102 2295 post
1137 2210 1394 2275 fierent:
1441 2211 1560 2275 sed
1600 2210 2047 2275 nominabatur
2080 2222 2289 2274 tamen
2326 2208 2407 2273 ab
2435 2209 2518 2273 iis
2547 2234 2777 2285 annus,

454 2331 527 2383 ut
570 2342 792 2385 eorum
833 2320 1094 2383 nomina
1136 2341 1174 2383 a
1212 2318 1530 2405 principio
1582 2318 1878 2383 collocari
1918 2328 2253 2403 oporteret.
2336 2318 2779 2381 Veruntamen

455 2428 752 2493 consules
808 2430 968 2493 adeo
1022 2429 1091 2492 in
1150 2428 1327 2492 exitu
1382 2427 1533 2491 anni
1590 2424 1785 2489 creati
1836 2436 2047 2502 erant,
2113 2425 2391 2490 dictator
2446 2434 2781 2510 tantopere

455 2534 766 2619 dignitate
809 2534 1192 2619 praestabat,
1234 2546 1326 2609 ut,
1368 2558 1516 2599 cum
1544 2559 1582 2599 a
1612 2533 2082 2599 consuetudine
2107 2534 2421 2598 fastorum
2444 2554 2783 2597 recessum

453 2664 598 2707 esse
647 2641 931 2717 videam,
992 2652 1204 2705 tamen
1244 2642 1438 2707 huius
1484 2664 1720 2706 nomen
1764 2642 2095 2726 anteponi,
2159 2641 2417 2705 illorum
2467 2640 2783 2705 honorem

453 2749 708 2815 inanem
747 2750 928 2834 sequi
970 2750 1332 2835 errorisque
1370 2748 1619 2814 vitandi
1658 2772 1855 2814 causa
1890 2752 2089 2812 eodem
2132 2772 2301 2811 anno
2333 2746 2621 2811 interiici
2658 2770 2783 2811 non

456 2879 842 2943 magnopere
881 2858 1094 2923 mirer.
1161 2857 1573 2941 Quamquam
1601 2879 1831 2922 rursus
1856 2856 1969 2921 illa
1996 2856 2352 2920 constantia
2375 2854 2782 2930 admiranda,

454 2965 631 3049 quod
656 2986 905 3042 versus,
943 2966 1184 3051 quibus
1207 2966 1527 3043 dictatura
1553 2965 1932 3041 continetur,
1962 2964 2131 3027 intra
2158 2963 2493 3027 consulum
2518 2964 2785 3027 nomina

454 3073 876 3139 reducuntur.
965 3074 1059 3139 At
1103 3095 1268 3157 quae
1315 3074 1448 3137 duo
1496 3084 1844 3157 supersunt
1884 3075 2085 3135 eodem
2131 3094 2328 3148 anno,
2391 3094 2467 3135 ea
2519 3072 2638 3135 vix
2684 3072 2781 3134 in-

453 3180 658 3265 telligi
700 3203 888 3265 posse
925 3191 1104 3266 puto.
1191 3177 1330 3245 Cur
1371 3182 1544 3245 enim
1586 3182 1755 3245 inter
1792 3179 2045 3245 tertiam
2087 3179 2469 3244 dictaturam
2508 3190 2577 3243 et
2614 3180 2781 3243 inter

452 3299 754 3372 quartum
811 3289 1214 3351 consulatum
1262 3299 1361 3353 est
1403 3289 1810 3354 interiectum
1826 3289 1857 3351 Ρ
1937 3288 2121 3352 Illam
2182 3287 2351 3351 enim
2398 3286 2779 3352 certissimis

453 3394 850 3479 argumentis
906 3393 1120 3459 medio
1174 3396 1310 3461 sere
1367 3418 1536 3461 anno
1582 3397 1661 3463 46
1720 3406 2082 3482 susceptam
2140 3416 2283 3460 esse
2342 3416 2463 3459 nec
2516 3394 2777 3459 omnino

453 3524 764 3579 annuam,
826 3502 942 3567 sed
997 3504 1224 3569 dec-em
1280 3526 1595 3568 annorum
1650 3506 1854 3569 fuisse
1912 3505 2509 3569 demonstravimus.
2594 3501 2777 3583 Quo-

454 3611 643 3676 modo
684 3610 886 3697 igitur
929 3634 1136 3677 annus
1185 3612 1539 3677 dictaturae
1584 3613 1713 3677 dici
1754 3612 2007 3697 potuit?
2083 3614 2320 3688 Imm0,
2382 3612 2436 3675 si
2490 3612 2777 3696 reliquo-

451 3741 598 3784 rum
644 3741 958 3785 annorum
1005 3720 1408 3784 consuetudo
1455 3720 1942 3797 observaretur,
2002 3720 2169 3783 inter
2223 3720 2481 3784 tertium
2540 3741 2773 3784 consu-

449 3827 651 3891 latum
711 3838 774 3891 et
826 3827 1076 3891 tertiam
1129 3828 1511 3892 dictaturam
1572 3830 1775 3891 eodem
1830 3850 1997 3890 anno
2048 3827 2567 3893 interiieiendum
2620 3838 2772 3901 erat,
2866 3828 2868 3845 ²

450 3946 719 4018 quartus
784 3946 999 4000 autem
1068 3936 1444 4001 consulatus
1514 3936 1653 4001 sine
1710 3937 1845 4001 ulla
1906 3935 2015 4001 tali
2076 3946 2231 4001 nota
2289 3935 2771 4018 relinquendus,
2867 3968 2868 3971 ¹

449 4042 718 4127 quippe
745 4043 856 4126 qui
904 4052 1124 4107 utrum
1179 4043 1328 4107 Kal.
1371 4043 1510 4108 Ian.
1568 4066 1649 4107 an
1696 4057 1845 4129 post
1890 4067 1997 4108 eas
2054 4054 2357 4128 acceptus
2402 4053 2576 4107 esset
2612 4041 2772 4105 nihil
2866 4050 2868 4055 ’

447 4150 735 4213 referret.
815 4152 920 4215 Ac
957 4172 1188 4214 rursus
1234 4151 1563 4235 singulare
1610 4162 1741 4227 est,
1798 4152 1972 4235 quod
2024 4151 2193 4215 inter
2236 4148 2583 4215 Caesarem
2634 4170 2766 4213 cos.

446 4256 548 4321 IV
593 4267 656 4321 et
697 4257 866 4322 inter
906 4258 1204 4323 consules
1249 4257 1308 4321 ei
1353 4259 1659 4324 suffectos
1698 4260 1852 4324 item
1892 4262 2093 4324 eodem
2122 4280 2291 4321 anno
2322 4258 2765 4344 interponitur.

451 4360 591 4427 Cur
629 4365 800 4429 enim
840 4388 971 4431 non
1011 4362 1352 4442 scribitur,
1379 4367 1557 4449 quod
1595 4389 1762 4431 anno
1801 4367 1879 4431 43
1917 4362 2176 4452 legitur,
2224 4363 2303 4430 C.
2328 4366 2571 4430 Iulium
2604 4362 2763 4429 Cae-
