2917 5017
453 300 579 367 232
1119 303 1200 353 De
1233 304 1499 355 dictatoris
1532 303 1769 355 Caesaris
1802 302 2099 355 honoribus.

451 466 752 533 Alterum
801 474 1254 553 argumentum
1305 464 1547 549 petitur
1592 487 1673 529 ex
1719 462 1977 549 Ioseph.
2022 463 2244 549 Antiq.
2284 464 2475 542 XIV,
2536 464 2648 542 10,
2703 467 2756 543 7,

453 598 584 661 quo
639 576 784 641 loco
842 598 990 639 cum
1047 573 1170 637 alia
1227 573 1485 637 decreta
1538 595 1577 637 a
1625 569 1901 637 Caesare
1960 572 2041 636 de
2098 572 2339 637 honore
2378 573 2759 639 Iudaeorum

453 684 642 759 facta,
680 694 817 747 tum
836 682 960 748 hoc
997 684 1304 747 refertur:
1367 682 1412 745 Γ
1418 682 1552 765 άῖος
1585 678 1850 763 Καῖσαρ,
1897 682 2316 765 αὐτοκράτωρ,
2361 684 2659 765 δικτάτωρ
2698 686 2757 747 τὸ
2846 662 2848 679 ²

452 794 767 877 τέταρτον,
815 792 1040 859 ὕπατός
1073 814 1138 853 τε
1177 794 1246 853 τὸ
1280 790 1585 873 πέμπτον,
1628 789 1921 870 δικτάτωρ
1958 788 2473 870 ἀποδεδειγμένος
2508 789 2612 851 διὰ
2638 792 2759 873 βίου

451 899 674 981 λόγους
711 900 1042 983 ἐποιήσατο
1084 899 1222 981 περὶ
1253 902 1371 959 τῶν
1409 896 1657 960 δικαίων
1696 900 1815 957 τῶν
1842 894 2145 979 Ὑρκανοῦ
2190 901 2298 957 τοῦ
2332 896 2763 980 Ἀλεξάνδρου,

451 1029 580 1091 quo
606 1008 746 1071 loco
773 1017 1064 1091 quart-am
1101 1006 1485 1069 dictaturam
1520 1002 1601 1067 ab
1636 1012 1945 1089 perpetua
1976 1012 2192 1088 aperte
2220 1003 2501 1068 discerni
2527 1005 2763 1069 dicunt.

453 1114 602 1179 Sint
643 1124 818 1181 certa
858 1115 968 1179 illa
1007 1114 1239 1189 verba,
1307 1114 1388 1177 sit
1427 1135 1665 1198 magna
1704 1112 1785 1176 de
1824 1112 2177 1176 honoribus
2212 1109 2515 1177 Caesaris
2550 1123 2763 1177 aucto-

452 1224 608 1289 ritas
648 1222 926 1308 Iosephi,
974 1244 1176 1306 eaque
1217 1244 1379 1305 quae
1421 1242 1571 1285 cum
1614 1220 1881 1305 reliquis
1924 1220 2353 1286 monumentis
2386 1221 2763 1285 contendere

454 1332 678 1417 possit,
723 1342 933 1395 tamen
977 1329 1316 1394 diversitas
1364 1329 1473 1392 illa
1509 1351 1635 1392 non
1668 1328 1961 1393 efficitur.
2028 1328 2284 1392 Etenim
2317 1327 2370 1391 si
2398 1330 2551 1413 quis
2583 1353 2763 1414 quar·
2846 1370 2848 1375 -

456 1451 584 1505 tam
644 1438 1028 1503 dictaturam
1093 1437 1363 1503 eandem
1427 1434 1632 1501 fuisse
1691 1448 2069 1522 perpetuam
2129 1436 2321 1500 vellet
2386 1436 2763 1521 significare,

453 1547 776 1631 quomodo
816 1545 1106 1610 diceret?
1177 1543 1250 1610 Si
1291 1545 1665 1611 dictatorem
1704 1544 1799 1607 IV
1842 1556 2225 1630 perpetuum
2262 1545 2639 1631 appellaret,
2677 1544 2764 1607 in-

455 1667 644 1731 esset,
683 1654 857 1739 quod
900 1654 982 1718 ab
1025 1663 1200 1719 recta
1241 1655 1486 1719 ratione
1528 1650 1845 1728 abhorret,
1888 1676 2099 1739 neque
2144 1653 2313 1718 enim
2356 1664 2591 1737 quater
2630 1675 2763 1738 per-

451 1774 688 1850 petuus
731 1762 884 1827 ferri
923 1772 1166 1847 potest3
1235 1763 1393 1829 nihil
1438 1762 1641 1849 igitur
1687 1773 2011 1846 superest,
2054 1761 2179 1825 nisi
2227 1771 2303 1825 ut
2339 1762 2624 1825 dictator
2658 1760 2764 1836 IV,

453 1873 724 1937 dictator
764 1881 1112 1956 perpetuus
1150 1872 1515 1935 nominetur
1554 1884 1755 1953 empse
1796 1869 1879 1933 de
1924 1893 2121 1935 causa
2162 1870 2231 1934 in
2271 1870 2560 1935 nummis
2588 1870 2763 1934 alter-

451 1991 670 2045 utrum
727 1989 976 2044 tantum
1029 1979 1213 2064 poni,
1273 2001 1397 2042 non
1449 1988 1797 2061 utrumque
1866 1976 2174 2063 coniungi
2231 1976 2559 2042 videmus.
2644 1975 2763 2041 Sed

455 2086 537 2151 sit
581 2086 838 2151 diversa
875 2086 1193 2150 dictatura
1233 2098 1460 2170 quarta
1500 2086 1581 2150 ab
1624 2098 1936 2171 perpetua
1979 2084 2330 2169 quintaque
2378 2086 2763 2171 appelletur:

451 2194 610 2278 quid
651 2193 810 2257 dicit
845 2193 1162 2279 Iosephus
1191 2191 1534 2259 Caesarem
1577 2195 1907 2279 appellans
1955 2196 2295 2276 δικτάτωρα
2338 2193 2761 2277 ἀποδεδειγμέ-

455 2324 556 2363 νον
605 2302 704 2363 διὰ
753 2301 929 2387 βίου’.)
1006 2300 1152 2366 Non
1205 2301 1356 2377 hoc,
1411 2301 1671 2386 opinor,
1735 2302 2145 2389 designatum
2196 2324 2340 2367 esse
2394 2302 2765 2367 dictatorem

453 2420 872 2495 perpetuum;
944 2432 1092 2475 nam
1158 2410 1537 2475 dictaturam
1600 2409 1751 2493 (mia
1806 2434 1936 2475 non
2004 2412 2345 2496 quotannis
2406 2423 2524 2476 aut
2590 2410 2763 2475 certis

453 2517 678 2602 spatiis
709 2528 820 2581 aut
847 2528 1022 2581 certo
1054 2518 1268 2599 aliquo
1305 2518 1409 2581 die
1445 2518 1664 2595 initur,
1705 2518 1828 2583 hoc
1857 2520 2181 2605 proprium
2209 2530 2401 2605 atque
2428 2519 2515 2585 ab
2550 2518 2765 2583 ceteris

453 2624 938 2711 magistratibus
984 2624 1321 2689 ordinariis
1361 2611 1697 2691 diversum
1734 2626 1971 2693 habere
1994 2627 2301 2703 diximuS,
2338 2638 2411 2691 ut
2436 2639 2765 2713 postquam

455 2733 712 2798 decreta
763 2742 890 2809 est,
951 2734 1165 2799 statim
1223 2734 1477 2799 ineatur
1520 2758 1729 2819 neque
1771 2736 1966 2799 ullam
2011 2758 2177 2819 quae
2222 2746 2407 2801 antea
2448 2735 2599 2814 fiat,
2665 2734 2765 2797 de-

455 2841 882 2928 signationem
931 2842 1226 2927 patiatur.
1326 2842 1509 2907 Dicit
1561 2842 1764 2928 igitur
1801 2844 2123 2929 Iosephus
2165 2844 2407 2909 sactum
2453 2843 2599 2908 sive
2641 2864 2765 2907 cre-

455 2959 629 3015 atum
665 2972 807 3014 esse
836 2947 1179 3015 Caesarem
1215 2951 1591 3015 dictatorem
1629 2962 2032 3037 perpetuum,
2068 2951 2308 3036 quique
2334 2950 2761 3015 diversitatem

453 3059 627 3122 illam
665 3058 952 3134 retineat,
1001 3059 1085 3123 ad
1123 3058 1469 3123 absurdam
1512 3059 1679 3125 hanc
1722 3059 2031 3124 rationem
2075 3057 2457 3137 deducatur,
2502 3069 2581 3123 ut
2618 3082 2763 3123 eun-

455 3166 602 3231 dem
630 3176 692 3230 et
716 3178 1016 3251 quartum
1051 3178 1114 3231 et
1139 3168 1436 3250 quintum
1476 3168 1613 3233 sive
1652 3181 2036 3254 perpetuum
2064 3168 2441 3233 dictatorem
2466 3168 2760 3255 appellari

336 3355 341 3359 ¹
455 3285 708 3339 statuat.
802 3273 988 3355 Quae
1047 3296 1195 3338 cum
1245 3274 1336 3339 ita
1391 3274 1553 3353 sint,
1616 3276 1861 3341 nummi
1900 3276 2059 3341 nihil
2100 3276 2167 3339 in
2214 3275 2590 3343 alterutram
2632 3300 2760 3364 par-

455 3393 584 3446 tem
625 3381 860 3457 valent,
905 3382 1225 3466 Iosephus
1273 3404 1420 3447 cum
1466 3384 1647 3449 fastis
1694 3384 2087 3469 reliquisque
2108 3384 2480 3451 auctoribus
2504 3406 2759 3471 prorsus

453 3490 786 3555 consentit.
1827 3575 1832 3579 -

619 3597 1058 3664 Veruntamen
1123 3621 1354 3684 operae
1415 3601 1691 3686 pretium
1750 3610 1849 3665 est
1910 3599 2101 3663 etiam
2160 3599 2409 3684 reliqua
2470 3598 2755 3667 Caesaris

453 3705 684 3782 edicta,
732 3728 898 3790 quae
942 3730 982 3769 a
1017 3707 1295 3791 Iosepho
1337 3730 1485 3772 cum
1532 3708 1719 3793 plena
1760 3707 2077 3771 honorum
2118 3708 2617 3794 praescriptione
2656 3730 2753 3772 ex-

453 3812 781 3890 hibentur,
843 3814 1204 3879 examinare
1221 3863 1239 3891 ,
1299 3816 1475 3899 quod
1516 3826 1857 3900 antequam
1899 3814 2346 3894 instituamus,
2401 3817 2753 3881 faciendum
2846 3838 2848 3849 ·

456 3944 597 3987 esse
644 3932 977 4006 putamus,
1033 3931 1106 3985 ut
1148 3945 1357 4007 pauca
1401 3924 1484 3989 de
1526 3922 1935 4009 imperatorio
1986 3924 2126 3990 eius
2172 3925 2359 3989 titulo
2402 3925 2751 4010 praemitta-
2846 3988 2848 3997 ,

454 4052 619 4095 mus.
697 4028 864 4093 Eius
906 4030 1028 4094 tria
1057 4030 1309 4115 'genera
1350 4031 1810 4097 discernuntur
1854 4032 1935 4097 ab
1971 4032 2167 4096 Dion.
2209 4031 2473 4110 XLIII,
2519 4034 2631 4109 44,
2681 4031 2751 4094 de
2846 4088 2848 4105 ,

453 4137 660 4223 ipsius
705 4134 1003 4203 Caesaris
1045 4137 1398 4205 honoribus
1442 4140 1829 4226 disputante.
1912 4141 2137 4205 Unum
2182 4140 2353 4205 enim
2412 4162 2557 4208 esse
2605 4138 2749 4205 illud
2846 4212 2848 4217 .

455 4246 574 4323 ait,
621 4268 748 4331 quo
793 4246 1146 4331 antiquitus
1196 4247 1396 4313 duces
1441 4249 1845 4314 exercituum
1887 4246 2265 4323 utebantur,
2316 4249 2430 4333 qui
2476 4249 2612 4315 suis
2650 4268 2748 4312 au·
2846 4260 2848 4267 ⁴

463 4354 680 4439 spiciis
722 4354 1098 4441 pugnabant
1139 4354 1336 4448 idque
1380 4356 1558 4440 quod
1590 4357 1842 4444 proprie
1884 4355 2229 4443 imperium
2268 4355 2529 4437 dicitur,
2570 4354 2746 4423 admi-
2846 4382 2848 4445 j
