2917 5017
425 335 541 400 104
1069 336 1150 384 Do
1187 333 1358 385 Gallia
1389 333 1743 384 Romanorum
1792 335 2070 398 provincia.

419 523 806 588 magnopere
847 498 1070 584 gessit,
1115 496 1231 562 sed
1274 518 1422 561 cum
1465 495 1661 559 simul
1696 493 1883 560 Raeti
1914 506 1977 561 et
2010 494 2339 562 Vindelici
2382 517 2566 560 arma
2608 515 2747 557 mo-

423 610 688 684 vissent,
734 609 1082 692 Augustus
1127 626 1294 670 anno
1336 605 1410 668 15
1455 603 1737 689 primum
1783 603 2079 669 Drusum
2124 627 2204 668 ex
2246 603 2437 668 Italia
2478 612 2543 668 et
2586 603 2752 667 Del-

421 719 632 794 matia,
679 728 816 782 tum
853 713 1210 789 Tiberium,
1255 735 1448 798 quem
1494 734 1713 776 secum
1758 711 2064 787 habebat,
2118 735 2199 775 ex
2241 710 2459 777 Gallia
2505 711 2753 776 bellum
2872 731 2875 742 ²

419 827 658 891 inferre
684 823 877 889 iussit
907 821 1288 907 subactique
1322 829 1475 884 sunt
1500 820 1639 906 ipsa
1666 820 1779 885 illa
1804 832 2045 886 aestate
2072 819 2338 903 (Strabo
2358 820 2457 885 1V
2480 844 2547 906 p.
2572 819 2754 901 206).

419 936 560 1001 Iam
617 943 690 997 ut
741 942 996 1016 tempus
1049 929 1212 994 illud
1229 975 1248 1006 ,
1311 928 1488 1013 quod
1542 926 1845 994 Tiberius
1904 939 2049 994 ante
2107 928 2349 994 bellum
2405 929 2757 996 Raeticum
2871 899 2875 956 Ξ

421 1053 576 1106 tunc
615 1041 686 1106 in
732 1038 948 1105 Gallia
993 1036 1426 1123 consumpsit,
1469 1057 1916 1114 numeremus,
1975 1047 2147 1102 certe
2190 1058 2321 1100 non
2364 1059 2577 1102 annus
2626 1037 2757 1112 ille,

421 1172 616 1234 quem
642 1146 992 1214 Suetonius
1029 1147 1263 1233 prodit,
1301 1146 1418 1210 sed
1445 1167 1561 1209 sex
1586 1145 1721 1210 fere
1752 1167 2005 1210 menses
2034 1145 2421 1211 efficiuntur.
2490 1144 2758 1208 Deinde

423 1256 726 1324 Tiberius
785 1265 1080 1320 narratur
1119 1264 1423 1316 comatam
1474 1250 1751 1318 Galliam
1802 1251 2079 1329 rexisse,
2136 1275 2264 1318 non
2310 1263 2423 1318 aut
2467 1252 2759 1338 Lugdu-

423 1387 688 1430 nensem
735 1374 848 1429 aut
884 1362 1214 1448 Belgicam
1269 1372 1404 1426 aut·
1428 1359 1919 1445 Aquitanicam,
1959 1383 2137 1445 ‚quas
2188 1371 2345 1426 tunc
2385 1362 2759 1448 legatorum

425 1472 788 1559 provincias
823 1471 1027 1536 fuisse
1065 1470 1424 1546 docuimuS,
1466 1469 1641 1534 unde
1672 1469 1728 1533 ei
1769 1491 1899 1533 non
1938 1491 2135 1534 unam
2178 1471 2458 1555 aliquam
2504 1493 2587 1534 ex
2632 1469 2759 1546 his,

429 1582 542 1648 sed
587 1601 808 1646 omnes
855 1588 985 1642 tres
1029 1577 1404 1642 commissas
1449 1599 1594 1640 esse
1640 1577 2021 1662 colligemus
2066 1579 2208 1664 pari
2252 1577 2387 1642 fere
2430 1587 2761 1663 potestate

427 1713 500 1753 ac
559 1689 749 1774 paulo
810 1697 956 1751 ante
1003 1687 1300 1772 Agrippa
1351 1696 1414 1748 et
1456 1685 1523 1748 in
1567 1685 1733 1750 Asia
1781 1697 1845 1751 et
1885 1686 1953 1751 in
2000 1685 2232 1752 Galliis
2277 1685 2762 1771 Hispaniisque

429 1797 760 1863 habuerat.
840 1795 1096 1877 Quodsi
1140 1795 1506 1860 universam
1549 1793 1826 1859 Galliam
1872 1795 2097 1871 tenuit,
2144 1805 2316 1859 certe
2360 1804 2585 1858 tenere
2634 1815 2765 1858 non

427 1905 666 1992 potuit,
729 1927 877 1971 cum
925 1904 1271 1990 Augustus
1321 1903 1463 1987 ipse
1514 1902 1580 1964 in
1636 1902 1871 1968 Galliis
1928 1903 2186 1980 aderat,
2240 1925 2369 1987 quo
2418 1911 2767 1986 praesente

425 2015 623 2099 legati
667 2023 910 2078 tantum
953 2012 1280 2097 vulgareS,
1323 2011 1438 2095 qui
1484 2011 1773 2094 singulas
1819 2012 2184 2095 provincias
2225 2021 2547 2095 regerent,
2596 2033 2767 2095 opus

429 2131 627 2187 erant.
707 2121 933 2204 Itaque
981 2119 1074 2184 sic
1119 2120 1333 2204 potius
1378 2119 1623 2182 factum
1668 2140 1811 2183 esse
1857 2140 2111 2196 censeo,
2156 2129 2230 2182 ut
2266 2140 2417 2182 cum
2453 2118 2769 2203 Agrippa

426 2229 494 2291 in
541 2226 770 2292 urbem
820 2249 1081 2292 reverso
1123 2227 1472 2312 Augustus
1514 2247 1771 2310 quoque
1816 2247 1963 2290 cum
2010 2226 2275 2291 Tiberio
2320 2248 2401 2290 ex
2440 2227 2615 2296 Asia
2663 2249 2767 2290 re-

428 2335 652 2412 disset,
695 2335 802 2400 hic
846 2334 1149 2401 Tiberius
1193 2335 1516 2400 universis
1560 2333 1813 2410 Galliis,
1865 2355 2029 2417 quae
2072 2334 2479 2420 imperatoris
2521 2345 2765 2410 essent,

428 2443 881 2529 praeficeretur
919 2465 1158 2530 easque
1202 2467 1368 2510 anno
1403 2443 1479 2509 18
1510 2465 1567 2505 a.
1598 2438 1753 2506 Chr.
1796 2452 2061 2518 teneret,
2107 2463 2237 2527 quo
2275 2465 2441 2506 anno
2482 2453 2769 2506 exeunte·

429 2552 700 2618 Romam
743 2553 1027 2628 revertit,
1076 2564 1150 2616 ut
1187 2563 1551 2638 praeturam
1594 2549 1721 2614 iam
1770 2573 1917 2615 vere
1958 2550 2027 2615 in
2072 2572 2313 2616 annum
2365 2551 2435 2616 17
2484 2551 2761 2616 delatam

432 2669 686 2746 gereret
725 2660 888 2747 (Dio
930 2660 1111 2736 LIV,
1164 2662 1288 2742 19).
1369 2658 1705 2724 Successit
1753 2659 1812 2722 ei
1857 2680 1986 2723 non
2029 2658 2097 2721 in
2142 2658 2445 2725 omnibus
2494 2659 2751 2744 provin-

433 2768 584 2845 ciis,
643 2768 759 2834 sed
797 2768 862 2832 in
900 2769 1170 2854 Belgica
1205 2779 1491 2842 tantum,
1552 2776 1627 2830 ut
1666 2766 1957 2842 videtur,
2002 2766 2109 2831 ille
2148 2765 2245 2830 M.
2286 2765 2583 2842 Lollius,
2638 2789 2758 2830 cos.

435 2877 585 2941 anni
626 2875 700 2943 21
753 2901 809 2942 a.
854 2874 1044 2954 Chr„
1107 2876 1190 2941 de
1233 2899 1360 2961 quo
1403 2875 1687 2939 diximus
1731 2874 1797 2938 in
1844 2886 2183 2940 comment.
2225 2875 2297 2939 II
2334 2897 2401 2960 p.
2452 2875 2599 2950 107,
2656 2874 2767 2959 qui

435 3007 580 3049 cum
637 2984 722 3050 ad
776 2985 1084 3070 praedam
1131 2984 1494 3064 faciendam
1553 2981 1808 3049 barbari
1866 2983 1933 3047 in
1986 2983 2193 3070 ipsam
2244 2983 2531 3074 Galliam
2594 2983 2769 3046 irru-
2870 3055 2872 3072 ἓ

435 3094 714 3179 pissent,
781 3092 1030 3157 cladem
1083 3093 1328 3178 accepit
1390 3091 1598 3176 magis
1644 3092 1881 3158 amissa
1918 3092 2195 3178 legionis
2237 3093 2501 3179 quintae
2548 3092 2773 3175 aquila
2870 3081 2872 3152 J

434 3201 950 3286 ignominiosam,
994 3222 1188 3284 quam
1227 3199 1657 3286 periculosam
1696 3198 1956 3284 (Vellei.
1982 3203 2072 3278 Π,
2104 3202 2219 3278 97;
2269 3200 2401 3264 Dio
2426 3199 2620 3276 LIV,
2654 3200 2769 3276 203

437 3307 620 3374 Suet.
663 3309 840 3394 Aug.
866 3309 1000 3391 23),
1044 3331 1208 3393 quae
1247 3308 1481 3385 effecit,
1524 3318 1596 3371 ut
1636 3307 1983 3394 Augustus
2022 3309 2161 3394 ipse
2202 3329 2349 3374 cum
2386 3308 2663 3373 Tiberio
2704 3309 2768 3371 in

439 3417 718 3482 Galliam
764 3427 1198 3503 properarent.
1267 3415 1406 3480 Nec
1451 3437 1605 3479 vero
1643 3426 1755 3480 aut
1796 3414 2104 3480 Germani
2144 3416 2211 3480 in
2254 3415 2426 3480 bello
2464 3417 2765 3503 perstite-
2868 3457 2873 3496 2

437 3537 590 3590 runt
643 3537 754 3590 aut
794 3525 1046 3592 Lollius
1104 3525 1377 3610 turpiter
1437 3545 1581 3588 sese
1639 3523 1873 3610 gessit,
1932 3545 2130 3608 quare
2175 3523 2530 3608 Augustus
2578 3523 2754 3588 etiam
2870 3543 2872 3604 ς

440 3644 663 3720 postea
708 3633 848 3700 eius
891 3656 1086 3721 opera·
1122 3656 1282 3698 usus
1329 3642 1427 3697 est
1468 3653 1588 3706 nec
1634 3641 1773 3694 tum
1818 3630 1876 3694 ei
1919 3630 2263 3716 imperium
2306 3632 2572 3697 videtur
2616 3631 2763 3696 ade-

441 3743 635 3807 misse
651 3766 668 3819 3
710 3743 826 3806 sed
853 3765 1002 3807 cum
1026 3739 1375 3827 Augustus
1405 3740 1547 3826 ipse
1580 3738 1893 3824 quamdiu
1922 3738 1991 3802 in
2019 3737 2251 3805 Galliis
2278 3751 2415 3804 erat
2440 3763 2769 3804 summum

439 3851 781 3936 imperium
845 3860 1121 3926 teneret,
1188 3849 1283 3912 M.
1338 3848 1553 3913 Lollio
1612 3846 1953 3912 tutandum
2007 3847 2309 3913 Rhenum
2370 3847 2770 3926 inferiorem,

443 3957 707 4024 Tiberio
749 3959 1144 4044 superiorem
1183 3956 1467 4022 tradidit.

611 4067 959 4132 Exarserat
996 4066 1163 4132 enim
1197 4066 1424 4131 eodem
1457 4076 1742 4148 tempore
1772 4061 2122 4128 Raetorum
2148 4062 2771 4150 Vindelicorumque

444 4177 719 4252 bellum,
781 4175 865 4240 ad
917 4173 1094 4261 quod
1138 4173 1493 4260 gerendum
1538 4171 1885 4256 Augustus
1932 4185 1995 4235 et
2038 4172 2231 4256 paulo
2276 4183 2425 4237 ante
2467 4173 2771 4240 Drusum

410 4269 427 4282 ⁶
445 4285 705 4351 miserat
766 4294 830 4349 et
883 4294 1037 4349 tunc
1090 4293 1163 4347 ut
1214 4305 1294 4347 ex
1341 4279 1556 4347 Gallia
1608 4290 1831 4344 contra
1872 4278 2181 4347 barbaros
2228 4281 2768 4368 proficisceretur,

446 4393 781 4459 Tiberium
837 4393 1026 4458 misit.
1108 4391 1210 4457 Ac
1258 4399 1507 4456 constat
1552 4397 1709 4454 tunc
1754 4386 2121 4456 universam
2163 4390 2456 4458 Raetiam
2498 4391 2768 4479 imperio
