2917 5017
751 352 832 401 De
871 350 1240 415 propagatione
1277 350 1497 401 civitatis
1532 350 1818 399 Romanae.
2328 349 2450 415 335

133 536 277 579 esse
323 512 678 599 oportebat,
739 535 862 577 neo
913 512 1110 577 modo
1157 511 1436 577 colonias
1494 521 1607 576 aut
1668 512 2034 598 municipia,
2092 515 2209 580 sed
2262 516 2452 579 etiam

135 644 240 687 eos
301 622 478 687 cives
535 621 894 697 Romanos,
949 619 1061 705 qui
1115 620 1186 683 in
1243 620 1499 705 oppidis
1552 620 1807 685 Latinis
1858 632 1971 684 aut
2020 622 2452 707 stipendiariis

133 739 366 793 essent.
447 728 678 813 Neque
721 728 892 793 enim
949 728 1004 793 si
1063 725 1384 793 Claudius
1429 728 1813 793 Aeduorum
1864 728 2287 814 principibus,
2342 729 2453 812 qui

135 860 209 900 ex
251 837 586 902 foederato
631 835 744 899 illo
793 835 1076 920 quidem,
1127 836 1242 901 sed
1296 835 1571 901 barbaro
1619 837 1859 922 populo
1914 848 2115 914 erant,
2166 838 2293 902 hoc
2347 837 2451 901 ius

133 944 500 1029 negandum
545 967 674 1009 non
719 966 860 1009 esse
906 944 1194 1029 putabat,
1254 945 1322 1008 in
1381 944 1713 1029 provincia
1758 946 2163 1030 pacatissima
2214 956 2277 1009 et
2329 946 2453 1009 du-

135 1054 286 1117 dum
349 1053 618 1119 subacta
641 1084 648 1087 ·
675 1063 739 1117 et
781 1051 1004 1117 Italiae
1063 1050 1350 1117 moribus
1397 1052 1723 1117 simillima
1770 1075 1899 1117 non
1942 1054 2115 1119 idem
2156 1051 2453 1117 omnibus

133 1183 508 1227 concessum
557 1185 698 1228 esse
743 1158 1095 1247 oportebat.
1166 1160 1374 1244 quue
1417 1160 1738 1245 significat
1766 1160 1904 1245 ipse
1936 1159 2276 1238 Claudius,
2306 1183 2453 1249 cum

131 1270 216 1333 ait
253 1270 347 1347 Π,
385 1270 463 1336 27
507 1274 706 1335 solum
749 1274 950 1349 tpsum
993 1272 1168 1333 ultra
1195 1272 1364 1347 fines
1400 1272 1761 1347 provinciae
1812 1270 2223 1349 Narbonensis
2268 1292 2453 1334 sena·

132 1391 302 1443 tores
345 1380 622 1445 Romam
664 1378 936 1453 mittere,
977 1377 1048 1441 in
1087 1398 1218 1460 quo
1259 1376 1383 1439 hoc
1423 1374 1611 1451 inest,
1660 1378 1855 1442 totius
1897 1376 2263 1461 provinciae
2284 1376 2453 1442 Nar·-
2555 1380 2571 1389 '

132 1486 433 1551 bonensis
479 1486 664 1572 quasi
713 1486 922 1551 solum
967 1485 1110 1549 iure
1153 1484 1469 1550 honorum
1514 1483 1631 1547 uti.
1695 1483 2105 1568 Quamquam
2142 1484 2299 1549 haec
2324 1506 2451 1549 non

133 1596 216 1659 ita
267 1596 699 1680 disputamus,
745 1604 817 1657 ut
867 1614 1091 1659 omnes
1139 1589 1600 1657 Narbonensis·
1624 1590 1867 1656 incolas
1914 1592 2089 1655 cives
2131 1592 2451 1657 Romanos

133 1704 334 1769 fuisse
377 1706 850 1778 existimemus;
895 1723 1105 1785 neque⁴
1143 1699 1314 1763 enim
1366 1699 1438 1763 id
1484 1698 1566 1763 ad
1610 1698 1713 1763 ius
1750 1699 2067 1764 honorum
2104 1700 2455 1763 fruendum

135 1834 293 1895 opus
357 1822 496 1878 erat
537 1822 648 1877 aut
707 1800 1036 1896 probabile
1095 1819 1210 1883 est,
1261 1808 1344 1872 de
1407 1828 1539 1872 uno
1610 1806 1753 1882 hoc,
1810 1808 1987 1890 quod
2036 1808 2453 1893 explicamus,

134 1919 266 1981 iure
331 1919 635 1983 dicimus.
735 1918 869 1983 Sed
935 1918 1126 1982 etiam
1184 1917 1354 1981 ultra
1403 1914 1888 1979 Narbonensem
1942 1915 2339 2001 provinciam
2386 1916 2455 1979 id

135 2026 520 2109 pertinebat3
581 2050 728 2089 nam
769 2025 932 2100 loce,
977 2024 1086 2107 qui
1133 2024 1328 2088 modo
1371 2024 1603 2089 citatus
1648 2036 1765 2101 est,
1806 2020 2125 2089 Claudius
2168 2024 2261 2087 sic
2306 2046 2455 2109 per-

137 2134 256 2218 git:
323 2138 574 2217 quando
635 2160 714 2199 ex
771 2136 1090 2215 Lugduno
1151 2134 1369 2195 habere
1424 2154 1535 2195 nos
1594 2137 1797 2196 nostri
1846 2136 2083 2195 ordinis
2124 2135 2285 2193 viros
2324 2154 2451 2195 non

124 2249 410 2321 poenitet.
493 2241 840 2309 Habebant
881 2241 1084 2325 igitur
1123 2262 1252 2324 quo
1303 2251 1589 2325 tempore
1633 2239 1881 2305 Galliae
1930 2237 2235 2305 Comatae
2280 2238 2453 2322 prin-

139 2350 306 2434 cipes
369 2351 819 2436 imperatorem
875 2348 1193 2423 adierunt,
1247 2348 1352 2411 ius
1411 2347 1729 2413 honorum
1775 2348 2280 2431 Lugdunenses,
2324 2368 2453 2411 non

136 2480 300 2521 unus
345 2470 462 2523 aut
507 2460 688 2535 alter,
731 2458 842 2543 qui
894 2457 1222 2541 singulare
1259 2456 1382 2521 hoc
1419 2454 1807 2521 beneficium
1850 2457 2229 2540 impetrasse
2270 2454 2452 2519 vide·-

138 2576 378 2641 rentur,
423 2566 538 2631 sed
581 2566 782 2651 vulgo
827 2575 1018 2648 atque
1057 2565 1146 2629 ita
1187 2574 1260 2627 ut
1303 2562 1591 2627 omnium
1618 2576 1791 2629 esset
1814 2585 2150 2628 commune
2180 2563 2453 2647 ipsoque

136 2672 198 2735 in
251 2673 394 2739 solo
445 2674 824 2739 inhaereret.
902 2672 1130 2757 Neque
1179 2694 1258 2735 ea
1307 2694 1412 2737 res
1453 2694 1569 2756 per
1624 2694 1693 2737 se
1746 2672 1891 2757 ipsa
1933 2682 2030 2735 est
2080 2671 2215 2733 veri
2260 2670 2453 2735 dissi·

138 2781 320 2847 milis.
401 2780 568 2847 Nam
619 2781 673 2845 si
716 2780 1144 2856 Viennenses,
1195 2800 1471 2864 quorum
1517 2781 1855 2865 peregrina
1886 2802 1963 2845 ac
2008 2800 2207 2865 prope
2248 2777 2453 2843 hosti-

137 2889 208 2955 lis
249 2900 392 2954 erat
431 2890 633 2975 orig0,
683 2900 756 2954 ut
796 2889 1100 2964 diximus,
1145 2888 1228 2953 ad
1272 2888 1549 2954 honores
1576 2886 2095 2962 admittebantur,
2138 2886 2453 2969 numquid

139 2997 622 3084 Lugdunenses
665 2996 1020 3083 prohibitos
1067 3020 1210 3063 esse
1254 3018 1614 3071 censemus,
1659 2996 1790 3080 qui,
1820 2996 1889 3059 id
1928 2995 2105 3079 quod
2132 2994 2257 3059 illis
2292 3004 2453 3059 tem-

137 3106 400 3190 poribus
455 3125 672 3171 rarum
731 3118 884 3183 erat,
947 3105 1258 3171 militibus
1306 3127 1457 3169 vere
1502 3104 1809 3175 Romanis
1852 3102 2155 3167 deductis
2198 3115 2453 3167 consta-

139 3213 302 3292 bant,
369 3214 484 3299 qui
546 3236 694 3279 cum
742 3214 810 3277 in
867 3223 1038 3279 terra
1090 3212 1366 3279 barbara
1423 3213 1911 3288 collocarentur,
1977 3232 2105 3273 non
2152 3210 2456 3275 videntur

139 3323 264 3388 ullo
321 3323 496 3398 iure,
549 3343 680 3405 quo
737 3332 924 3385 antea
982 3320 1086 3385 usi
1143 3334 1340 3397 erant,
1397 3344 1541 3387 esse
1601 3321 1855 3407 privati.
1946 3318 2049 3385 Cf.
2096 3316 2455 3385 Comment.

140 3428 468 3515 epigraph.
499 3429 534 3493 Ι
575 3451 640 3513 p.
669 3428 792 3493 370
837 3450 931 3511 sq.
993 3428 1280 3511 Ideoque
1327 3429 1733 3514 Lugdunum
1774 3450 1927 3513 prae
1970 3427 2269 3492 omnibus
2298 3424 2456 3491 Gal-

139 3538 252 3603 liae
295 3536 670 3603 civitatibus
713 3557 970 3620 semper
1007 3536 1347 3601 maximam
1387 3538 1845 3624 imperatorum
1892 3535 2218 3601 caritatem
2257 3534 2455 3600 habe-

142 3645 262 3722 bat,
318 3646 508 3711 sedes
555 3668 630 3710 ac
683 3644 1104 3721 domicilium,
1161 3646 1216 3709 si
1261 3668 1424 3729 quos
1469 3646 1535 3709 in
1576 3643 1793 3711 Gallia
1826 3644 2071 3709 versari
2112 3654 2453 3729 oporteret,

143 3755 516 3841 eligebatur,
554 3754 730 3817 nullo
767 3774 896 3819 non
935 3774 1170 3836 genere
1216 3752 1699 3818 benevolentiae
1744 3752 2110 3819 ornabatur.
2170 3752 2455 3817 Eodem-

144 3885 258 3947 que
319 3862 710 3929 deducimur
761 3884 838 3929 ea
891 3884 1085 3945 quam
1141 3863 1336 3947 paulo
1392 3872 1542 3947 post
1590 3882 1985 3947 exponemus
2032 3862 2327 3947 opinione
2372 3861 2456 3927 de

144 3972 272 4039 iure
331 3972 577 4046 Italica,
633 3970 806 4055 quod
866 3970 1350 4055 Lugdunenses
1409 3970 1493 4035 ab
1551 3969 1737 4035 initio
1796 3970 2078 4037 coloniae
2148 3968 2455 4035 habuisse

145 4080 536 4147 arbitramur.
611 4080 747 4147 sed
789 4091 1042 4163 praeter
1084 4078 1202 4145 hos
1246 4079 1731 4166 Lugdunenses
1772 4079 1953 4144 nulla
1986 4091 2122 4143 erat
2146 4079 2215 4143 in
2244 4079 2459 4146 Gallia

149 4184 408 4257 Comata
469 4188 717 4264 civitas,
773 4188 990 4254 nullus
1033 4188 1336 4275 populus,
1391 4190 1459 4255 in
1512 4212 1641 4273 quo
1682 4187 1795 4271 qui
1841 4198 2059 4251 essent
2096 4188 2273 4252 cives
2318 4188 2453 4253 Ro-

147 4299 328 4376 mani,
375 4298 480 4363 ius
524 4298 840 4361 honorum
885 4296 1192 4364 haberent
1233 4320 1312 4363 eo
1343 4293 1607 4382 quidem
1640 4308 1945 4382 tempore,
1972 4318 2101 4380 quo
2133 4292 2453 4361 Claudius

148 4404 300 4473 hanc
341 4428 508 4492 quae
547 4417 721 4474 extat
767 4405 1116 4474 orationem
1157 4406 1404 4484 habuit,
1447 4407 1647 4492 idque
1688 4407 2032 4493 imperator
2054 4405 2231 4471 haud
2256 4404 2455 4471 dubie
