2917 5017
441 348 558 414 118
1110 351 1194 400 De
1231 349 1402 400 Gallia
1435 351 1785 400 Romanorum
1822 349 2099 414 provincia.

437 515 600 580 ritur
654 537 782 598 qua
835 523 1148 599 potestate
1204 512 1420 577 fuerit.
1502 511 1675 576 Num
1720 511 1833 576 uni
1878 521 2125 578 tantum
2170 537 2253 578 ex
2292 511 2573 579 Gallicis
2615 536 2751 598 pro·
2872 589 2875 594 ¹

437 622 666 688 vinciis
711 621 1026 707 praefuit?
1083 645 1162 686 an
1207 621 1445 686 maiore
1492 621 1777 704 quodam
1812 620 1953 685 iure
1991 620 2336 686 utebatur?
2405 622 2513 686 De
2560 621 2755 706 prima

437 730 578 795 eius
619 729 1026 814 expeditione
1069 730 1164 794 sic
1207 729 1402 794 ‘tradit
1439 729 1573 793 Dio
1601 727 1781 802 LIV,
1816 729 1917 805 32,
1964 751 2111 794 eum
2150 729 2477 815 principes
2506 728 2757 795 Galliae

436 838 520 903 ob
561 860 822 902 censum
846 885 862 914 ,
921 837 1036 921 qui
1079 848 1232 902 tunc
1273 839 1553 923 primum
1582 836 1899 924 agebatur
1928 837 2105 920 (Liv.
2142 838 2291 922 epit.
2314 835 2759 921 CXXXIX),
2872 817 2875 846 Ι

436 967 540 1010 res
589 967 793 1010 novas
843 944 1176 1010 molientes
1221 945 1629 1030 Lugdunum
1675 966 2061 1010 convocasse
2108 945 2190 1010 ad
2236 969 2408 1012 aram
2451 943 2761 1030 Augusto
2872 849 2875 1032 Ι

438 1053 838 1122 condendam
883 1051 1095 1135 (Suet.
1141 1051 1375 1119 Claud.
1417 1053 1491 1130 23
1546 1050 1781 1117 Strabo
1820 1052 1939 1128 IV,
1986 1053 2043 1128 3,
2090 1053 2181 1135 2),
2232 1065 2371 1117 tum
2412 1075 2618 1139 prope
2667 1054 2762 1116 in·
2872 1033 2875 1088 ἶ

441 1162 644 1226 sulam
704 1162 1100 1228 Batavorum
1149 1162 1450 1228 Rhenum
1508 1160 1849 1234 transisse,
1912 1160 2219 1244 Usipetes
2268 1172 2333 1226 et
2378 1159 2761 1246 Sigambros

439 1281 502 1334 et
538 1269 786 1334 Frisios
827 1281 890 1334 et
925 1267 1224 1335 Chaucos
1271 1291 1648 1356 superasse:
1694 1291 1967 1352 quorum
2009 1269 2174 1333 illud
2218 1270 2430 1334 faeere
2474 1293 2609 1334 non
2650 1293 2762 1355 po·
2873 1297 2875 1308 ·

438 1387 600 1444 terat
642 1377 768 1442 nisi
811 1379 924 1461 qui
969 1377 1402 1462 Lugdunensi
1448 1387 1799 1463 praeesset,
1844 1376 1968 1440 hoc
2005 1376 2130 1442 nisi
2161 1377 2487 1462 Belgicae.
2572 1379 2763 1444 Rexit
2872 1311 2875 1428 Ι

436 1487 637 1570 igitur
677 1497 1032 1570 utramque.
1112 1487 1218 1550 De
1258 1487 1603 1569 Aquitania
1646 1494 1895 1550 tacetur
1932 1483 2214 1568 quidem,
2257 1485 2371 1548 sed
2410 1509 2542 1550 non
2587 1487 2764 1570 quod
2873 1559 2875 1562 ,

439 1619 580 1660 eam
635 1619 766 1660 non
821 1594 1090 1670 rexerit,
1147 1605 1220 1659 ut
1273 1594 1533 1679 opinor,
1604 1593 1721 1658 sed
1778 1593 1952 1676 quod
2004 1593 2071 1656 in
2130 1616 2205 1657 ea
2249 1593 2409 1658 nihil
2454 1597 2768 1659 memoria
2872 1585 2875 1704 1

439 1704 711 1789 dignum
773 1714 1024 1788 gestum
1084 1712 1214 1778 est,
1272 1712 1346 1766 ut
1401 1724 1669 1786 prorsus
1723 1701 2019 1767 Drusum
2086 1689 2429 1766 univeffiae
2489 1701 2765 1780 Galliae,
2873 1707 2875 1714 ἶ

437 1835 601 1897 quae
643 1811 1046 1897 imperatoris
1092 1821 1296 1888 esset,
1351 1810 1432 1876 ab
1474 1809 1781 1896 Augusto
1830 1811 2229 1895 praefectum
2270 1832 2413 1874 esse
2455 1809 2765 1876 iudicem.

440 1917 552 1986 Sic
613 1918 1130 1985 confundebatur
1189 1918 1374 2002 quasi
1437 1918 1549 1983 illa
1608 1918 2085 2002 provinciarum
2142 1918 2493 2004 descriptio
2513 1966 2532 1995 ,
2603 1943 2771 2003 quae

439 2027 630 2092 modo
682 2026 974 2092 instituta
1029 2038 1194 2101 erat3
1258 2048 1467 2108 neque
1530 2026 1701 2090 enim
1744 2048 2016 2092 necesse
2072 2037 2239 2102 erat,
2306 2037 2435 2092 tres
2497 2027 2775 2092 haberet

440 2135 702 2200 Drusus
759 2134 1042 2215 legatos,
1105 2132 1220 2198 sed
1273 2145 1465 2218 prout
1525 2132 1677 2197 belli
1723 2134 2003 2200 rationes
2047 2156 2311 2220 poscere
2352 2134 2774 2212 videbantur,

439 2243 631 2308 etiam
687 2241 904 2327 plures
957 2241 1326 2328 legionibus
1383 2225 1728 2326 praeficere
1784 2253 2051 2327 poterat.
2152 2243 2387 2308 Hieme
2436 2254 2657 2310 autem
2701 2245 2773 2310 in

437 2350 600 2416 urbe
656 2360 914 2436 peracta
969 2348 1161 2413 rediit
1215 2350 1479 2414 Drusus
1541 2348 1609 2413 in
1659 2347 2075 2414 Germaniam
2134 2373 2301 2414 anno
2349 2352 2421 2413 11
2476 2351 2774 2437 itemque
2872 2339 2875 2460 γ

439 2481 606 2525 anno
652 2458 764 2533 10,
823 2478 952 2539 quo
998 2467 1257 2540 praetor
1301 2471 1468 2535 erat,
1528 2480 1914 2542 quamquam
1957 2457 2303 2541 Augustus
2348 2469 2412 2524 et
2454 2459 2775 2526 Tiberius
2872 2461 2875 2486 '

439 2590 589 2632 eum
629 2563 1092 2630 comitabantur
1126 2565 1286 2647 (Dio
1314 2564 1495 2642 LIV,
1529 2566 1670 2650 36),
1704 2565 1877 2630 idem
1906 2565 2185 2630 habebat
2212 2566 2557 2652 imperium
2588 2571 2777 2653 quod

439 2684 645 2750 antea,
697 2671 1014 2756 siquidem
1061 2682 1124 2736 et
1164 2672 1232 2739 in
1273 2670 1496 2738 Cattos
1543 2672 2015 2758 expeditionem
2060 2674 2423 2758 suscepisse
2464 2689 2779 2742 narratur
2872 2729 2875 2754 ,

440 2781 801 2868 (D101.1.;
856 2780 1031 2847 mor.
1072 2779 1194 2857 1v,
1248 2781 1341 2857 12,
1389 2781 1531 2863 26),
1592 2792 1655 2850 et
1694 2781 1867 2848 filius
1914 2781 2053 2846 eius
2100 2779 2419 2848 Claudius
2460 2783 2576 2848 1110
2622 2786 2777 2870 ipso
2873 2763 2875 2782 ²

437 2913 605 2956 anno
661 2887 977 2974 Lugduni
1033 2905 1222 2955 natus
1279 2899 1378 2957 est
1433 2887 1573 2956 Cal.
1630 2890 1953 2975 Augustis
2012 2887 2226 2973 (Suet.
2280 2887 2513 2956 Claud.
2568 2915 2627 2958 c.
2676 2895 2771 2978 2),

439 2997 614 3062 unde
667 2990 816 3064 eum
877 3019 1006 3062 non
1061 2997 1274 3064 minus
1316 2998 1634 3082 Lugduni
1683 3021 1876 3082 quam
1926 2997 2009 3060 ad
2051 2998 2419 3062 inferiorem
2456 2999 2777 3068 Rhenum
2872 3033 2875 3084 j

439 3107 792 3190 imperasse
844 3104 1162 3168 videmus.
1267 3105 1493 3190 Neque
1546 3106 1753 3190 magis
1812 3128 1979 3170 anno
2024 3105 2062 3169 9
2082 3153 2099 3182 ,
2162 3127 2289 3189 quo
2350 3109 2775 3176 consulatum
2872 3085 2875 3282 Ι

441 3213 676 3298 gessit,
733 3210 1076 3295 imperium
1121 3211 1451 3296 deposuit,
1514 3213 1629 3278 sed
1668 3234 1941 3297 propere
1981 3223 2426 3298 transgressus
2475 3215 2541 3280 in
2591 3215 2773 3282 Ger·

413 3319 718 3385 ‘maniam
759 3317 916 3382 obiit
955 3318 1117 3401 (Dio
1143 3318 1290 3396 LV,
1333 3323 1398 3397 13
1443 3321 1593 3385 ων.
1631 3317 1928 3398 CXL11;
1980 3320 2206 3385 venei.
2233 3322 2323 3397 11,
2359 3322 2489 3402 97).
2578 3325 2769 3406 Qua·
2872 3301 2875 3320 ²

441 3426 808 3492 driennium
845 3425 1048 3510 igitur
1081 3449 1408 3496 summum
1432 3427 1791 3495 Galliarum
1824 3427 2166 3515 imperium
2192 3430 2283 3492 ita
2311 3432 2511 3498 tenuit
2548 3434 2760 3498 vitrici

439 3535 715 3616 legatus,
751 3544 824 3598 ut
864 3533 1152 3619 singulas
1179 3535 1543 3620 provincias
1572 3558 1689 3621 per
1717 3559 1867 3602 suos
1893 3537 2139 3621 legatos
2167 3537 2409 3602 rexisse
2438 3539 2750 3606 videat-ut.

445 3641 777 3707 Successit
817 3652 1029 3707 autem
1064 3643 1243 3710 fratri
1271 3642 1574 3710 Tiberius
1617 3644 1873 3726 (Vellei.
1902 3644 1986 3720 II,
2014 3644 2147 3728 97),
2188 3669 2381 3730 quem
2410 3647 2761 3732 Augustus

443 3772 592 3819 curn
632 3749 772 3834 ipse
813 3749 882 3813 in
924 3749 1203 3816 Galliam
1248 3752 1577 3835 profectus
1620 3763 1821 3829 esset,
1879 3753 2035 3820 item
2078 3765 2149 3818 ut
2192 3753 2375 3820 illum
2414 3756 2764 3823 universae

443 3857 696 3924 Galliae
753 3856 1078 3943 praefecit.
1161 3857 1388 3944 Neque
1442 3861 1613 3928 enim
1666 3861 1839 3946 quod
1891 3861 2020 3925 Dio
2066 3861 2215 3936 LV,
2258 3861 2297 3928 6
2341 3874 2586 3928 narrat:
2656 3871 2765 3933 τὸν

447 3966 498 4030 δ’
549 3962 654 4028 οὖν
697 3963 972 4049 Τιβέριον
1019 3966 1081 4036 ἐς
1125 3967 1230 4049 τὴν
1274 3971 1380 4030 τοῦ
1427 3967 1871 4052 αὐτοκράτορος
1914 3970 2109 4054 ἀρχὴν
2162 3970 2288 4034 ἀντὶ
2328 3975 2435 4036 τοῦ
2469 3973 2765 4056 Δρούσου

443 4076 808 4158 προαγαγὼν
867 4079 944 4158 τῇ
1001 4097 1066 4136 τε
1130 4074 1440 4158 ἐπικλήσει
1501 4075 1700 4159 ἐκείνῃ
1762 4076 2077 4160 ἐγαόρωοε
2137 4079 2238 4142 καὶ
2298 4079 2515 4142 ὕπατοι
2577 4080 2768 4152 αὖθις

445 4179 758 4260 ἀπέδειξε,
821 4181 1002 4248 aliter
1045 4181 1318 4266 intelligi
1359 4194 1597 4268 potest,
1656 4181 1780 4250 nisi
1821 4183 1943 4259 sic,
2001 4195 2072 4247 ut
2111 4183 2375 4251 Tiberio
2420 4183 2765 4272 imperium

447 4286 805 4353 Galliarum
843 4289 1054 4354 acius
1099 4313 1366 4356 suorum
1412 4292 1769 4377 legatorum
1816 4290 2089 4376 singulis
2138 4292 2488 4376 provinciis
2528 4298 2762 4378 praefi-

445 4391 853 4476 ciendorum‚
913 4398 1086 4496 quod
1132 4398 1284 4464 olim
1321 4399 1585 4468 Drusus
1632 4399 1975 4476 habuerat,
2020 4398 2305 4470 delatum
2346 4425 2495 4470 esse
2540 4407 2759 4474 existi-
