2917 5017
844 298 927 349 De
966 298 1137 351 Gallia
1172 302 1523 353 Romanorum
1567 306 1848 369 provincia.
2423 308 2504 375 23

164 450 552 541 Cisalpinae
590 458 1039 537 disiunctione,
1088 461 1262 546 quod
1307 462 1560 529 Marius
1599 466 1662 529 in
1707 469 1931 552 quinto
1975 472 2312 537 consulatu
2359 484 2506 559 post

158 563 379 631 victos
404 566 741 634 Teutonos
786 592 906 654 per
940 569 1141 655 Alpes
1188 581 1634 656 transgressus
1677 571 1984 642 Catulum
2027 577 2276 645 adiuvit
2319 578 2502 646 Cim-

160 668 458 757 brosque
502 698 705 760 prope
745 676 1067 742 Veronam
1132 678 1301 741 vicit.
1392 679 1553 745 Erat
1603 682 1774 747 enim
1826 696 1982 749 tunc
2039 696 2102 751 et
2157 688 2386 752 consul
2425 711 2504 755 ac
2583 715 2592 726 ·

168 780 414 845 maiore
454 784 735 866 quadam
778 795 1089 869 potestate
1126 786 1460 869 praeditus
1504 811 1699 873 quam
1720 792 1833 875 qui
1873 794 2332 876 proconsulare
2359 804 2501 860 tan-

168 900 305 951 tum
352 889 705 975 imperium
748 892 1025 958 habebat
1046 890 1341 969 Catulus,
1384 905 1449 960 et
1493 920 1534 960 a
1557 908 1784 963 senatu
1824 900 1926 964 vel
1949 902 2190 987 populo
2209 902 2498 969 Romano

168 996 355 1061 facile
401 998 489 1090 ad
539 1002 963 1066 avertendum
995 1002 1353 1087 periculum
1383 1002 1451 1066 in
1491 1004 1741 1069 Italiam
1785 1008 2004 1073 vocari
2043 1010 2274 1093 potuit,
2311 1010 2500 1077 cuius

166 1106 257 1171 rei
304 1107 703 1173 mentionem
750 1110 804 1175 si
864 1110 1211 1195 scriptores
1260 1110 1626 1188 omiserint,
1679 1136 1808 1178 non
1852 1116 2086 1181 mirum
2124 1116 2312 1182 nobis
2355 1140 2500 1183 esse

162 1214 519 1280 videbitur.
602 1217 1047 1283 Veruntamen
1106 1216 1503 1304 Cisalpinam
1551 1218 1830 1285 Galliam
1877 1222 2294 1290 inferioribus
2337 1235 2500 1290 tem-

160 1322 433 1409 poribus
480 1348 613 1391 non
652 1326 857 1393 fuisse
896 1329 1288 1412 peculiarem
1316 1329 1541 1413 populi
1559 1328 1834 1393 Romani
1853 1331 2250 1415 provinciam
2275 1341 2501 1417 postea

161 1433 551 1499 certissimis
589 1433 989 1521 argumentis
1036 1434 1644 1511 demonstrabimus,
1684 1458 1805 1501 nec
1849 1438 1904 1501 si
1925 1448 2154 1523 postea
2193 1460 2324 1504 non
2353 1440 2498 1516 fuit,

156 1556 672 1608 consentaneum
730 1557 857 1620 est,
919 1558 993 1607 ut
1044 1545 1243 1609 fuerit
1298 1545 1421 1610 hac
1481 1555 1706 1609 aetate.
1789 1544 2284 1633 Transalpinam
2342 1568 2496 1613 vero

158 1648 447 1715 Galliam
516 1664 581 1717 et
652 1652 1095 1737 superioribus
1165 1652 1564 1738 temporibus
1639 1674 1768 1715 non
1833 1653 2038 1719 fuisse
2097 1654 2497 1739 provinciam

168 1758 519 1824 docuimus
574 1770 639 1824 et
686 1760 881 1845 paulo
927 1772 1076 1846 post
1114 1760 1312 1825 Marii
1353 1770 1624 1825 aetatem
1667 1782 1822 1825 suos
1862 1759 2168 1827 habuisse
2211 1774 2495 1829 rectores

166 1867 641 1953 intelligemus,
702 1880 775 1933 ut
817 1890 934 1954 per
976 1870 1187 1953 ipsam
1233 1868 1327 1932 rei
1370 1868 1678 1932 rationem
1723 1890 1852 1931 non
1901 1866 2240 1933 abhorreat
2283 1894 2322 1935 a
2357 1872 2497 1935 veri

156 1975 611 2053 similitudine,
656 2000 695 2041 a
734 1974 811 2041 C.
856 1976 1087 2053 Mari0,
1131 1977 1243 2061 qui
1288 1976 1657 2041 universam
1699 1985 1763 2039 et
1798 1976 2052 2060 pacavit
2095 1986 2159 2041 et
2204 1976 2497 2042 defendit

158 2097 223 2148 et
264 2084 609 2161 recreavit,
656 2107 797 2151 eam
840 2085 907 2149 in
934 2084 1306 2172 provinciae
1338 2085 1611 2149 formam
1641 2106 1784 2147 esse
1818 2083 2163 2149 redactam.
2216 2084 2498 2151 Accedit

156 2194 341 2270 illud,
394 2194 577 2279 quod
624 2216 878 2281 semper
921 2195 1078 2259 mihi
1122 2194 1399 2259 maxime
1426 2193 1662 2257 mirum
1684 2192 1900 2256 visum
1925 2202 2044 2267 est,
2090 2215 2208 2257 cur
2233 2192 2494 2257 tandem

156 2302 449 2367 Marium
501 2302 813 2379 Romani,
876 2315 951 2367 ut
1016 2303 1464 2388 imperatorem
1533 2311 1753 2365 contra
1818 2299 2126 2365 barbaros
2188 2300 2496 2366 idoneum

154 2412 509 2487 haberent,
568 2411 824 2477 sexiens
876 2411 1208 2476 consulem
1243 2410 1538 2475 crearint.
1629 2408 1774 2473 Hoc
1831 2407 1944 2490 qui
1985 2416 2206 2471 nostra
2247 2406 2494 2471 ratione

152 2532 431 2606 accepta
475 2519 731 2585 Galliae
772 2520 1085 2605 quicquid
1128 2531 1285 2583 tunc
1330 2517 1669 2584 subactum
1718 2526 1874 2591 erat,
1923 2537 2072 2579 cum
2115 2514 2301 2580 Italia
2341 2535 2494 2579 con-

151 2629 458 2695 iunctum
502 2628 711 2694 fuisse
756 2638 1021 2703 statuet,
1072 2627 1262 2693 facile
1306 2624 1685 2711 explicabit,
1728 2623 1840 2708 qui
1885 2634 2166 2687 veterem
2207 2622 2496 2687 virorum

154 2738 507 2803 doctorum
550 2737 919 2823 opinionem
980 2746 1287 2821 sequetur
1304 2780 1323 2810 ,
1378 2733 1558 2799 nullo
1597 2741 1787 2818 pacto
1827 2730 2188 2816 intelligere
2239 2728 2493 2813 poterit.

164 2846 397 2930 Neque
424 2845 603 2910 enim
632 2845 849 2911 hercle
872 2844 1168 2920 Romani,
1213 2842 1510 2928 quamvis
1531 2850 1796 2927 propter
1815 2836 2199 2923 Iugurtham
2238 2846 2496 2920 captum

158 2954 339 3041 grati
380 2977 525 3019 esse
565 2965 875 3039 cuperent
892 3000 909 3028 ,
972 2963 1220 3015 tantum
1264 2950 1405 3015 eius
1447 2947 1676 3013 honori
1732 2945 2125 3019 tribuerunt,
2181 2954 2495 3027 quantum

108 3109 124 3114 -
151 3086 503 3149 nunquam
550 3073 767 3136 antea,
812 3082 935 3125 nec
974 3060 1137 3125 adeo
1189 3059 1373 3123 illum
1418 3055 1542 3121 sibi
1591 3078 1810 3121 carum
1853 3076 1996 3118 esse
2037 3059 2330 3136 oportere
2369 3070 2494 3133 pu-

150 3173 405 3249 tabant,
454 3181 533 3235 ut
580 3174 777 3233 unius
823 3167 1099 3233 hominis
1142 3166 1427 3253 augendi
1473 3186 1670 3230 causa
1715 3164 1894 3247 leges
1939 3157 2215 3225 civitatis
2264 3155 2495 3219 infrin-

166 3292 411 3367 gerent.
512 3279 743 3343 Nonne
809 3277 962 3341 item
1028 3288 1215 3341 antea
1282 3296 1474 3359 saepe
1544 3272 1796 3367 magnis
1850 3263 2347 3352 imperatoribus
2411 3261 2496 3327 ad

164 3412 401 3477 magna
458 3388 633 3453 bella
691 3384 1087 3451 conficienda
1140 3405 1305 3469 opus
1372 3382 1630 3447 tuerat?
1729 3378 1955 3442 Nonne
2015 3372 2236 3457 Scipio
2294 3368 2498 3435 maior

155 3500 408 3566 bellum
446 3496 777 3563 Punicum
824 3494 1208 3567 confecerat,
1252 3490 1461 3555 minor
1495 3484 1952 3569 Carthaginem
1995 3492 2059 3546 et
2081 3476 2496 3545 Numantiam

157 3609 445 3683 delerat,
515 3604 837 3671 Aemilius
881 3602 1127 3667 Paulus
1175 3597 1622 3663 Macedoniam
1677 3600 1963 3677 ceperat,
2041 3608 2252 3652 nonne
2309 3582 2496 3647 multi

162 3718 369 3783 multa
410 3714 589 3781 bella
624 3721 1119 3797 composuerant
1158 3708 1295 3772 sine
1336 3702 1756 3787 multiplicato
1793 3696 2164 3762 consulatus
2209 3688 2497 3755 honore?

161 3825 307 3893 Cur
353 3848 485 3889 non
529 3822 703 3887 idem
750 3832 907 3883 tunc
944 3816 1235 3881 fecerunt
1273 3814 1339 3877 in
1356 3809 1591 3885 Mari0,
1636 3805 1812 3891 quod
1857 3803 2008 3869 olim
2042 3803 2108 3868 in
2143 3798 2317 3865 illis?
2359 3796 2498 3863 Nec

152 3951 391 4025 postea
430 3932 666 3999 eadem
707 3928 1159 3995 consulatuum
1199 3917 1629 3987 cumulatione
1667 3913 1854 3997 quasi
1897 3912 1999 3977 usi
2046 3918 2234 3984 sunt3
2290 3925 2498 3988 neque

171 4048 337 4111 enim
392 4054 513 4111 aut
562 4039 749 4105 Sulla
799 4048 909 4102 aut
950 4031 1301 4116 Pompeius
1356 4036 1468 4092 aut
1521 4022 1792 4099 Caesar,
1861 4042 2009 4085 cum
2068 4017 2372 4082 diuturna
2425 4033 2502 4077 ac

177 4154 393 4241 gravia
415 4151 597 4217 bella
621 4156 937 4235 gererent,
984 4137 1385 4206 consulatum
1419 4134 1568 4219 plus
1597 4129 1795 4196 semel
1819 4126 2036 4213 adepti
2059 4134 2228 4191 sunt.
2279 4120 2500 4202 Quare

170 4285 287 4329 nec
328 4263 399 4327 in
446 4253 819 4324 incredibili
858 4250 1139 4336 quodam
1172 4243 1397 4332 populi
1438 4238 1711 4305 Romani
1767 4258 1923 4321 erga
1965 4232 2251 4297 Marium
2289 4226 2502 4293 studio

168 4395 291 4438 nec
333 4372 405 4435 in
453 4368 782 4435 bonorum
820 4360 1278 4445 imperatorum
1318 4348 1538 4435 inopia
1585 4368 1782 4413 causa
1825 4343 2055 4409 totiens
2099 4332 2504 4425 multiplicati
