2917 5017
461 282 542 347 42
1129 286 1212 335 De
1248 282 1419 334 Gallia
1451 285 1800 335 Romanorum
1836 288 2113 353 provincia.

457 459 687 535 gnorat
706 496 725 525 ,
786 447 1163 531 eligebatur.
1250 444 1363 511 Sic
1406 442 1662 523 Sicilia,
1715 448 2069 534 Hispania,
2115 451 2370 528 Africa,
2417 452 2576 517 Asia
2615 463 2748 515 sunt

458 557 873 632 constitutae,
914 556 1007 621 sic
1046 556 1189 641 ipsa
1228 578 1377 621 cum
1412 554 1668 619 civitate
1720 555 2068 621 donaretur
2108 558 2319 636 Italia,
2361 560 2454 625 sic
2494 559 2748 642 denique

457 664 769 748 quicquid
808 664 1111 749 deinceps
1154 662 1534 727 mutandum
1572 663 1916 729 videbatur
1967 689 2146 743 esse,
2199 668 2605 732 emendatum
2647 679 2748 742 est,

456 781 770 855 notaeque
816 781 962 835 sunt
1010 771 1190 855 leges
1232 770 1566 856 Rupiliae,
1623 770 1858 855 quibus
1901 774 2104 839 multa
2145 797 2263 860 per
2301 774 2583 839 Siciliam
2619 798 2748 839 san-

460 879 585 943 cita
622 890 794 956 sunt,
830 880 936 943 lex
962 878 1287 963 Pompeia,
1331 900 1459 961 qua
1501 879 1808 963 Bithynia
1847 882 2192 947 constituta
2229 894 2328 947 est
2373 878 2746 969 (Comment.

456 986 975 1071 epigraph.‚Vol.
1016 987 1051 1050 I
1089 1008 1151 1071 p.
1172 986 1254 1051 76
1281 995 1344 1049 et
1374 985 1684 1070 saepius),
1729 983 2030 1065 Cornelia
2066 990 2133 1053 in
2176 990 2320 1075 ipsa
2346 990 2551 1067 Italia,
2589 990 2748 1055 aliae.

452 1094 599 1159 Rite
645 1094 815 1159 enim
856 1093 975 1159 hae
1014 1116 1305 1178 quoque,
1352 1116 1518 1178 quae
1571 1094 1654 1159 ab
1710 1116 1808 1170 e0‚
1859 1096 1968 1161 cui
2011 1121 2048 1162 a
2098 1098 2340 1183 populo
2398 1098 2748 1163 mandatum

456 1213 585 1279 est,
642 1202 879 1267 dantur
935 1206 1125 1286 (nam
1168 1202 1423 1288 proprie
1471 1202 1611 1267 dari
1668 1202 2052 1287 dicuntur),
2114 1206 2296 1293 leges
2349 1207 2752 1292 appellantur,

459 1321 799 1395 propterea
838 1310 1013 1395 quod
1055 1333 1136 1375 ex
1164 1310 1539 1375 auctoritate
1569 1310 1796 1395 populi
1828 1312 2223 1377 sanciuntur.
2266 1314 2372 1379 De
2399 1336 2528 1399 quo
2553 1314 2752 1399 legum
2868 1298 2870 1301 ’

456 1442 691 1505 genere
737 1441 946 1504 nuper
965 1417 1214 1483 Theod.
1241 1418 1734 1494 Mommsenius‚
1784 1441 1934 1483 cum
1973 1420 2054 1485 de
2100 1421 2338 1487 tabulis
2381 1422 2598 1487 aeneis
2627 1418 2753 1484 Sal-

454 1549 741 1611 pensana
778 1537 843 1591 et
877 1527 1270 1592 Malacitana
1312 1527 1556 1591 diceret
1609 1526 1718 1611 (in
1763 1530 2406 1596 commentationibus
2453 1527 2756 1594 societatis
2872 1580 2873 1583 ,

453 1635 644 1698 litter.
702 1634 919 1720 regiae
962 1632 1319 1700 Saxonicae
1376 1635 1528 1699 anni
1569 1635 1728 1699 1855
1772 1634 1919 1699 Vol.
1956 1636 2062 1701 III
2103 1660 2164 1722 p.
2209 1636 2397 1719 390),
2457 1637 2756 1721 quaedam

454 1741 839 1827 disputavit:
880 1743 991 1827 qui
1016 1765 1242 1807 vereor
1268 1752 1500 1817 tamen,
1534 1765 1614 1807 ne
1643 1754 1704 1805 et
1733 1743 1990 1807 omnino
2017 1745 2424 1828 angust-iores
2449 1744 2757 1827 aliquanto

450 1849 613 1915 fines
644 1851 1049 1915 constituerit
1086 1873 1275 1934 quam
1315 1850 1582 1915 fuerunt
1621 1860 1684 1913 et
1713 1850 1780 1913 id
1809 1852 2328 1935 praetermiserit,
2370 1852 2437 1915 in
2483 1874 2611 1936 quo
2651 1853 2756 1915 im-

455 1969 821 2042 peratorum
868 1958 1131 2043 quidem
1168 1970 1453 2044 tempore
1498 1957 1709 2042 posita
1751 1968 1934 2021 erant
1973 1960 2202 2024 omnia.
2253 1959 2314 2024 N
2319 1960 2558 2045 eglexit
2597 1958 2759 2023 enim

455 2065 802 2131 discrimen
848 2067 1325 2151 provinciarum
1372 2064 1836 2130 senatoriarum
1864 2077 1924 2130 et
1965 2088 2206 2143 earum,
2243 2089 2404 2151 quas
2429 2068 2761 2152 imperator
2872 2150 2873 2156 ἵ

454 2184 779 2257 tamquam
822 2174 945 2239 sibi
989 2174 1281 2260 proprias
1324 2173 1612 2258 regebat.
1697 2173 1776 2238 In
1817 2173 1918 2237 his
1964 2174 2238 2239 dubium
2277 2198 2406 2239 non
2451 2186 2571 2252 est,
2618 2174 2760 2258 quin
2871 2228 2873 2247 ‚

452 2280 826 2367 imperator,
850 2364 855 2367 Ι
882 2283 1041 2366 quid
1088 2282 1210 2347 sibi
1253 2283 1358 2347 vel
1398 2282 1480 2347 de
1525 2282 1866 2345 universae
1907 2283 2280 2367 provinciae
2321 2282 2758 2348 constitutione

453 2391 559 2456 vel
602 2391 685 2455 de
726 2391 1061 2456 civitatum
1105 2388 1437 2477 republica
1479 2389 1788 2473 placeret,
1841 2388 1982 2473 ipse
2039 2412 2234 2474 opera
2282 2390 2643 2475 legatorum
2685 2389 2760 2451 ita
2871 2447 2874 2483 ,R

454 2498 777 2575 sanxerit,
829 2509 900 2561 ut
940 2521 1061 2563 nec
1104 2498 1329 2584 populi
1373 2520 1582 2581 neque
1643 2508 1901 2562 senatus
1945 2497 2322 2563 auctoritate
2361 2518 2530 2581 opus
2573 2506 2758 2561 esset:
2871 2584 2873 2589 Ι

452 2606 521 2669 in
564 2606 693 2671 illis
747 2618 933 2671 vetus
997 2605 1432 2680 consuetudO,
1492 2613 1564 2667 ut
1615 2614 1874 2669 senatus
1925 2604 2295 2669 consultum
2351 2604 2762 2669 intercederet
2871 2672 2873 2699 ξ

451 2735 577 2777 11011
622 2713 835 2777 minus
879 2712 1401 2787 conservabatur,
1442 2735 1636 2794 quam
1682 2711 1834 2775 olim
1877 2712 1946 2775 in
1984 2711 2188 2777 libera
2222 2711 2582 2796 republica,
2628 2733 2762 2777 cum

454 2821 635 2905 leges
670 2820 967 2906 Rupilias
1006 2843 1085 2884 ex
1133 2818 1482 2885 Sconsulto
1526 2818 1710 2883 datas
1757 2841 1900 2883 esse
1945 2818 2169 2883 scribit
2216 2816 2449 2883 Cicero
2495 2819 2566 2883 in
2591 2819 2760 2883 Verr.

455 2928 542 3005 II,
592 2928 688 3005 16,
734 2930 813 2993 40
860 2940 922 2993 et
962 2930 1051 3005 II,
1098 2928 1199 3005 37,
1242 2927 1346 2994 90.
1415 2925 1552 2991 Sed
1594 2926 1891 3011 pluribus
1934 2926 2102 2991 hanc
2147 2928 2593 3011 quaestionem
2631 2947 2758 3011 per-

456 3036 637 3119 sequi
678 3035 840 3099 nihil
879 3036 1136 3111 attinet3
1208 3045 1476 3121 apparet
1517 3035 1720 3110 enim,
1781 3034 2042 3120 opinor,
2102 3034 2316 3117 legem
2357 3034 2535 3099 illam
2578 3035 2760 3099 Pom-

452 3144 695 3230 peiam,
756 3166 919 3227 quae
966 3168 1005 3208 a
1045 3142 1259 3207 Plinio
1298 3151 1862 3219 commemoratur,
1918 3166 2048 3206 non
2087 3142 2293 3208 Iuliae
2342 3143 2448 3207 vel
2482 3141 2766 3206 Plautiae

453 3252 755 3337 Papiriae
797 3251 1005 3316 fuisse
1028 3272 1270 3336 parem,
1319 3250 1435 3315 sed
1477 3272 1558 3313 ex
1587 3271 1662 3314 eo
1705 3272 1962 3335 genere,
2007 3250 2184 3334 quod
2227 3274 2266 3315 a
2296 3250 2767 3336 provinciarum
2871 3268 2873 3273 ⁴

455 3360 863 3445 praesidibus
908 3359 1049 3426 dari
1096 3359 1348 3423 soleret.
1408 3358 1651 3455 Quare,
1703 3368 1772 3422 ut
1815 3358 2074 3423 tandem
2112 3357 2193 3423 ab
2236 3358 2360 3423 hac
2399 3358 2554 3423 sat-is
2582 3358 2770 3441 longa

456 3466 859 3552 digressione
907 3468 989 3533 ad
1033 3467 1220 3544 hanc,
1263 3490 1427 3552 quae
1471 3467 1800 3552 proposita
1842 3478 1960 3542 est,
2017 3465 2517 3552 disputationem
2559 3487 2769 3531 rever·
2871 3452 2873 3481 ³

454 3586 686 3653 tamur,
714 3572 835 3649 Cn.
865 3576 1261 3664 Pompeium,
1307 3576 1415 3642 cui
1438 3575 1690 3639 Italiam
1716 3574 2116 3662 provinciam
2155 3574 2450 3640 evenisse
2476 3575 2768 3647 diximus,
2872 3614 2873 3655 4

456 3677 735 3749 eundem
787 3684 855 3748 in
901 3684 1117 3751 Gallia
1168 3697 1228 3751 et
1273 3682 1646 3769 Cispadana
1706 3695 1769 3749 et
1811 3682 2276 3768 Transpadana
2318 3704 2468 3747 cum
2509 3679 2770 3768 imperio

457 3803 787 3857 versatum
831 3814 975 3857 esse
1018 3792 1625 3859 demonstravimus.
2872 3878 2873 3881 Ἴ

624 3900 733 3965 De
770 3900 1147 3966 consulibus
1192 3902 1341 3967 anni
1380 3902 1461 3969 88
1507 3925 1564 3967 a.
1591 3898 1746 3967 Chr.
1767 3900 1912 3990 ,iam
1955 3922 2154 3985 supra
2197 3897 2514 3983 quaedam
2551 3896 2769 3982 dispu-
2872 3884 2873 3889 ἵ

456 4006 737 4073 tavimus
757 4053 776 4084 ,
838 4030 919 4073 ex
986 4009 1225 4093 quibus
1279 4010 1359 4073 L.
1424 4010 1612 4075 Sulla
1667 4020 2010 4095 postquam
2067 4006 2462 4073 discordiam
2525 4006 2769 4071 civilem

456 4127 785 4200 utcunque
846 4118 1207 4204 composuit
1227 4165 1244 4195 ,
1308 4118 1393 4182 ad
1456 4117 1700 4183 bellum
1761 4115 2306 4191 Mithridaticum,
2374 4114 2552 4198 quod
2610 4122 2769 4179 sorte

458 4236 826 4311 acceperat,
896 4226 938 4290 i.
1000 4249 1056 4291 e.
1116 4226 1185 4290 in
1242 4226 1696 4291 Macedoniam
1755 4234 1818 4291 et
1865 4224 2096 4291 Asiam
2161 4221 2529 4309 provincias
2589 4215 2769 4307 (nam

459 4343 797 4417 utramque
840 4333 1253 4399 Mithridates
1286 4332 1695 4427 occuparat),
1733 4334 2082 4419 profectus,
2120 4329 2204 4412 Q.
2234 4330 2586 4417 Pompeius
2631 4350 2770 4395 cum
