2917 5017
489 310 608 376 130
1127 314 1208 364 De
1247 313 1425 364 Gallia
1458 313 1811 364 Romanorum
1850 310 2129 376 provincia.

485 477 776 542 Drusum
837 477 1044 542 filium
1105 477 1414 562 cupidum
1474 474 1717 561 gloriae
1779 473 2157 559 imperiique
2218 495 2361 538 esse
2420 469 2757 536 ostendebat
2854 509 2856 512 <

483 585 670 671 (Tac.
714 587 886 651 Anu.
925 588 1022 664 ΙΙ,
1068 586 1199 670 26).
1300 584 1442 649 Iam
1508 582 1787 667 quietem
1845 605 1961 667 per
2010 581 2336 668 proximos
2386 581 2757 664 insequentes

482 717 683 760 annos
725 695 796 758 in
831 693 1180 760 Germania
1227 693 1468 767 fuisse,
1529 691 1827 755 Drusum
1869 700 2085 756 autem
2127 689 2233 753 vel
2272 689 2341 752 in
2377 689 2537 754 urbe
2580 690 2673 752 vel
2706 691 2793 794 in⁸

479 803 742 888 Illyrico
786 814 1114 869 versatum
1160 825 1302 867 esse
1345 800 1531 887 (Tac.
1572 795 1747 864 Ann.
1786 799 1887 874 Π,
1938 797 2047 882 44)
2100 799 2363 864 scimus.
2452 797 2759 862 Probabile

479 910 682 996 igitur
731 923 863 988 est,
925 911 1259 978 reductam
1315 932 1458 975 esse
1506 916 1786 972 veterem
1832 904 2191 972 Galliarum
2236 908 2643 980 divisionem,
2687 916 2763 981 ut,

479 1040 641 1101 quae
682 1041 830 1103 pars
873 1019 1274 1104 imperatoris
1317 1027 1521 1095 esset,
1576 1014 1785 1080 tribus
1835 1014 2099 1100 legatis,
2160 1016 2468 1102 Belgioo,
2516 1015 2763 1100 Lugdu·
2854 1085 2856 1090 .

478 1126 684 1200 nensi‚
728 1125 1120 1210 Aquitanico
1158 1139 1432 1212 pareret.
1520 1125 1614 1190 At
1648 1125 1811 1188 (luas
1858 1146 1938 1188 ex
1977 1123 2079 1187 his
2118 1125 2469 1210 provinciis
2512 1124 2616 1188 vix
2649 1123 2765 1186 Au·

480 1245 712 1318 gustus
729 1281 746 1310 ,
811 1235 1018 1320 gloria
1070 1258 1286 1300 rerum
1343 1245 1673 1320 gestarum
1727 1244 1919 1316 atque
1978 1253 2190 1296 amore
2242 1232 2467 1318 populi
2520 1232 2765 1296 Romani
2854 1233 2856 1282 ἕ

481 1342 634 1406 satis
692 1352 908 1419 tutus,
965 1343 1190 1408 alienis
1243 1339 1613 1406 hominibus
1666 1340 2073 1405 commiserat
2114 1363 2191 1404 ac
2236 1341 2370 1404 fere
2419 1341 2767 1404 coniunctos

479 1472 698 1514 secum
755 1451 970 1535 aliqua
1021 1449 1501 1515 necessitudine
1554 1450 1865 1535 elegerat,
1922 1470 2087 1532 quos
2131 1449 2323 1512 tantis
2369 1449 2575 1534 copiis
2614 1469 2767 1532 prae·
2854 1465 2856 1518 i

477 1557 716 1632 ficeret,
754 1559 994 1622 nedum
1018 1558 1355 1623 Tiberium
1391 1558 1854 1633 existimemus,
1892 1557 2006 1640 qui
2046 1567 2111 1620 et
2147 1567 2375 1620 natura
2410 1555 2775 1641 suspicacior
2855 1555 2856 1568 ¹

477 1674 650 1730 esset
699 1688 824 1730 nee
875 1667 1012 1731 sine
1072 1687 1266 1732 causa
1315 1688 1421 1730 res
1478 1688 1679 1730 novas
1724 1665 2011 1742 timeret,
2068 1675 2307 1728 temere
2347 1665 2603 1750 legatos
2646 1687 2773 1728 suos
2855 1731 2856 1734 Ἴ

475 1774 720 1858 ingenti
769 1775 1054 1860 potentia
1089 1795 1372 1838 ornasse.
1472 1773 1691 1857 Atque
1736 1785 1965 1838 auctus
2008 1782 2145 1837 erat
2184 1784 2469 1836 extremo
2516 1771 2775 1857 Augusti
2854 1761 2856 1796 ³

476 1893 760 1968 tempore
787 1905 1098 1946 numerus
1130 1882 1482 1966 legionum,
1522 1890 1596 1946 ut
1626 1891 1932 1964 quattuor
1959 1881 2043 1946 ad
2070 1881 2459 1956 inferiorem,
2502 1891 2776 1964 quattuor

476 1989 560 2052 ad
584 1990 979 2076 superiorem
993 1989 1296 2054 Rhenum
1319 2000 1557 2066 essent,
1580 2011 1739 2072 quas
1764 1989 1905 2074 ipse
1920 1990 2265 2076 Augustus
2292 1989 2535 2054 nemini
2554 1999 2778 2074 praeter

477 2095 810 2162 Tiberium
863 2107 928 2161 et
983 2096 1442 2163 Germanicum
1494 2098 1845 2161 mandarat.
1931 2098 2121 2179 Quae
2170 2120 2317 2162 cum
2370 2097 2463 2160 ita
2516 2097 2677 2172 sint,
2734 2095 2777 2159 si

475 2227 668 2289 quam
722 2217 870 2291 post
909 2207 1286 2291 Augustum
1339 2204 1815 2289 provinciarum
1859 2205 2267 2289 partitionem
2312 2204 2775 2270 commemorari
2854 2283 2856 2290 Ι

475 2314 832 2390 videamus,
877 2337 1005 2398 qua
1043 2315 1404 2400 legatorum
1444 2313 1731 2398 potentia
1774 2313 2103 2378 minuatur
2145 2313 2475 2397 maiorque
2522 2313 2769 2397 impera-

473 2422 596 2486 tori
659 2423 970 2488 securitas
1031 2433 1330 2508 paretur,
1396 2443 1539 2486 eam
1592 2421 1715 2485 hoc
1768 2422 2045 2485 maxime
2100 2431 2382 2506 tempore
2434 2420 2773 2486 institutam

475 2551 618 2594 esse
669 2530 804 2594 veri
861 2531 982 2593 erit
1027 2529 1252 2594 simile.
1345 2531 1488 2594 Iam
1533 2531 1835 2614 frequens
1880 2539 2101 2615 postea
2137 2539 2235 2594 est
2276 2527 2775 2602 Germaniarum,

473 2659 634 2722 quas
701 2637 828 2702 sub
887 2637 1196 2722 Augusto
1260 2637 1471 2705 nuflas
1534 2637 1739 2703 fuisse
1802 2638 2145 2704 docuimus
2164 2685 2181 2714 ,
2252 2637 2776 2711 commemoratum

472 2767 746 2828 quarum
795 2744 1180 2830 principium
1237 2744 1320 2808 ad
1365 2744 1701 2809 Tiberium
1740 2745 2143 2831 potissimum
2186 2747 2340 2832 imp.
2380 2746 2779 2811 referendum

471 2875 614 2918 esse
675 2851 1130 2938 intelligemus.
1230 2853 1458 2938 anue
1518 2875 1623 2918 res
1694 2854 2067 2919 cert-issimis
2122 2854 2507 2918 testimoniis
2564 2854 2776 2918 confir·
2855 2839 2856 2842 ¹

472 2972 700 3024 matur.
791 2960 1052 3026 Etenim
1112 2961 1338 3046 quinto
1397 2983 1567 3024 anno
1620 2971 1965 3045 postquam
2022 2961 2305 3028 decessit
2360 2961 2775 3028 Germanicus

471 3089 552 3132 ex
593 3066 859 3144 Galliis,
919 3068 961 3132 i.
1003 3091 1058 3134 e.
1117 3091 1284 3134 anno
1327 3068 1398 3134 21
1448 3091 1513 3152 p.
1560 3065 1750 3145 Chr„
1807 3080 2022 3134 motus
2068 3071 2331 3154 quidam
2382 3092 2501 3156 per
2546 3071 2774 3136 Gallias

469 3176 815 3240 extiterunt
871 3177 1170 3242 concitati
1225 3177 1308 3242 ab
1363 3177 1533 3240 Iulio
1578 3177 1771 3241 Floro
1811 3177 2081 3242 Treviro
2127 3190 2191 3242 et
2227 3177 2397 3242 Iulio
2444 3178 2777 3246 Sacroviro

389 3301 408 3310 ‘
469 3279 726 3360 Aeduo,
771 3307 934 3368 quos
973 3309 1240 3350 narrans
1282 3284 1547 3350 Tacitus
1598 3286 1836 3350 Annal.
1869 3286 1996 3363 111,
2046 3286 2112 3350 41
2168 3286 2517 3352 Visellium
2553 3287 2771 3353 Varro·
2854 3361 2856 3370 γ

466 3413 613 3454 110111
639 3390 1024 3458 Germaniae
1059 3394 1380 3460 inferioris
1417 3395 1705 3482 legatum
1740 3394 2048 3458 nominat.
2111 3393 2311 3458 Unde
2338 3395 2549 3479 igitur
2583 3395 2767 3461 subito
2855 3373 2856 3402 ³

471 3496 820 3564 Germania
871 3501 1133 3566 inferior
1189 3503 1458 3588 eiusque
1512 3503 1768 3588 legatus
1824 3503 2067 3584 extitit,
2125 3501 2251 3566 nisi
2292 3501 2605 3570 Tiberius
2645 3513 2757 3588 post

467 3607 746 3674 reditum
813 3608 1184 3676 Germanici
1251 3610 1619 3698 provincias
1686 3612 1827 3677 illas
1898 3609 2281 3676 Germanias
2354 3610 2757 3679 instituisset?

469 3711 875 3800 Quamquam
935 3719 1028 3782 sic
1089 3741 1204 3784 sex
1249 3741 1565 3784 annorum
1610 3719 1889 3804 spatium
1930 3718 2346 3802 relinquitur,
2407 3743 2541 3804 quo
2584 3741 2767 3785 novae

465 3821 832 3906 provinciae
873 3825 1202 3910 potuerint
1241 3826 1521 3891 institui:
1586 3827 1737 3892 licet
1791 3837 2008 3892 autem
2056 3828 2273 3912 ipsum
2316 3851 2561 3894 annum
2603 3831 2767 3894 inve-

463 3929 620 3993 nire.
699 3931 958 3996 Etenim
1003 3954 1150 3998 cum
1189 3933 1428 3999 Florus
1469 3935 1579 3999 ille
1596 3982 1613 4011 ,
1664 3957 1859 4019 quem
1898 3934 2071 4011 dixi,
2114 3937 2453 4020 populares
2500 3959 2655 4002 suos
2696 3935 2768 4000 ad
2854 3949 2856 4020 ξ

461 4059 638 4104 arma
674 4038 984 4124 capienda
1031 4042 1442 4120 concitasset,
1497 4043 1743 4124 petebat
1783 4047 2002 4120 saltus,
2045 4045 2263 4124 quibus
2304 4067 2529 4108 nomen
2576 4049 2770 4109 Ardu-
2854 4025 2856 4100 Ῑ

459 4167 624 4208 euna
637 4191 654 4220 ‚
699 4167 839 4208 cum
879 4152 1144 4230 legiones
1187 4159 1448 4230 utroque
1490 4151 1566 4212 ab
1608 4155 1915 4226 exerc-itu,
1960 4174 2114 4232 quas
2166 4153 2443 4216 Vibellius
2482 4165 2545 4216 et
2586 4157 2650 4219 C.
2684 4157 2769 4216 Se·-
2854 4215 2856 4238 i

458 4254 581 4314 lius
622 4256 893 4316 adversa&
935 4258 1261 4320 itineribus
1302 4259 1677 4338 obiecerant,
1744 4270 2093 4322 arcuerunt
2150 4260 2335 4346 (Tac.
2378 4261 2615 4328 Annal.
2654 4259 2765 4335 IH,

458 4358 590 4442 42).
677 4361 810 4426 Hic
873 4361 951 4428 C.
997 4361 1200 4429 Silius
1250 4375 1351 4430 est
1397 4366 1539 4451 ipse
1599 4368 1705 4432 ille
1754 4368 2009 4454 legatus
2058 4365 2461 4447 Germanici,
2522 4369 2609 4434 de
2647 4390 2763 4453 quo
