2917 5017
609 349 690 398 De
721 347 892 399 Gallia
927 348 1282 398 Romanorum
1320 349 1585 412 provincia
1622 351 1895 414 appendix.
2294 351 2407 418 177

278 503 402 570 Sed
435 507 500 572 in
539 531 616 573 eo
659 509 886 594 capite,
933 509 1108 591 quod
1155 509 1479 595 peculiare
1522 509 1801 574 instituit
1842 512 1925 578 ad
1966 513 2411 582 demonstran-

135 613 284 688 dum,
323 615 428 698 qui
465 638 673 680 annus
719 613 982 682 Caesari
1024 617 1109 682 ad
1154 618 1525 682 consulatus
1568 619 1937 704 petitionem
1974 624 2411 711 praescriptus

133 720 216 797 sit,
265 721 664 788 Hofmannus
717 748 782 809 p.
841 724 920 790 30
975 725 1251 810 primum
1309 727 1497 790 affert
1556 724 1759 794 Caelii
1814 728 2147 814 epistolam
2194 755 2411 798 mense

130 828 362 895 Octobri
413 855 560 896 ann.
613 833 684 898 51
749 834 1050 918 scriptam
1109 835 1280 920 apud
1325 832 1467 899 Cic.
1524 837 1707 922 epist.
1742 836 1911 903 VIII
1922 883 1941 913 ,
1982 839 2042 914 8,
2085 839 2159 904 9:
2200 845 2413 922 ltaque

124 943 228 1000 iam
244 986 263 1016 ,
311 949 381 1002 ut
423 944 598 1004 video
613 991 633 1018 ‚
689 946 954 1006 alteram
1005 953 1216 1006 utram
1272 946 1360 1006 ad
1412 947 1827 1008 condicionem
1872 949 2223 1010 descendere
2276 953 2415 1014 vult

124 1049 334 1123 Caesar,
373 1060 448 1112 ut
479 1060 596 1113 aut
637 1059 888 1114 maneat
929 1074 1122 1132 neque
1159 1054 1272 1114 hoc
1321 1073 1493 1114 anno
1530 1043 1644 1114 sisa
1686 1056 1853 1115 ratio
1899 1055 2229 1134 habeatur,
2274 1069 2409 1134 aut,

120 1158 166 1213 si
199 1157 512 1236 designari
550 1163 805 1240 poterit,
851 1161 1116 1224 decedat.
1203 1159 1557 1243 Perspicue
1597 1159 1699 1224 his
1751 1160 1969 1228 verbis
2010 1164 2263 1228 ostendi
2300 1165 2409 1241 ait,

122 1262 372 1328 voluisse
417 1262 763 1338 Caesarem
801 1277 1020 1352 petere
1058 1288 1224 1332 anno
1275 1267 1374 1334 50.
1463 1264 1633 1332 Aliis
1682 1267 1765 1333 sit
1800 1271 2245 1356 perspicuum,
2290 1295 2409 1338 nos

118 1371 380 1452 quidem,
439 1374 496 1438 si
541 1375 858 1440 Latinitas
899 1385 1252 1460 spectetur,
1303 1379 1471 1438 hunc
1528 1399 1768 1440 annnam
1808 1378 2227 1466 intelligimus
2266 1401 2409 1446 esse

118 1490 208 1541 aut
253 1503 392 1544 eum
414 1526 432 1557 ,
499 1505 632 1568 quo
669 1484 908 1568 scripta
963 1483 1048 1546 sit
1090 1483 1394 1568 epistola,
1458 1493 1571 1550 aut
1628 1507 1779 1550 eum
1831 1486 1914 1551 de
1972 1509 2103 1571 quo
2158 1499 2409 1574 agatur.

119 1587 276 1652 Illum
319 1613 463 1656 esse
509 1614 640 1656 non
669 1613 860 1676 posse
887 1592 1074 1657 facile
1105 1593 1414 1658 concedet
1454 1593 1594 1678 ipse
1625 1593 2067 1671 Hofmannus;
2114 1597 2213 1662 sin
2242 1597 2407 1662 alius

124 1694 550 1784 intelligendus
595 1701 696 1777 sit,
741 1723 858 1764 cur
883 1699 964 1766 50
998 1725 1055 1764 a.
1086 1697 1239 1765 Chr.
1281 1701 1691 1784 potissimum
1718 1703 1992 1780 dicatur,
2032 1726 2161 1768 non
2195 1705 2405 1771 video,

132 1802 228 1870 Sed
277 1810 468 1874 etiam
532 1809 795 1874 licuisse
847 1805 1112 1874 Caesari
1165 1831 1332 1874 anno
1387 1809 1469 1872 50
1508 1821 1727 1894 petere
1788 1813 2191 1877 consulatum
2237 1812 2407 1878 Hof-

124 1937 353 1982 mannus
395 1919 837 1983 demonstrare
877 1919 1018 1984 vult
1057 1939 1137 1981 ex
1175 1917 1302 1982 alia
1344 1913 1551 1981 Caelii
1590 1918 1861 2002 epistola
1904 1920 2079 2004 apud
2126 1917 2265 1986 Cic.
2306 1943 2405 2005 ep.

117 2020 268 2100 VIII,
299 2027 390 2090 13.
424 2024 987 2092 Commemoratur
1016 2025 1187 2090 enim
1225 2023 1316 2088 ibi
1353 2025 1579 2090 relatio
1602 2027 1940 2092 consulum
1974 2049 2193 2092 mense
2217 2028 2406 2092 Iunio

115 2133 235 2196 anni
283 2133 360 2199 50
410 2135 586 2200 facta
636 2134 718 2198 de
782 2132 1130 2217 provinciis
1179 2131 1479 2198 Caesaris
1539 2145 1603 2200 et
1658 2135 1965 2221 petitione
2012 2136 2405 2212 consulatus,

111 2239 174 2302 de
221 2263 338 2324 qua
385 2241 699 2308 relatione
761 2252 1022 2308 senatus
1086 2240 1360 2306 tribunis
1417 2243 1965 2308 intercedentibus
2026 2255 2407 2309 assenserat.

111 2345 204 2409 Ille
246 2348 526 2416 breviter
561 2350 913 2414 admodum
953 2371 1262 2435 apparere
1305 2350 1420 2426 ait,
1490 2350 1571 2414 de
1612 2350 1885 2415 comitiis
1936 2353 2087 2416 anni
2150 2345 2233 2416 50
2274 2353 2405 2437 agi,

108 2475 204 2518 nos
249 2467 306 2519 et
334 2457 498 2524 haec
539 2459 796 2524 comitia
826 2470 956 2524 tam
991 2458 1354 2545 propinqua
1388 2459 1593 2524 fuisse
1636 2481 1993 2536 censemus,
2032 2470 2105 2523 ut
2142 2459 2255 2544 qui
2290 2459 2407 2523 ad-

110 2562 366 2630 mittendi
412 2577 652 2643 essent,
696 2577 990 2632 constare
1035 2567 1302 2632 deberet
1330 2589 1450 2632 nec
1496 2566 1578 2631 de
1604 2568 1879 2632 comitiis
1906 2569 2135 2644 solum,
2178 2589 2407 2632 verum

111 2671 268 2736 etiam
315 2674 396 2738 de
446 2675 804 2760 provinciis
845 2684 1060 2740 actum
1106 2699 1250 2741 esse
1297 2675 1615 2754 videmus,
1658 2698 1933 2759 quarum
1984 2677 2125 2742 dies
2166 2676 2223 2742 si
2264 2676 2405 2760 ipso

109 2777 194 2842 illo
229 2805 388 2846 anno
434 2783 518 2847 50
559 2782 774 2847 exibat
795 2830 812 2859 ,
855 2783 1212 2848 rectissime
1255 2805 1410 2846 num
1454 2784 1835 2848 adimendae
1878 2792 2125 2859 essent,
2186 2805 2407 2848 mense

111 2884 264 2952 Iunio
304 2889 780 2956 consulebatur.
855 2889 1080 2974 Neque
1125 2890 1475 2976 quicquam
1512 2890 1710 2967 aliud,
1754 2890 1929 2974 quod
1970 2911 2099 2953 non
2134 2889 2261 2953 iam
2303 2911 2407 2953 re-

108 2993 347 3064 futatum
399 3000 505 3076 sit,
548 2999 846 3076 affertur,
911 2999 1026 3062 sed
1069 2998 1432 3064 discedenti
1470 2999 1843 3064 Hofmanno
1884 2999 1968 3063 ab
2024 2997 2405 3082 scriptorum

108 3090 363 3172 veterum
403 3107 784 3173 auctoritate
831 3127 1186 3190 eorumque
1240 3106 1607 3171 testimonia
1645 3105 1971 3192 spernenti
2016 3104 2253 3170 accidit
2293 3129 2407 3170 ne-

107 3217 384 3294 cessario,
429 3227 505 3280 ut
545 3214 748 3280 multa
792 3213 1168 3279 viderentur
1211 3213 1487 3279 obstare.
1553 3215 1779 3300 Itaque
1821 3214 2059 3301 longus
2110 3237 2255 3280 esse
2298 3236 2405 3279 co·-

108 3320 256 3402 gitur
305 3325 372 3389 in
415 3326 498 3390 iis
541 3322 952 3388 removendis
971 3371 986 3396 ‚
1031 3333 1224 3406 atque
1277 3323 1799 3408 interpretatione
1838 3323 1934 3387 uti
1977 3343 2205 3410 parum
2254 3323 2405 3388 sim-

107 3427 231 3507 plici
267 3455 342 3497 ac
382 3432 570 3518 quasi
613 3431 910 3496 naturali.
997 3430 1162 3494 Nam
1206 3430 1355 3495 bell.
1395 3433 1520 3497 civ.
1562 3432 1598 3496 I
1615 3479 1635 3508 ,
1674 3431 1714 3496 9
1760 3428 2005 3496 Caesar
2045 3433 2305 3494 doluisse
2346 3455 2407 3492 se

107 3535 192 3612 ait,
235 3544 396 3620 quod
425 3544 652 3622 populi
673 3543 952 3604 Romani
993 3539 1352 3621 beneficium
1395 3539 1515 3602 sibi
1538 3561 1654 3620 per
1686 3542 2123 3602 contumeliam
2166 3539 2241 3600 ab
2280 3542 2407 3602 ini-

107 3651 253 3708 micis
299 3659 772 3730 extorqueretur
811 3657 1131 3729 ereptoque
1171 3651 1495 3710 semenstri
1546 3649 1801 3727 imperio
1842 3649 1911 3707 in
1957 3644 2166 3705 urbem
2210 3654 2409 3707 retra-

105 3754 345 3833 heretur,
385 3762 564 3821 cuius
607 3757 870 3818 absentis
911 3759 1218 3818 rationem
1257 3757 1475 3818 haberi
1498 3756 1808 3835 proximis
1838 3755 2102 3816 comitiis
2136 3754 2409 3832 populus

108 3862 358 3929 iussisset.
461 3868 698 3928 Tamen
749 3866 914 3926 hanc
967 3868 1281 3926 iacturam
1341 3865 1590 3925 honoris
1639 3865 1739 3924 sui
1791 3861 2165 3942 reipublicae
2217 3881 2407 3922 causa

109 3989 272 4049 aequo
311 3977 526 4036 animo
570 3975 796 4037 tulisse.
865 3973 1016 4035 Cum
1057 3975 1300 4034 litteras
1343 3975 1430 4034 ad
1470 3981 1753 4033 senatum
1794 3971 2049 4042 miserit,
2088 3976 2163 4029 ut
2202 3989 2409 4030 omnes

113 4077 172 4137 ab
197 4079 551 4144 exercitibus
582 4080 972 4156 discederent,
1014 4101 1094 4142 ne
1113 4082 1184 4142 id
1211 4082 1452 4161 quidem
1478 4082 1923 4158 impetravisse:
1961 4076 2029 4139 in
2050 4075 2153 4140 his
2176 4075 2231 4140 si
2254 4097 2408 4162 pro-2

115 4183 264 4252 xima
285 4188 542 4254 comitia
565 4187 715 4252 anni
739 4186 818 4252 49
840 4185 1300 4272 intelligantur,
1339 4186 1751 4251 Hofmannus
1784 4207 1849 4270 p.
1886 4184 1965 4249 34
1988 4192 2183 4268 negat
2206 4203 2411 4266 aequo

116 4293 296 4361 animo
339 4297 572 4363 tulisse
615 4296 937 4372 iniuriam,
985 4293 1102 4360 sed
1141 4294 1545 4360 Rubiconem
1598 4292 1925 4360 transisse.
2008 4289 2219 4371 Quasi
2256 4309 2411 4354 vero

114 4397 201 4466 ille
253 4429 317 4471 se
365 4431 486 4472 sua
529 4431 754 4484 causa,
807 4426 937 4471 non
973 4403 1056 4466 ad
1098 4400 1582 4469 defendendum
1620 4404 1723 4466 ius
1780 4396 2193 4464 tribunicium
2233 4421 2411 4464 arma

1930 4505 2007 4570 12
