2917 5017
429 335 512 403 20
1087 333 1172 384 De
1211 331 1384 382 Gallia
1418 331 1773 381 Romanorum
1809 325 2088 393 provincia.

436 513 670 588 quatur
690 549 706 578 ,
772 498 942 563 infra
996 518 1076 560 ex
1133 493 1509 560 certissimis
1554 490 1753 556 rebus
1808 488 1987 553 aliud
2028 496 2283 570 tempus
2332 491 2523 565 atque
2564 479 2759 545 aliam

437 609 840 676 occasionem
884 603 1287 670 statuendam
1327 622 1471 666 esse
1515 599 1972 684 intelligemus.

601 716 862 780 Etenim
923 735 1090 778 anno
1153 711 1269 775 113
1322 708 1566 774 nuntiis
1630 718 1691 773 et
1748 706 1833 771 de
1888 702 2301 770 Cimbrorum
2354 699 2645 762 adventu
2700 708 2765 760 et

434 826 517 890 de
553 824 882 888 Thracum
924 821 1322 904 aliorumque
1379 817 1767 904 populorum
1811 811 2173 878 defectione
2220 811 2283 873 in
2340 806 2565 872 urbem
2614 827 2763 890 per-

433 934 580 999 latis
620 933 950 997 decretum
995 939 1111 1004 est,
1154 938 1230 992 ut
1269 925 1458 992 ambo
1500 947 1630 990 cos.
1674 923 1740 987 in
1765 921 1954 986 Italia
1996 930 2328 984 manerent
2368 912 2767 998 (Comment.

437 1041 768 1128 epigraph.
814 1039 882 1103 II
939 1062 1002 1125 p.
1047 1037 1154 1102 171
1182 1041 1226 1114 ).
1320 1033 1485 1099 Nam
1536 1054 1763 1119 parum
1818 1040 1992 1096 recte
2040 1027 2317 1114 Pighius
2375 1024 2611 1090 Annal.
2660 1022 2769 1086 111

437 1175 502 1236 p.
550 1150 668 1216 108
711 1145 788 1213 C.
828 1147 1094 1213 Metello
1137 1142 1449 1227 Caprario
1492 1139 1965 1215 Macedoniam,
2010 1135 2133 1202 Cn.
2176 1135 2433 1221 Papirio
2478 1130 2769 1198 Carboni

437 1257 774 1342 Illyricum
813 1243 1108 1320 evenisse
1153 1251 1471 1337 opinatur,
1516 1273 1597 1315 ex
1640 1247 1879 1333 quibus
1906 1246 2241 1344 Illyricum
2278 1254 2434 1308 tunc
2472 1241 2771 1307 nondum

439 1366 643 1430 fuisse
685 1362 1084 1450 provinciam
1143 1369 1427 1436 constat,
1485 1357 1935 1423 Macedoniam
1993 1340 2305 1440 Caprario
2358 1373 2487 1415 non
2548 1350 2770 1415 datam

441 1497 584 1538 esse
640 1472 792 1537 hinc
851 1469 1318 1557 perspicimus,
1389 1466 1565 1550 quod
1628 1465 1917 1530 barbaris
1986 1463 2175 1528 victis
2244 1483 2465 1526 mense
2534 1457 2773 1524 Sextili

441 1580 869 1666 triumphasse
911 1589 1236 1654 narratur,
1279 1576 1349 1640 id
1394 1573 1571 1660 quod
1590 1620 1607 1649 ‚
1666 1573 1719 1637 si
1760 1573 1959 1636 ullam
2000 1581 2327 1636 externam
2368 1567 2773 1652 provinciam

441 1690 813 1774 accepisset,
861 1687 1000 1752 fieri
1045 1709 1176 1750 non
1220 1683 1446 1770 potuit.
1510 1681 1731 1763 Quare
1772 1691 1833 1745 et
1879 1678 1957 1746 C.
2002 1679 2309 1744 Metellus
2354 1676 2605 1743 Italiam
2652 1676 2773 1741 ob-

443 1797 632 1860 tinuit
675 1807 738 1860 et
761 1793 882 1860 Cn.
913 1792 1148 1870 Carb0‚
1198 1793 1585 1876 omninoque
1610 1812 1759 1854 cum
1790 1789 1947 1853 tanti
1983 1788 2135 1854 belli
2174 1796 2383 1852 metus
2413 1786 2773 1870 ingrueret,

441 1903 774 1989 probabile
819 1913 936 1980 est,
977 1901 1291 1968 ambobus
1335 1898 1715 1965 consulibus
1758 1898 1979 1963 sedem
2006 1896 2261 1982 imperii
2291 1880 2775 1960 defendendam

445 2035 586 2076 esse
651 2011 968 2075 traditam.
1075 2009 1516 2074 Veruntamen
1595 2007 1817 2091 dispar
1887 2005 2227 2070 consulum
2288 2005 2548 2068 fortuna
2608 2004 2773 2081 fuit3

446 2143 612 2196 nam,
659 2130 733 2184 ut
774 2141 946 2182 unus
993 2117 1250 2192 vicerat,
1295 2116 1386 2180 ita
1430 2112 1649 2179 Carbo
1690 2113 1773 2178 ad
1817 2112 1878 2176 N
1882 2113 2119 2177 oreiam
2161 2135 2201 2176 a
2245 2109 2527 2177 Cimbris
2576 2135 2774 2198 supe-

443 2239 622 2293 ratus
675 2237 806 2304 est,
877 2227 988 2311 qui
1040 2248 1186 2289 cum
1244 2225 1369 2289 iam
1431 2225 1557 2309 ipsi
1595 2223 1819 2288 Italiae
1873 2222 2310 2298 imminerent,
2376 2221 2595 2286 subito
2652 2221 2777 2286 iter

443 2344 832 2401 averterunt.
902 2333 1122 2415 Quare
1167 2334 1410 2397 factum
1454 2343 1572 2409 est,
1617 2345 1691 2396 ut
1736 2353 1903 2397 anno
1952 2329 2071 2395 112
2108 2330 2205 2395 M.
2230 2329 2465 2394 Livius
2503 2330 2776 2396 Drusus

445 2467 574 2509 cos.
623 2441 1076 2507 Macedoniam
1132 2441 1452 2526 acciperet
1512 2438 1920 2520 (Comment.
1976 2439 2309 2525 epigraph.
2352 2439 2423 2504 II
2478 2463 2540 2524 p.
2585 2441 2707 2506 172
2726 2441 2777 2523 )‚

444 2553 528 2617 L.
581 2549 975 2636 Calpurnius
1015 2549 1203 2624 Piso,
1257 2548 1509 2634 collega
1553 2549 1728 2624 eius,
1782 2547 1895 2632 qui
1943 2548 2011 2611 in
2052 2548 2241 2613 Italia
2289 2549 2554 2626 mansit,
2615 2525 2779 2614 nihil

444 2659 620 2744 quod
651 2658 958 2723 memoria
999 2658 1272 2742 dignum
1303 2679 1448 2722 esse
1487 2657 1836 2732 videretur,
1878 2667 2147 2740 gereret.
2212 2653 2518 2720 Obtinuit
2558 2669 2779 2724 tamen

447 2777 619 2831 certe
663 2776 1082 2852 prorogatum
1108 2765 1450 2850 imperium
1477 2786 1645 2828 anno
1675 2765 1813 2840 111,
1862 2785 1993 2848 quo
2014 2762 2095 2826 L.
2122 2761 2519 2850 Calpurnius
2544 2767 2783 2833 Bestia

443 2875 512 2939 in
582 2874 873 2938 Africam
939 2873 1254 2938 adversus
1310 2873 1693 2958 Iugurtham
1768 2872 2009 2936 missus
2088 2883 2213 2949 est3
2288 2872 2364 2937 P.
2426 2872 2777 2940 Cornelius

447 2980 665 3067 Scipio
691 2981 948 3058 Nasica,
970 2981 1080 3064 qui
1102 2980 1355 3044 Italiam
1375 2981 1777 3066 provinciam
1810 2979 2141 3046 obtinebat
2162 2983 2190 3065 (
2196 2980 2413 3048 Sall.J
2416 3005 2527 3068 ug.
2554 3005 2609 3048 c.
2638 2983 2774 3068 27),

445 3112 568 3153 nec
611 3089 815 3174 gessit
857 3087 1203 3173 quicquam
1251 3109 1639 3172 magnopere
1682 3100 1746 3153 et
1789 3090 1853 3153 in
1881 3090 2025 3174 ipso
2055 3089 2436 3176 magistratu
2468 3090 2778 3157 decessit.

447 3197 611 3262 Item
658 3218 824 3260 anno
876 3195 994 3259 110
1017 3195 1096 3258 L.
1117 3194 1342 3258 Pisoni
1383 3195 1452 3257 in
1477 3192 1689 3260 Gallia
1726 3196 2070 3280 imperium
2114 3196 2371 3261 videtur
2417 3201 2774 3278 mansisse3

446 3328 596 3369 nam
651 3327 730 3368 ex
789 3324 919 3367 cos.
971 3302 1112 3366 eius
1161 3303 1310 3366 anni
1351 3304 1467 3388 Sp.
1512 3302 1922 3368 Postumium
1963 3303 2277 3369 Albinum
2334 3329 2563 3392 parum
2618 3331 2776 3394 pro-—

449 3434 634 3498 spere
685 3412 752 3474 in
792 3410 1022 3475 Africa
1071 3432 1434 3496 pugnasse,
1496 3410 1605 3474 M.-
1632 3412 1999 3477 Minucium
2052 3413 2299 3478 Rufum
2342 3414 2778 3483 Macedoniae

445 3520 801 3605 praefuisse
859 3519 1119 3585 scimus.
1217 3519 1310 3582 At
1365 3542 1532 3584 anno
1593 3521 1711 3584 109
1764 3543 1912 3585 cum
1954 3521 2037 3602 Q.
2085 3521 2392 3588 Metellus
2451 3523 2773 3590 adversus

445 3627 830 3714 Iugurtham
882 3627 1121 3691 missus
1183 3637 1387 3704 esset,
1442 3627 1537 3691 M.
1585 3625 1847 3692 Silanus
1906 3629 1973 3692 in
2018 3627 2236 3694 Gallia
2286 3653 2435 3696 cum
2483 3629 2775 3699 Cimbris

445 3735 787 3799 infeliciter
851 3755 1182 3818 pugnasse
1247 3734 1524 3798 traditur
1584 3759 1623 3800 a
1682 3734 1831 3799 Liv.
1901 3736 2051 3822 epit.
2116 3739 2348 3817 LXV,
2420 3762 2617 3825 quam
2687 3743 2773 3807 ob

449 3843 697 3907 cladem
737 3863 902 3906 anno
956 3841 1074 3907 104
1121 3864 1159 3905 a
1197 3842 1292 3905 M.
1335 3841 1625 3908 Domitio
1662 3858 2003 3912 accusatus
2044 3859 2142 3913 est
2196 3851 2471 3933 (Ascon.
2517 3850 2587 3914 in
2628 3848 2772 3917 Cic.

448 3972 514 4036 p.
558 3947 814 4014 Cornel.
857 3973 918 4034 p.
959 3949 1106 4030 80).
1187 3949 1473 4014 Maxime
1528 3962 1745 4017 autem
1786 3953 1853 4017 in
1896 3954 2323 4044 Transalpina
2364 3957 2583 4024 Gallia
2624 3983 2772 4025 ver-

451 4069 628 4122 satus
690 4068 818 4134 est,
887 4057 1203 4142 siquidem
1248 4054 1388 4122 Cic.
1436 4057 1503 4124 in
1545 4059 1733 4125 Verr.
1776 4062 1880 4140 11,
1924 4064 2001 4131 47
2048 4065 2108 4130 ei
2152 4078 2415 4152 propter
2457 4067 2772 4154 Aegrito-

447 4164 640 4241 mari,
690 4164 1101 4251 Transalpini
1144 4165 1449 4244 hominis,
1514 4167 1780 4236 iniurias
1836 4173 2006 4238 diem
2052 4173 2289 4239 dictam
2346 4197 2491 4240 esse
2526 4190 2769 4256 narrat,

443 4294 574 4356 quo
621 4283 832 4338 tamen
877 4273 1019 4337 loco
1057 4296 1186 4338 non
1227 4275 1317 4340 ita
1356 4275 1578 4340 licebit
1615 4279 1744 4355 uti,
1806 4290 1880 4344 ut
1940 4282 2056 4346 soli
2112 4304 2261 4348 eum
2300 4282 2767 4392 Transalpinac

440 4380 812 4465 provinciae
828 4427 846 4458 ,
900 4403 1030 4446 non
1083 4381 1427 4448 universae
1470 4383 1719 4451 Galliae
1779 4409 1925 4454 cum
1964 4389 2151 4457 Italia
2200 4393 2580 4459 coniunctae
2642 4394 2765 4458 im-
