2917 5017
842 340 923 389 De
958 340 1132 391 Gallia
1166 342 1519 392 Romanorum
1565 343 1841 407 provincia.
2403 340 2486 407 75

162 499 580 569 existimabat
626 506 1021 591 provinciam
1066 528 1250 569 suam
1306 504 1390 569 ad
1435 505 1676 571 bellum
1717 506 2074 591 gerendum
2119 508 2486 593 copiasque,

157 608 407 691 quibus
453 612 879 701 principatum
924 614 1209 701 civitatis¹
1246 613 1730 700 adipisceretur,
1772 614 2112 700 parandas.
2179 613 2314 681 Sed
2355 638 2486 701 quo

158 726 351 801 pacto
397 720 589 786 aliam
631 723 999 809 acciperet?
1080 722 1351 787 Divisae
1413 722 1584 786 enim
1639 732 1820 787 erant
1866 723 2231 807 provinciae
2247 772 2264 801 ,
2321 747 2488 809 quae

154 826 542 894 consulares
584 842 819 909 essent,
860 854 1023 915 quae
1064 830 1437 917 praetoriae,
1476 852 1684 914 neque
1729 852 1870 894 eam
1911 830 2298 897 divisionem
2338 854 2486 919 per-

151 932 429 1001 turbare
483 949 595 1003 aut
646 938 933 1017 volebat,
990 962 1072 1004 ne
1126 938 1318 1002 nimis
1372 938 1652 1023 cupidus
1709 959 1852 1003 esse
1905 937 2232 1005 videretur
2271 937 2485 1022 (Suet.

152 1040 353 1107 Caes.
402 1045 516 1129 22)
572 1056 682 1111 aut
724 1057 989 1133 poterat.
1088 1046 1261 1110 Tum
1312 1044 1570 1110 fortuna
1624 1068 1773 1109 eum
1832 1045 2176 1130 insigniter
2217 1048 2486 1112 adiuvit.

149 1150 424 1215 Etenim
478 1154 591 1237 qui
650 1166 945 1220 auctores
1007 1154 1371 1219 accuratius
1431 1152 1690 1238 singula
1741 1164 2218 1238 persequuntur
2259 1154 2486 1241 (Suet.

153 1256 349 1324 Caes.
390 1260 434 1324 l.
484 1261 562 1338 l.;
607 1262 739 1327 Dio
783 1262 1193 1339 XXXVIII,
1234 1263 1323 1345 8),
1371 1270 1594 1345 postea
1633 1261 1896 1325 demum
1941 1284 2136 1346 quam
2178 1263 2324 1349 lege
2351 1264 2484 1330 Va-

153 1368 315 1433 tinia
364 1368 630 1435 citerior
671 1369 884 1435 Gallia
924 1370 1239 1457 permissa
1282 1380 1400 1445 est,
1443 1369 1758 1434 adiectam
1806 1393 1948 1435 esse
1993 1371 2284 1437 scribunt
2323 1371 2486 1437 Nar-

157 1476 523 1543 bonensem
584 1489 647 1544 et
700 1480 963 1565 quidem
1022 1504 1061 1544 a
1108 1488 1367 1555 senatu,
1435 1490 1626 1562 atque
1684 1478 1824 1563 ipse
1871 1476 2104 1544 Cicero
2160 1480 2244 1544 de
2296 1502 2478 1564 prov.

156 1608 337 1651 cons.
368 1610 423 1651 c.
457 1588 552 1665 15,
592 1610 785 1672 quem
824 1587 1038 1653 locum
1084 1609 1283 1671 supra
1322 1585 1679 1663 attulimus,
1719 1586 1886 1651 hanc
1923 1586 2295 1651 ulteriorem
2335 1610 2484 1674 pro-

162 1696 441 1761 vinciam
502 1710 798 1773 senatus,
866 1696 1225 1761 citeriorem
1290 1693 1515 1782 populi
1573 1694 1888 1759 beneficio
1953 1695 2011 1759 ei
2066 1695 2280 1760 datam
2344 1720 2488 1762 esse

178 1804 517 1889 significat:
582 1827 781 1888 quare
824 1804 1137 1888 reliquos,
1190 1805 1302 1888 qui
1356 1802 1718 1867 citeriorem
1764 1824 1911 1867 cum
1961 1804 2264 1869 ulteriore
2313 1830 2488 1872 com-

170 1912 641 1996 prehendentes
688 1922 1026 1997 utramque
1068 1912 1297 1977 eodem
1340 1921 1626 1997 tempore
1658 1911 1715 1975 ei
1749 1910 2114 1976 mandatam
2155 1934 2298 1978 esse
2341 1938 2488 1979 nar-

158 2030 301 2085 rant
348 2020 557 2101 (Plut.
607 2018 795 2085 Caes.
842 2042 897 2085 c.
946 2022 1054 2097 143
1119 2020 1347 2105 Pomp.
1397 2042 1451 2083 c.
1496 2020 1608 2095 483
1663 2016 1806 2083 Cat.
1851 2042 1907 2084 c.
1955 2020 2065 2097 333
2121 2022 2292 2108 App.
2341 2022 2486 2089 bell.

154 2128 277 2193 civ.
306 2128 405 2205 ΙΙ,
439 2130 571 2211 13),
616 2128 913 2193 brevitati
944 2130 1101 2193 dum
1134 2127 1416 2204 student,
1458 2128 1635 2212 quod
1674 2128 2004 2193 diversum
2045 2152 2188 2195 esse
2233 2132 2488 2209 scirent,

155 2238 585 2302 coniunxisse
628 2235 1020 2321 putabimus.
1120 2235 1255 2301 Sed
1304 2236 1638 2321 quaeritur
1693 2259 1822 2321 quo
1879 2249 2066 2322 pacto
2119 2249 2382 2304 senatus
2429 2240 2490 2304 ei

154 2346 539 2411 ulteriorem
588 2342 867 2410 Galliam
924 2345 1267 2409 decernere
1317 2344 1630 2429 potuerit,
1693 2346 1836 2431 qui,
1902 2349 2197 2431 quamvis
2255 2370 2492 2434 magna

155 2464 331 2521 esset
375 2451 505 2518 Cn.
553 2452 842 2538 Pompeii
886 2474 1003 2538 pro
1050 2449 1329 2517 Caesare
1375 2453 1723 2538 pugnantis
1775 2454 1976 2536 (Plut.
2012 2456 2242 2541 Pomp.
2285 2478 2340 2523 c.
2371 2456 2484 2532 483

155 2561 291 2629 Cic.
349 2562 440 2627 ad
489 2562 627 2626 Att.
672 2560 860 2638 VIII,
906 2562 975 2643 3)
1020 2560 1389 2637 auctoritas,
1432 2572 1605 2626 certe
1649 2585 1777 2626 non
1818 2563 2028 2640 facile,
2067 2576 2140 2627 ut
2186 2587 2305 2628 sua
2349 2563 2488 2649 ipse

156 2684 293 2738 acta
336 2680 694 2747 everteret,
746 2670 986 2735 adduci
1038 2668 1293 2755 potuit?
1365 2668 1686 2733 Nimirum
1743 2671 1934 2757 paulo
1993 2682 2334 2757 postquam
2383 2671 2490 2735 lex

162 2780 423 2845 Vatinia
471 2778 713 2865 perlata
762 2791 895 2854 est,
945 2776 1028 2859 Q.
1074 2776 1381 2841 Metellus
1428 2773 1652 2854 Celer,
1709 2778 1790 2843 de
1835 2802 1964 2864 quo
2009 2802 2203 2864 supra
2241 2778 2488 2844 dictum

182 2898 293 2963 est,
336 2885 557 2952 morbo
602 2888 935 2974 repentino
977 2888 1044 2949 in
1088 2884 1231 2971 ipso
1258 2883 1510 2949 Galliae
1553 2884 1992 2951 Narbonensis
2039 2888 2488 2972 proconsulatu

168 2996 480 3072 decessit,
526 2997 714 3061 cuius
758 2994 1155 3082 provinciam
1192 3016 1496 3069 vacuam,
1542 2994 1696 3077 quia
1738 2994 2140 3080 praetoribus
2186 2994 2486 3059 omnibus

158 3106 531 3171 consultum
575 3115 743 3181 erat,
805 3114 1065 3169 senatus
1111 3098 1375 3166 Caesari
1433 3103 1689 3181 tribuit,
1753 3102 1978 3168 nolens
2035 3104 2142 3168 ille
2205 3103 2490 3188 quidem,

154 3213 272 3279 sed
323 3212 705 3289 verebatur,
760 3235 875 3289 ne,
922 3211 976 3276 si
1014 3210 1155 3295 ipse
1202 3220 1650 3289 cunctaretur,
1707 3211 1986 3297 populus
2039 3234 2112 3277 ea
2153 3212 2490 3277 occasione

154 3321 237 3387 ad
282 3321 479 3387 illum
520 3320 881 3385 ornandum
932 3329 1239 3384 uteretur.
1326 3318 1539 3384 Simili
1597 3319 1798 3401 igitur
1841 3319 2134 3385 fortunae
2178 3318 2491 3385 beneficio

156 3428 413 3496 Caesar
464 3430 726 3494 adiutus
784 3438 881 3493 est
936 3438 1125 3513 atque
1186 3426 1335 3491 olim
1382 3426 1463 3491 L.
1509 3426 1864 3504 Lucullus,
1931 3428 2036 3493 cui
2090 3428 2276 3503 item,
2343 3450 2492 3492 cum

160 3538 351 3604 aliam
417 3537 819 3623 provinciam
880 3535 1143 3600 sortitus
1202 3544 1406 3611 esset,
1469 3535 1802 3621 repentina
1845 3534 1925 3598 L.
1971 3534 2231 3601 Octavii
2289 3546 2492 3600 mort-e

173 3646 483 3733 Bithynia
528 3655 749 3731 aperta
797 3654 895 3709 est
933 3646 959 3722 (
966 3664 1162 3728 supra
1195 3664 1258 3727 p.
1294 3642 1428 3725 52).
1523 3642 1933 3728 Quamquam
1979 3645 2256 3730 populus
2299 3644 2491 3721 etiam

191 3752 661 3820 diuturnitatem
704 3751 955 3837 imperii
996 3750 1237 3815 addere
1260 3749 1488 3833 potuit,
1532 3763 1814 3828 senatus,
1859 3752 1971 3836 qui
2009 3753 2189 3838 leges
2233 3772 2491 3817 servare

174 3860 452 3937 deberet,
496 3884 627 3925 non
652 3860 880 3947 potuit,
926 3859 1053 3923 nisi
1094 3859 1208 3935 sic,
1252 3868 1324 3921 ut
1350 3858 1692 3942 quotannis
1724 3871 2097 3945 prorogaret
2131 3859 2490 3945 imperium,

166 3970 415 4055 aliaque
456 3970 651 4054 longe
695 3968 762 4032 in
804 3988 1001 4033 causa
1043 3976 1177 4032 erat
1218 3966 1476 4031 citerior
1523 3963 1822 4034 Caesaris
1869 3968 2216 4055 provincia,
2260 3968 2327 4032 in
2367 3967 2494 4033 alia

167 4079 451 4155 ulterior,
493 4076 566 4141 id
610 4074 786 4161 quod
827 4075 967 4161 ipse
1014 4074 1296 4139 ostendit
1337 4070 1568 4139 Cicero
1607 4073 1688 4139 de
1726 4098 1906 4161 prov.
1943 4096 2118 4141 cons.
2163 4100 2217 4141 c.
2271 4076 2343 4140 15
2389 4075 2490 4152 iis,

169 4187 276 4272 qui
313 4186 689 4251 ulteriorem
736 4206 901 4249 anno
950 4183 1030 4249 56
1076 4180 1341 4248 Caesari
1398 4182 1561 4269 eripi
1603 4182 1932 4260 volebant,
1995 4184 2154 4247 nihil
2204 4204 2491 4269 prorsus,

171 4296 338 4361 unde
384 4294 543 4359 huic
602 4313 860 4379 quoque
916 4304 1161 4357 certum
1204 4290 1456 4376 imperii
1515 4300 1770 4376 tempus
1825 4292 2246 4357 constitutum
2286 4290 2492 4355 fuisse

173 4403 573 4489 colligamus,
628 4399 957 4467 obiiciens.
