2917 5017
744 425 826 476 Ds
866 428 1129 479 dictatoris
1168 426 1403 479 Caesaris
1441 429 1740 480 honoribus.
2279 426 2396 496 261

127 596 277 652 erant
310 588 577 666 comitia,
622 599 695 652 ut
736 588 803 652 in
836 610 1087 653 summo
1114 590 1495 675 magistratu
1535 590 1603 653 in
1635 600 2016 677 perpetuum
2051 595 2402 662 deferendo

124 695 271 759 nulla
304 696 435 761 eius
477 698 639 762 ratio
686 695 907 762 haberi
952 707 1192 784 posset.
1236 709 1249 721 ’
1280 696 1562 763 Senatus
1605 698 1809 784 igitur
1859 702 2120 788 propria
2163 704 2404 768 fuerint

123 825 349 869 necesse
406 814 523 883 est,
563 828 749 889 ,quae
808 816 1069 871 senatus
1126 817 1283 869 tunc
1332 805 1578 870 tribuit.
1664 802 1939 893 Accepit
1997 822 2212 876 autem
2259 810 2401 877 Au-

123 922 318 995 gustus
358 934 601 977 novum
642 913 947 979 honorem
982 913 1297 1001 deposito,
1342 924 1417 977 ut
1456 912 1764 992 diximus,
1809 918 2169 996 consulatu,
2209 941 2402 1004 quem

122 1041 185 1083 ex
232 1042 349 1113 quo
391 1020 710 1086 HIviratu
768 1043 908 1087 sese
963 1020 1309 1098 abdicavit,
1362 1022 1666 1086 continuo
1726 1037 2038 1110 gesserat,
2087 1038 2181 1104 ut,
2235 1050 2401 1113 quae

118 1126 170 1190 in
205 1127 519 1213 republica
566 1150 733 1216 opus
792 1152 935 1195 esse
982 1140 1294 1205 censeret,
1342 1150 1419 1194 eo
1463 1129 1714 1197 facilius
1763 1133 2141 1220 corrigeret:
2203 1159 2402 1220 quare

121 1246 341 1302 senatus
397 1237 456 1303 ei
509 1237 637 1303 hoc
686 1238 965 1303 maxime
1020 1238 1280 1304 videtur
1324 1236 1632 1304 debuisse
1683 1240 2049 1320 decernere,
2101 1244 2278 1329 quod
2339 1256 2402 1310 et

119 1345 413 1410 consulatu
472 1345 771 1433 deposito
830 1347 1129 1411 amiserat
1192 1356 1255 1410 et
1312 1346 1395 1411 ad
1446 1348 1897 1415 continendam
1940 1351 2401 1437 rempublicam

122 1452 357 1518 maxime
394 1454 783 1539 requirebat.
827 1515 832 1519 .
864 1454 1073 1539 quue
1118 1454 1260 1542 ipse
1305 1455 1438 1520 Dio
1486 1454 1827 1541 significat,
1873 1458 2095 1522 datum
2137 1460 2196 1524 ei
2235 1481 2398 1537 esse,

118 1560 261 1643 quod
309 1562 490 1627 etiam
544 1586 696 1628 cum
748 1563 976 1629 consul
1024 1586 1154 1629 non
1198 1573 1389 1640 esset,
1444 1562 1730 1627 haberet.
1817 1563 2016 1631 Unde
2058 1567 2246 1633 facile
2284 1590 2399 1634 na-

122 1678 299 1733 scatur
340 1670 647 1757 suspici0‚
686 1671 756 1735 in
799 1670 1017 1737 verbis
1058 1670 1313 1748 Dionis,
1342 1692 1508 1756 quae
1535 1671 1895 1751 citavimus,
1924 1674 2400 1762 seiungendum

120 1798 234 1843 esse
274 1778 665 1844 tribunatum
726 1790 1111 1865 perpetuum
1168 1778 1249 1844 ab
1302 1780 1443 1844 iure
1487 1780 1684 1844 unius
1727 1780 2077 1859 relationiS,
2123 1804 2199 1847 ac
2246 1805 2401 1848 con-

121 1885 357 1951 sularem
407 1893 794 1972 potestatem
841 1887 973 1952 dici
1026 1887 1300 1953 delatam
1360 1909 1504 1951 esse
1552 1896 1732 1951 extra
1783 1887 1977 1953 illam.
2069 1888 2203 1955 Sed
2245 1912 2400 1956 con·-

116 1992 351 2059 sularem
388 2005 777 2081 potestatem
820 2005 1219 2083 perpetuam,
1262 2004 1336 2058 ut
1382 2016 1636 2080 semper
1678 2006 1741 2060 et
1783 1996 2024 2083 ubique
2055 1997 2400 2064 duodecim

113 2098 403 2171 lictoribus
458 2115 759 2170 uteretur
808 2104 1153 2188 medioque
1196 2103 1366 2167 inter
1422 2103 1722 2168 consules
1776 2104 1920 2170 loco
1980 2106 2138 2171 sella
2189 2106 2400 2172 curuli

119 2209 350 2289 sederet,
394 2224 627 2298 postea
670 2234 839 2277 anno
888 2212 964 2277 19
1011 2236 1067 2276 a.
1098 2209 1253 2276 Chr.
1289 2211 1600 2298 Augusto
1640 2233 2012 2278 concessam
2056 2236 2200 2279 esse
2239 2214 2400 2281 scri-

116 2314 192 2380 bit
236 2318 353 2385 Dio
395 2320 585 2398 LIV,
646 2322 745 2398 10,
796 2342 1006 2405 neque
1049 2342 1242 2405 quam
1288 2319 1600 2384 rationem
1647 2321 2026 2386 tribuniciae
2067 2324 2400 2407 potestatis

116 2424 287 2492 fuisse
334 2429 641 2507 vidimus,
703 2439 778 2494 ut
832 2429 973 2493 eius
1038 2450 1169 2492 una
1212 2438 1361 2513 post
1414 2429 1677 2493 alteram
1730 2451 1878 2513 pars
1926 2427 2399 2508 decerneretur,

113 2534 344 2601 eandem
382 2537 747 2605 consularis
776 2536 983 2602 fuisse
1018 2534 1399 2601 debebimus
1434 2536 1818 2615 existimare,
1853 2546 2190 2624 propterea
2223 2537 2400 2623 quod

114 2662 211 2706 nec
251 2644 373 2710 Dio
414 2646 825 2713 consularem
878 2654 1255 2731 potestatem
1294 2644 1364 2709 in
1406 2644 1549 2710 iure
1587 2646 1783 2711 unius
1823 2646 2150 2712 relationis
2195 2644 2401 2711 nomi-
2483 2640 2487 2645 ’

113 2761 201 2815 nat
236 2754 673 2838 (tribuniciam
718 2765 934 2818 autem
974 2761 1377 2839 potestatem,
1422 2774 1847 2838 quaecunque
1893 2754 2034 2818 eius
2080 2774 2232 2839 pars
2284 2752 2400 2819 de-

112 2858 427 2942 ferebatur,
492 2885 751 2949 semper
810 2861 1127 2946 nominat)
1192 2872 1256 2925 et
1315 2859 1463 2945 plus
1527 2881 1719 2945 quam
1771 2882 1968 2925 unam
2026 2858 2400 2924 relationem

114 2972 412 3038 consulare
450 2972 564 3039 ius
606 2970 1068 3057 complectitur.
1137 2966 1458 3034 Consules
1502 2969 1672 3033 enim
1705 2968 1772 3033 in
1805 2977 2052 3044 senatu,
2079 2967 2186 3033 cui
2214 2988 2401 3053 prae-

116 3088 257 3155 sunt,
298 3092 358 3145 et
395 3102 793 3168 quacunque
838 3079 920 3144 de
960 3100 1032 3143 re
1086 3088 1149 3142 et
1192 3077 1490 3161 quotiens
1531 3078 1776 3153 volunt,
1821 3076 2062 3142 referre
2105 3084 2400 3161 possunt,

112 3204 289 3269 neque
342 3212 482 3255 eam
539 3198 919 3275 potestatem
964 3208 1115 3253 cum
1159 3186 1527 3271 imperatori
1575 3185 1858 3261 daretur,
1903 3185 2108 3251 minui
2147 3195 2402 3272 oporte·

112 3289 221 3357 bat.
292 3293 603 3382 Sequitur
645 3306 719 3359 ut
758 3296 864 3361 ius
902 3294 1101 3359 unius
1139 3294 1466 3377 relationis
1512 3316 1660 3359 cum
1702 3294 2047 3360 tribunicia
2087 3302 2403 3380 potestate

113 3402 497 3471 coniunctum
539 3404 757 3469 fuerit.
837 3401 972 3469 Sed
1010 3402 1217 3488 quid?
1286 3401 1598 3467 Tribunis
1642 3401 1848 3487 plebis
1888 3422 2100 3465 nonne
2125 3399 2403 3485 antiqui·

111 3517 197 3573 tus
252 3512 318 3576 in
386 3523 613 3580 senatu
692 3524 756 3577 et
821 3511 1193 3577 relationem
1258 3520 1323 3575 et
1376 3510 1805 3574 secessionem
1861 3508 2075 3573 facere
2127 3505 2405 3573 licebat?

112 3612 334 3685 Vocare
398 3622 563 3687 adeo
628 3631 923 3707 poterant
978 3620 1176 3703 idque
1226 3618 1330 3683 ius
1373 3616 1566 3685 etiam
1611 3614 1734 3682 sub
1772 3614 2268 3702 imperatoribus
2309 3624 2405 3677 te-

112 3740 365 3794 nuerunt
406 3730 569 3816 (Dio
618 3728 805 3796 Cass.
849 3728 1041 3807 LIX,
1080 3728 1194 3805 243
1252 3724 1410 3803 LX,
1464 3726 1602 3809 16):
1643 3722 1874 3809 quidni
1909 3722 2114 3809 igitur
2153 3722 2259 3787 ius
2301 3744 2405 3787 re-

110 3829 335 3904 lationis
380 3840 734 3905 haberent?
799 3837 855 3903 N
864 3857 940 3902 ec
982 3845 1232 3901 tantum
1274 3835 1343 3898 in
1386 3834 1681 3899 libertate
1724 3833 2018 3917 exempla
2053 3852 2200 3896 cum
2227 3839 2406 3895 retu-

112 3938 295 4023 lerint,
353 3948 766 4033 reperiuntur
822 3942 997 4031 (Cio.
1035 3945 1204 4010 Phil.
1244 3942 1397 4020 VII,
1454 3944 1521 4020 13
1571 3941 1654 4005 ad
1699 3940 1784 4023 Q.
1829 3942 1908 4005 fr.
1949 3940 2039 4016 II,
2089 3940 2160 4015 13
2222 3936 2404 4023 epist.

113 4044 191 4127 X,
238 4055 336 4134 163
384 4078 449 4143 p.
492 4057 661 4123 Sest.
707 4054 809 4133 32,
856 4053 1168 4141 saepius),
1216 4074 1442 4118 verum
1487 4050 1677 4115 etiam
1721 4048 1843 4114 sub
1887 4045 2406 4133 imperatoribus,

114 4160 269 4225 velut
322 4164 497 4250 apud
555 4162 711 4229 Tac.
770 4163 1010 4229 Annal.
1067 4161 1199 4240 VI,
1264 4161 1361 4239 12,
1420 4160 1680 4244 Dioque
1735 4156 1882 4233 LV,
1930 4157 1968 4220 3
2023 4155 2105 4219 iis
2147 4153 2407 4219 omnino

115 4263 220 4333 hoc
266 4272 366 4338 ius
407 4275 613 4339 fuisse
658 4272 835 4337 dicit.
924 4271 1147 4354 Quare
1192 4269 1540 4356 Augustus
1593 4266 1707 4354 qui
1767 4264 2020 4329 dudum
2063 4260 2410 4326 tribunicia

114 4386 401 4459 potestate
454 4390 764 4459 uteretur,
821 4389 991 4445 certe
1030 4379 1159 4445 iam
1203 4388 1350 4443 ante
1392 4376 1570 4441 hunc
1620 4394 1858 4440 annum
1902 4371 1984 4436 23
2035 4368 2410 4434 relationem

116 4482 174 4547 in
214 4500 431 4555 senatu
475 4490 773 4567 habebat,
818 4510 895 4553 ac
936 4487 1261 4575 peculiare
1305 4484 1551 4569 aliquid
1603 4494 1760 4548 tunc
1803 4480 2124 4546 adiectum
2167 4477 2251 4541 sit
2295 4496 2410 4543 ne-
