2917 5017
806 314 888 365 De
923 316 1186 365 dictatoris
1225 314 1460 365 Caesaris
1498 315 1798 367 honoribus.
2333 312 2457 380 233
2508 358 2515 365 .

129 480 514 549 nistrabant.
579 477 714 545 Sed
751 480 876 544 hoe
912 477 1183 543 militum
1219 478 1663 564 appellatione,
1700 489 2017 563 quatenus
2039 481 2121 547 iis
2144 491 2457 567 praeerat,

129 588 606 675 usurpabatur,
671 587 753 652 ab
814 585 1078 671 reliquis
1137 585 1390 651 civibus
1458 608 1583 651 non
1646 586 1779 649 fere
1841 586 2279 667 tribuebatur,
2340 610 2459 655 nec

127 719 526 781 quemquam
567 719 686 783 pro
723 704 1016 782 praetore
1059 703 1170 759 aut
1207 695 1612 783 proconsule,
1654 716 1800 759 eum
1838 696 2235 779 provinciam
2270 707 2459 782 atque

126 805 490 871 exercitum
542 814 828 891 regeret,
892 812 1141 890 praeter
1187 826 1324 867 rem
1366 801 1707 867 militarem
1746 803 1837 866 ita
1875 804 2271 867 nominatum
2314 825 2459 867 esse

125 913 522 978 invenimus.
588 914 812 997 Itaque
840 908 1084 976 Caesar
1123 933 1252 995 quo
1298 921 1583 996 tempore
1616 934 1695 975 ex
1730 923 2031 996 praetura
2053 912 2459 977 Lusitaniam

122 1020 318 1093 rexit,
342 1023 626 1107 primum
649 1022 716 1085 in
742 1019 1070 1105 provincia
1094 1042 1214 1083 sua
1233 1019 1578 1105 imperator
1601 1020 1745 1096 suit,
1766 1030 1842 1083 ut
1868 1021 2273 1085 consulatum
2292 1021 2457 1105 peti-

125 1139 322 1193 turus
367 1129 685 1205 decessit,
731 1150 882 1193 eum
921 1128 1180 1191 titulum
1219 1127 1463 1203 amisit,
1514 1149 1661 1191 cum
1702 1129 2035 1193 consulatu
2077 1129 2321 1215 recepit
2360 1141 2459 1193 te-

123 1238 408 1322 nuitque
455 1237 612 1303 dum
649 1236 958 1302 exercitui
995 1236 1306 1320 praefuit,
1369 1235 1483 1299 sed
1530 1236 1971 1321 deposuisset,
2028 1238 2127 1313 si,
2170 1237 2241 1301 id
2284 1237 2457 1320 quod
2542 1266 2545 1269 ⁴

122 1369 259 1410 non
307 1348 556 1411 factum
597 1357 693 1411 est
710 1393 725 1420 ,
770 1346 986 1431 ipsum
1023 1344 1342 1409 exercitus
1379 1344 1877 1430 provinciaeque
1918 1345 2261 1431 imperium
2298 1346 2459 1409 ami-

72 1480 86 1493 ·
126 1455 346 1519 sisset.
435 1456 734 1521 Alterum
787 1452 1176 1537 imperatorii
1225 1452 1505 1517 nominis
1562 1474 1770 1537 genus
1822 1454 2110 1517 nascitur
2164 1454 2319 1517 item
2375 1454 2457 1520 ab

126 1562 458 1639 exercitu,
516 1562 628 1647 qui
681 1584 749 1626 re
800 1558 963 1625 bene
1016 1576 1200 1645 gesta
1238 1583 1384 1624 eum
1403 1608 1422 1637 ,
1484 1560 1595 1645 qui
1640 1583 1788 1625 eum
1830 1561 2137 1646 auspiciis
2183 1572 2457 1647 praeest,

125 1672 415 1759 appellat
468 1672 912 1756 imperatorem
931 1715 948 1745 ,
1007 1668 1124 1733 sed
1178 1670 1460 1733 nascitur
1488 1670 1607 1734 -ita
1668 1668 1747 1733 ab
1802 1670 2090 1735 exercitu
2146 1671 2283 1735 solo
2301 1717 2319 1747 ,
2382 1682 2459 1734 ut

127 1790 398 1871 senatus
443 1779 794 1865 populique
836 1778 1050 1841 nullae
1098 1776 1166 1840 in
1211 1800 1288 1841 eo
1333 1790 1545 1862 partes
1592 1778 1739 1843 sint.
1832 1778 1969 1842 Nec
2020 1800 2173 1843 vero
2227 1800 2455 1863 perpe-

126 1900 315 1951 tuum
375 1899 508 1964 est,
571 1887 684 1951 sed
745 1886 1038 1971 deposito
1095 1896 1244 1970 post
1287 1886 1685 1970 triumphum
1742 1886 1919 1969 (nam
1955 1885 2013 1949 is
2052 1884 2457 1969 imperatoris

126 1996 624 2081 appellationem
679 1995 860 2079 sequi
919 1995 1106 2076 solet)
1169 1994 1436 2079 imperio
1494 1993 1823 2057 amittitur.
1918 1992 2137 2057 Huius
2200 1992 2457 2077 generis

127 2106 430 2189 exempla
461 2105 664 2168 multa
703 2128 782 2168 ex
817 2102 1130 2168 libertatis
1167 2114 1452 2186 tempore
1488 2102 1700 2165 attulit
1725 2100 1995 2165 Eckhel.
2019 2100 2185 2165 VIII
2220 2124 2287 2186 p.
2314 2101 2455 2177 344,

127 2236 206 2275 ex
245 2212 494 2295 quibus
533 2212 783 2275 nullum
827 2222 956 2287 est,
1015 2232 1162 2274 cum
1213 2209 1360 2293 quis
1406 2209 1665 2294 saepius
1712 2209 2055 2297 imperator
2097 2208 2457 2293 appellatus

127 2343 274 2385 esse
315 2319 650 2395 videatur,
696 2334 950 2404 praeter
994 2318 1075 2381 L.
1123 2315 1406 2393 Sullam,
1451 2317 1564 2400 qui
1610 2338 1759 2381 cum
1803 2316 2229 2392 Archelaum,
2284 2317 2457 2402 regia

126 2427 532 2493 Mithridatis
577 2428 831 2503 ducem,
875 2426 1119 2511 duplici
1161 2425 1407 2510 proelio
1450 2424 1871 2499 contudisset,
1921 2424 2045 2488 hoc
2084 2425 2336 2501 meruit,
2380 2436 2454 2488 ut

126 2537 192 2599 in
256 2536 542 2599 nummis
598 2540 936 2617 imperator
991 2538 1217 2597 iterum
1274 2544 1617 2597 vocaretur
1680 2532 1982 2613 (Eckhel.
2040 2531 2099 2596 V
2166 2556 2225 2617 p.
2284 2532 2452 2615 190).

133 2644 368 2727 Neque
393 2644 530 2710 -hoc
567 2642 650 2707 ab
689 2665 940 2717 norma,
983 2664 1176 2726 quam
1215 2642 1476 2726 exponit
1496 2640 1629 2705 Dio
1656 2638 1841 2707 Cass.
1864 2640 2019 2715 LX,
2045 2640 2147 2715 21,
2192 2640 2455 2718 recedit,

127 2752 240 2835 qui
289 2750 408 2815 ubi
452 2748 802 2815 Claudium
847 2746 1193 2815 Caesarem
1241 2772 1322 2813 ex
1365 2772 1496 2813 una
1539 2749 1809 2813 victoria
1850 2749 1933 2813 de
1978 2749 2307 2813 Britannis
2352 2772 2457 2813 re·-

125 2860 260 2923 lata
317 2858 579 2943 saepius
635 2858 1081 2943 imperatorem
1129 2858 1517 2943 appellatum
1562 2880 1705 2922 esse
1749 2858 1976 2931 refert,
2036 2878 2275 2921 morem
2318 2880 2455 2921 ma-

58 3049 66 3057 ·
126 2967 340 3031 iorum
397 2967 704 3032 violatum
762 2988 904 3031 esse
963 2966 1214 3041 scribit3
1277 2988 1487 3049 neque
1541 2965 1712 3029 enim
1764 2988 1844 3027 ex
1896 2986 2027 3028 uno
2078 2964 2249 3029 bello
2304 2965 2455 3050 plus

127 3098 326 3159 quam
389 3074 585 3139 semel
640 3073 769 3139 dici
821 3074 1032 3139 licere.
1119 3073 1262 3139 Non
1310 3087 1439 3139 tam
1486 3073 1729 3138 bellum
1778 3072 2109 3154 (πόλεμον)
2154 3072 2459 3158 intelligit

127 3207 329 3268 quam
383 3183 748 3258 victoriam3
812 3204 958 3246 nam
1007 3183 1074 3246 in
1119 3206 1248 3247 uno
1291 3182 1461 3247 bello
1508 3182 1563 3246 si
1604 3182 1821 3267 plures
1869 3181 2173 3246 victoriae
2218 3182 2455 3247 relatae

128 3302 372 3368 essent,
409 3312 541 3355 non
583 3292 780 3356 semel
821 3302 1088 3369 tantum,
1133 3292 1249 3357 sed
1287 3291 1546 3375 saepius
1584 3290 1985 3376 imperatoris
2023 3312 2253 3353 nomen
2290 3289 2458 3354 asei-

129 3412 272 3465 tum
321 3422 465 3464 esse
501 3398 860 3465 certissima
889 3410 951 3463 et
971 3398 1262 3484 Augusti
1295 3410 1360 3463 et
1384 3398 1654 3463 aliorum
1681 3399 2139 3484 imperatorum
2168 3398 2463 3482 exempla

129 3508 504 3573 ostendunt.
579 3507 1020 3574 Veruntamen
1059 3506 1126 3569 in
1164 3506 1458 3572 libertate
1500 3529 1649 3571 cum
1688 3505 1913 3571 brevia
1950 3506 2085 3570 fere
2124 3515 2304 3572 erant
2338 3504 2459 3569 im-

127 3617 332 3703 peria,
373 3637 518 3681 raro
555 3616 794 3680 factum
835 3625 954 3690 est,
993 3625 1066 3679 ut
1103 3614 1434 3700 repetendi
1470 3614 1743 3679 nominis
1780 3614 2172 3699 imperatorii
2204 3612 2459 3680 occasio

131 3726 430 3802 daretur,
491 3732 556 3787 at
603 3732 944 3807 postquam
995 3722 1320 3808 principes
1375 3732 1758 3808 perpetuum
1807 3722 2149 3808 imperium
2193 3742 2459 3805 accepe-

130 3844 314 3909 runt,
372 3832 540 3897 hanc
592 3832 902 3897 rationem
949 3830 1172 3895 initam
1215 3852 1358 3895 esse
1403 3842 1678 3907 constat,
1736 3843 1809 3898 ut
1848 3830 2145 3917 quotiens
2192 3829 2463 3895 victoria

133 3951 593 4027 reportaretur,
617 3941 851 4007 totiens
877 3963 1087 4005 novus
1111 3940 1514 4025 imperatoris
1543 3940 1769 4004 titulus
1797 3939 2242 4005 ascisceretur.
2295 3936 2458 4002 Ter-

138 4050 294 4113 tium
354 4048 632 4133 denique
689 4070 898 4135 genus
947 4058 1046 4113 est
1090 4047 1250 4111 illud
1294 4048 1471 4132 quod
1516 4047 1649 4111 Dio
1684 4047 1959 4122 XLIII,
2026 4046 2133 4111 44.
2167 4068 2335 4112 anno
2378 4046 2457 4111 45

135 4157 503 4223 institutum
525 4178 666 4221 esse
691 4156 800 4233 ait,
823 4178 969 4221 cum
993 4152 1258 4223 Caesari
1283 4156 1575 4221 confecto
1603 4156 1769 4221 bello
1796 4154 2212 4239 Hispaniensi
2237 4154 2458 4219 datum

137 4276 250 4341 est,
293 4276 372 4329 ut
411 4264 822 4349 praenomine
860 4264 1263 4353 imperatoris
1305 4273 1613 4329 uteretur.
1689 4262 1837 4327 Hoc
1870 4262 2026 4327 item
2064 4272 2289 4347 postea
2315 4261 2457 4323 Au·
2500 4343 2503 4346 Ι

139 4383 372 4461 gustus
401 4372 650 4451 habuit,
691 4372 800 4460 qui
827 4372 1148 4459 quomodo
1175 4392 1325 4438 cum
1347 4370 1759 4462 imperatorio
1785 4368 2041 4436 nomine
2068 4390 2147 4435 ex
2172 4366 2457 4437 victoriis
