2917 5017
466 340 590 407 214
1129 342 1214 391 De
1253 341 1515 391 mansoris
1556 339 1793 390 Caesaris
1828 338 2127 389 honoribus.

469 530 574 574 ses
619 518 684 572 et
725 504 1070 573 dimidium
1101 503 1377 569 dictator
1401 502 1599 567 fuerit
1622 501 1939 585 facileque
1974 500 2219 586 priores
2244 523 2409 586 quos
2434 501 2760 579 citavimus,

466 617 702 683 Dionis
752 616 878 680 loci
927 615 1306 679 incusentur
1325 659 1342 688 ‚
1396 613 1575 696 quod
1619 633 1905 676 annuum
1948 612 2227 695 spatium
2272 611 2620 676 dictaturae
2668 612 2761 673 tri-

467 725 742 791 buerint.
804 722 938 788 Sed
967 731 1065 787 est
1087 721 1194 786 hic
1217 720 1654 785 Romanorum
1694 741 1859 796 mos,
1901 729 1976 782 ut
2016 718 2085 782 in
2133 718 2557 805 potestatibus
2600 730 2764 803 atque

468 832 756 918 imperiis
815 831 870 895 si
924 829 1083 913 quid
1144 850 1274 893 non
1317 850 1627 913 magnum
1672 840 1785 893 aut
1824 828 1909 892 ad
1950 838 2156 891 totum
2198 850 2440 891 annum
2478 826 2644 891 desit
2676 838 2767 890 aut
2806 843 2815 854 ·

468 942 637 1005 ultra
657 962 898 1005 annum
929 949 1248 1013 excurrat,
1291 948 1503 1001 tamen
1524 960 1813 1001 annuum
1836 936 2177 1022 appellent,
2214 936 2401 1001 cuius
2422 935 2517 999 rei
2545 935 2769 1019 insigne

469 1048 834 1134 exemplum
889 1046 1220 1113 attulimus
1276 1045 1342 1108 in
1403 1054 1740 1110 comment.
1794 1042 2127 1129 epigraph.
2178 1044 2213 1107 I
2254 1066 2317 1129 p.
2362 1044 2435 1109 17
2451 1090 2471 1119 ,
2530 1042 2771 1107 alterum

469 1157 660 1222 etiam
712 1155 920 1240 magis
963 1154 1218 1239 insigne
1263 1164 1364 1219 est
1413 1152 1571 1228 hoc,
1626 1153 1707 1217 de
1764 1174 1892 1236 quo
1948 1152 2258 1227 dicimus,
2318 1152 2583 1217 tertium
2632 1151 2773 1215 infra

467 1264 534 1329 in
586 1264 774 1328 tertia
825 1263 1144 1328 dictatura
1195 1262 1500 1327 afferetur
1518 1308 1535 1337 ,
1596 1271 1896 1345 quartum
1953 1261 2227 1325 fortasse
2288 1280 2369 1323 ex
2418 1260 2627 1345 prima
2663 1261 2771 1346 peti

469 1372 780 1457 potuerit,
837 1395 1032 1457 quam
1085 1371 1140 1437 si
1195 1372 1340 1455 quis
1395 1394 1434 1435 a
1472 1370 1623 1435 Kal.
1682 1369 1861 1433 Sext.
1919 1368 2069 1432 anni
2130 1368 2210 1433 49
2266 1391 2477 1453 usque
2522 1370 2607 1434 ad
2648 1369 2770 1433 Kal.
2858 1358 2860 1409 ξ

473 1480 612 1545 Ian.
659 1479 808 1544 anni
849 1480 930 1545 48
969 1479 1360 1564 pertinuisse
1407 1490 1473 1543 et
1513 1489 1725 1543 tamen
1764 1489 1937 1542 recte
1980 1498 2095 1541 sex
2132 1478 2455 1543 mensium
2498 1477 2630 1543 dici
2662 1480 2771 1543 exi·

475 1588 710 1662 stimet,
749 1586 1012 1653 habebit
1036 1610 1164 1671 quo
1194 1587 1574 1653 sententiam
1616 1608 1801 1650 suam
1838 1596 2115 1650 tueatur.
2172 1585 2609 1665 Veruntamen
2652 1608 2774 1650 cum
2858 1592 2861 1657 ζ

473 1694 597 1759 hoc
652 1705 824 1759 esset
863 1696 1140 1780 spatium
1179 1695 1556 1771 dictaturae,
1605 1717 1799 1778 quam
1844 1694 1987 1757 eius
2034 1706 2331 1759 naturam
2370 1694 2562 1779 quasi
2601 1694 2775 1759 fuisse
2858 1696 2860 1719 ³

473 1803 820 1889 putamus?
907 1802 1172 1869 Ascribi
1233 1803 1404 1867 enim
1468 1803 1630 1869 solet
1678 1803 1745 1865 in
1805 1802 1991 1867 fastis
2036 1813 2229 1885 atque
2282 1802 2353 1865 in
2389 1802 2650 1887 legibus
2697 1803 2776 1867 vel

473 1924 734 1977 senatus
795 1912 1105 1977 consultis
1175 1911 1630 1986 adficiebatur,
1692 1910 1879 1975 cuius
1932 1910 2025 1973 rei
2080 1932 2281 1975 causa
2322 1911 2778 1996 susciperentur

473 2019 846 2085 dictaturae.
923 2020 1062 2084 Iam
1105 2019 1264 2084 haec
1309 2042 1458 2085 cum
1498 2019 1755 2104 longior
1794 2030 1998 2094 esset,
2052 2040 2183 2083 non
2232 2020 2647 2085 comitiorum
2686 2021 2777 2085 ha-
2857 2066 2859 2105 ,

471 2126 834 2192 bendorum
877 2149 1092 2203 causa,
1142 2139 1215 2191 ut
1236 2127 1461 2212 prima,
1506 2149 1628 2192 nec
1650 2126 2043 2211 reipublicae
2074 2128 2571 2195 constituendae
2592 2152 2777 2205 causa,

471 2246 545 2299 ut
587 2234 846 2311 ultima,
901 2257 1066 2319 quae
1115 2246 1428 2320 perpetua
1473 2247 1642 2311 erat,
1688 2235 1825 2311 sed,
1868 2235 2126 2321 opinor,
2181 2236 2275 2301 rei
2316 2238 2655 2321 gerundae
2698 2238 2778 2303 vel

476 2343 748 2408 fortasse
803 2342 1136 2407 seditionis
1193 2343 1516 2407 sedandae
1572 2365 1771 2407 causa
1822 2344 1892 2407 in
1950 2344 2134 2409 fastis
2187 2344 2532 2411 dicebatur
2570 2347 2777 2423 fuisse3
2847 2383 2860 2427 ,-

437 2502 446 2510 .
479 2475 628 2517 nam
683 2452 766 2515 de
803 2451 1138 2537 republica
1183 2451 1635 2517 constituenda
1704 2464 1851 2517 ante
1910 2453 2081 2519 bella
2128 2453 2311 2519 finita
2359 2456 2638 2542 cogitari
2678 2480 2778 2521 non
2858 2478 2860 2497 ¹

472 2569 740 2644 poterat.
814 2559 918 2623 Ita
952 2559 1154 2645 igitur
1192 2560 1492 2625 lacunam
1540 2560 1773 2646 lapidis
1822 2562 2245 2647 explevimus,

639 2667 823 2732 Haec
872 2678 1214 2752 postquam
1265 2668 1348 2733 de
1403 2668 1725 2733 dictatura
1781 2666 2079 2735 Caesaris
2132 2671 2619 2757 disputavimus
2639 2719 2657 2747 ‚
2706 2672 2784 2735 fa·
2851 2696 2856 2719 ³

475 2778 778 2843 ciendum
831 2789 960 2853 est,
1017 2788 1091 2843 ut
1161 2777 1244 2843 ad
1301 2778 1707 2843 consulatum
1770 2780 2114 2844 redeamus
2131 2826 2151 2855 ,
2206 2779 2393 2845 cuius
2457 2779 2785 2865 singularis
2852 2794 2854 2801 '

473 2908 744 2972 prorsus
803 2886 966 2951 ratio
1033 2908 1302 2970 magnas
1363 2884 1557 2950 habet
1619 2885 2057 2953 difficultates.
2134 2889 2397 2953 Etenim
2468 2912 2667 2974 supra
2721 2910 2782 2951 ex
2841 2904 2852 2942 ε’

473 2994 710 3059 Dionis
761 2993 1140 3059 auctoritate
1183 2991 1562 3071 docuimus,
1614 2994 1783 3060 Idib.
1834 2994 2105 3062 Octobr.
2151 2997 2303 3061 anni
2344 2997 2425 3063 48
2468 2998 2531 3061 ei
2572 3019 2781 3062 consu-

474 3102 676 3167 latum
714 3102 782 3165 in
823 3102 1333 3186 quinquennium
1381 3102 1607 3167 datum
1644 3124 1789 3168 esse
1830 3103 1875 3167 i.
1922 3127 1982 3168 e.
2028 3106 2187 3171 dum
2228 3116 2401 3171 esset
2446 3107 2676 3172 consul
2710 3105 2782 3179 II,

485 3210 900 3295 designatum
943 3230 1092 3273 eum
1113 3231 1256 3273 esse
1283 3210 1565 3286 tertium,
1605 3221 1927 3295 quartum,
1968 3224 2033 3277 et
2065 3214 2394 3300 deinceps,
2434 3214 2599 3281 dum
2617 3215 2783 3300 quin-
2831 3193 2845 3268 l

483 3317 837 3402 quennium
893 3316 1232 3399 explesset.
1321 3318 1561 3383 Utrum
1616 3320 1931 3405 receperit
1980 3321 2157 3387 hunc
2211 3322 2521 3389 honorem
2588 3345 2780 3397 necne,
2833 3340 2843 3379 i

479 3448 612 3491 non
649 3425 834 3492 addit
877 3424 1031 3500 Dio,
1076 3424 1200 3489 nisi
1247 3426 1392 3509 quis
1434 3428 1599 3492 forte
1642 3450 1725 3491 ex
1772 3428 2023 3495 silentio
2068 3430 2209 3497 eius
2256 3451 2401 3494 cum
2449 3432 2782 3497 dictaturae
2833 3446 2841 3485 Δ

483 3534 768 3620 insignia
819 3531 899 3598 ab
945 3553 1021 3598 eo
1061 3543 1320 3619 sumpta
1353 3556 1498 3599 esse
1524 3537 1783 3613 scribat,
1824 3560 1951 3602 non
1972 3561 2119 3604 esse
2140 3550 2477 3625 receptum
2500 3541 2781 3626 colligere

477 3641 650 3707 velit.
733 3642 850 3707 Ac'
879 3653 1054 3707 recte
1099 3642 1194 3706 sic
1235 3642 1535 3709 videatur
1578 3646 1913 3731 colligere3
1954 3671 2099 3712 nam
2143 3648 2199 3711 si
2240 3650 2615 3735 recepisset,
2652 3647 2781 3713 Kal.

476 3749 615 3815 Ian.
659 3748 810 3813 anni
854 3750 931 3815 47
973 3750 1206 3815 fuisset
1248 3751 1509 3828 consul,
1572 3752 1705 3817 Dio
1760 3765 1974 3821 autem
2030 3756 2171 3839 ipse
2206 3756 2448 3835 XLII,
2505 3758 2588 3824 27
2626 3756 2782 3821 initio

374 3890 380 3896 ·
477 3856 630 3921 anni
677 3856 754 3922 47
805 3856 1028 3922 scribit
1073 3857 1316 3925 Romae
1355 3860 1648 3929 homines
1690 3863 1895 3928 fuisse
1938 3875 2114 3929 metu
2156 3864 2584 3951 perturbatos,
2628 3862 2781 3950 quod

475 3986 664 4031 nemo
719 3976 892 4029 esset
929 3966 1187 4042 consul,
1240 3989 1428 4033 nemo
1488 3982 1775 4055 praetor,
1834 3994 2020 4037 nemo
2078 3973 2336 4038 omnino
2378 3973 2625 4039 curulis
2666 3994 2781 4035 ma-

477 4072 822 4157 gistratus,
863 4073 980 4139 sed
1021 4072 1116 4138 M.
1155 4075 1483 4141 Antonius
1506 4123 1523 4152 ‚
1582 4079 1889 4165 magister
1932 4082 2253 4166 equitum,
2300 4104 2415 4147 sex
2462 4080 2777 4147 lictoribus

475 4180 864 4265 armatisque
907 4181 1180 4267 stipatus
1222 4184 1437 4249 omnia
1478 4186 1973 4255 administraret.
2034 4188 2401 4273 Singularis
2424 4191 2627 4277 igitur
2644 4200 2777 4253 tunc

475 4288 636 4355 haec
689 4300 826 4355 erat
873 4289 1262 4375 reipublicae
1323 4293 1651 4371 condicio,
1696 4306 1770 4359 ut
1814 4308 1877 4361 et
1924 4307 2097 4363 esset
2138 4299 2367 4365 consul
2412 4300 2581 4375 iure,
2622 4294 2772 4382 quod

475 4397 762 4482 legitime
782 4395 1025 4463 Caesar
1063 4420 1104 4463 a
1147 4410 1374 4465 senatu
1416 4403 1781 4491 populoque
1818 4416 1989 4471 esset
2024 4405 2427 4492 designatus,
2468 4420 2533 4471 et
2580 4405 2767 4471 nullus
