2917 5017
780 340 861 389 De
901 340 1159 388 dictatoris
1198 340 1433 390 Caesaris
1474 341 1776 390 honoribus,
2307 336 2428 405 207

146 522 402 564 mensem
446 501 757 566 Sextilem
803 501 1203 577 deducimur,
1264 525 1384 567 nec
1415 502 1632 568 hercle
1666 502 1935 566 multum
1967 504 2430 583 aberrabimus,

143 607 189 670 si
237 607 387 692 ipsis
444 609 675 675 Idibus
734 608 1088 675 Sextilibus
1154 620 1217 673 et
1270 608 1616 675 Caesarem
1677 611 1822 694 lege
1877 612 2004 677 lata
2055 612 2427 679 dictatorem

144 714 365 778 dictum
404 740 549 782 esse
583 729 646 782 et
678 730 913 804 septem
958 740 1213 783 menses
1246 719 1730 785 accuratissima
1762 722 2224 805 computatione
2261 722 2430 787 effici

140 834 513 889 statuemusz
562 849 599 889 a
639 849 769 910 quo
808 838 1090 911 tempore
1138 849 1254 911 per
1292 827 1578 910 quinque
1621 850 1874 893 menses
1917 850 2124 914 usque
2166 829 2249 893 ad
2291 830 2429 894 De-

136 932 435 997 cembrem
480 934 537 998 si
581 932 823 1000 Caesar
864 936 1143 1020 insignia
1184 935 1540 1000 dictaturae
1587 956 1839 1001 sumere
1881 936 2086 1001 noluit
2125 948 2312 1021 atque
2361 938 2427 1001 in

133 1038 337 1104 itinere
374 1042 711 1118 faciendo,
764 1042 1077 1107 seditione
1118 1043 1393 1106 militum
1439 1044 1900 1128 componenda,
1947 1055 2040 1109 tot
2078 1046 2270 1110 rebus
2315 1068 2431 1132 per

130 1150 477 1232 provincias
537 1151 1059 1216 administrandis
1120 1173 1369 1217 summa
1426 1160 1740 1236 potestate
1793 1150 1998 1217 caruit
2059 1156 2290 1238 (neque
2345 1155 2428 1221 de

132 1256 235 1320 hac
284 1280 351 1321 re
404 1258 755 1343 quicquam
800 1258 1073 1323 dubium
1115 1270 1321 1345 potest
1366 1264 1770 1345 superesse),
1835 1273 2092 1348 apparet
2109 1311 2124 1336 ‚
2182 1263 2428 1348 opinor,

132 1367 565 1449 proconsulare
606 1368 967 1452 imperium,
1013 1390 1141 1451 quo
1184 1378 1362 1431 extra
1402 1367 1628 1433 urbem
1657 1378 1967 1447 uteretur,
2007 1370 2062 1433 ei
2093 1381 2427 1454 antequam

129 1474 184 1535 in
220 1474 602 1560 Hispaniam
646 1476 1181 1559 proficisceretur,
1232 1487 1626 1561 quantopere
1669 1477 1752 1541 sit
1791 1477 2260 1563 amplificatum.

277 1580 413 1647 Sed
471 1584 667 1649 etiam
720 1584 805 1648 de
867 1584 1009 1669 ipsa
1050 1583 1367 1648 dictatura
1407 1606 1618 1669 pauca
1663 1584 1937 1650 dicenda
1975 1598 2142 1650 sunt.
2215 1586 2426 1667 Quam

134 1710 257 1753 cum
304 1692 797 1777 concupisceret
832 1690 1093 1767 Caesar,
1142 1691 1406 1757 difficile
1448 1715 1591 1758 esse
1633 1693 1894 1759 videbat
1933 1696 2126 1772 factn,
2177 1706 2250 1757 ut
2287 1718 2428 1761 eam

136 1798 599 1883 adipisceretur,
644 1800 963 1885 siquidem
1004 1809 1261 1885 propter
1303 1800 1592 1885 auspicia
1639 1804 1938 1886 antiquus
1977 1826 2112 1866 mos
2159 1816 2308 1879 erat,
2357 1814 2430 1868 ut

133 1909 330 1971 consul
380 1908 768 1974 dictatorem
823 1909 1096 1973 diceret:
1163 1909 1464 1973 consules
1521 1920 1736 1972 autem
1799 1932 1945 1973 cum
1989 1911 2291 1995 Pompeio
2349 1933 2430 1975 ex

128 2016 288 2082 Italia
328 2017 645 2083 abierant.
733 2019 963 2102 Itaque
1004 2019 1125 2082 etsi
1174 2041 1311 2083 eam
1329 2065 1345 2093 ,
1391 2040 1583 2101 quam
1631 2014 1812 2081 Sulla
1853 2017 2176 2095 habuerat,
2223 2019 2427 2083 dicta-

130 2134 317 2189 turam
354 2126 480 2192 rite
521 2127 795 2192 obtineri
834 2148 1027 2212 posse
1067 2126 1472 2212 desperabat,
1511 2124 1876 2213 ambigebat
1912 2138 2118 2191 tamen
2159 2127 2428 2193 maxime

128 2245 371 2317 propter
408 2234 818 2301 comitiorum
858 2235 1295 2300 consularium
1328 2234 1604 2320 proximi
1647 2236 1796 2298 anni
1821 2236 2148 2311 rationem,
2191 2235 2430 2319 quibus

126 2339 249 2424 ipse
292 2346 499 2409 creari
542 2344 845 2430 cupiebat
889 2342 1062 2425 (Cic.
1110 2343 1193 2407 ad
1238 2343 1377 2407 Att.
1416 2342 1546 2417 IX,
1592 2342 1650 2415 9,
1691 2344 1780 2425 3).
1867 2340 1992 2406 Cui
2035 2344 2125 2407 rei
2167 2344 2260 2406 M.
2298 2344 2430 2407 Le·-

124 2449 297 2533 pidus
340 2464 622 2539 praetor,
669 2463 807 2516 tum
850 2452 997 2516 urbi
1045 2451 1429 2535 praefectuS,
1477 2449 1810 2527 subvenit,
1854 2452 1998 2537 lege
2037 2452 2195 2527 lata,
2238 2461 2312 2514 ut
2350 2449 2431 2514 ab

124 2580 207 2634 ec,
248 2562 355 2643 qui
398 2559 551 2625 urbi
592 2569 939 2645 praeesset,
982 2579 1437 2643 quamcunque
1483 2571 1861 2644 potestatem
1904 2558 2184 2635 haberet,
2229 2558 2434 2625 dicta-

124 2678 303 2731 torem
342 2669 479 2735 dici
520 2668 761 2734 liceret.
851 2667 1037 2732 Haec
1072 2668 1228 2751 quin
1268 2666 1359 2731 ita
1400 2678 1544 2731 acta
1581 2668 1710 2731 sint
1743 2691 1818 2732 ac
1857 2669 2132 2754 primum
2171 2680 2430 2733 senatus

126 2778 511 2854 consultum,
566 2789 703 2840 tum
763 2776 986 2862 populi
1040 2776 1267 2839 scitum
1288 2822 1303 2851 ,
1364 2775 1641 2857 denique
1683 2774 1888 2859 ipsius
1933 2775 2163 2860 Lepidi
2209 2777 2434 2841 electio
2509 2790 2516 2795 '

125 2883 567 2962 intercesserit,
616 2908 697 2949 ex
740 2882 1039 2950 Caesaris
1088 2882 1301 2948 verbis
1320 2931 1336 2959 ‚
1394 2905 1558 2966 quae
1602 2884 1794 2968 paulo
1839 2904 2034 2968 supra
2073 2882 2430 2959 citavimus,

124 2994 530 3079 perspicuum
571 3006 687 3059 est.
774 2995 877 3059 Ac
918 2992 1309 3058 conveniunt
1352 2992 1485 3055 fere
1529 2990 1893 3075 scriptores.
1977 2991 2138 3055 Nam
2179 3001 2254 3054 ut
2292 2990 2433 3055 Eu-

126 3114 271 3188 trop.
296 3104 419 3180 VI,
446 3103 531 3168 20
573 3113 636 3167 et
677 3103 849 3167 Flor.
880 3100 999 3175 IV,
1043 3102 1104 3177 2,
1150 3102 1205 3175 1,
1247 3099 1359 3183 qui
1399 3098 1676 3163 leviores
1723 3122 1875 3163 sane
1923 3110 2088 3175 sunt,
2127 3100 2434 3176 omittam,

126 3222 179 3273 et
212 3212 386 3276 Plut.
430 3208 622 3277 Caes·
664 3210 741 3275 37
784 3232 933 3274 eum
975 3207 1053 3273 ab
1094 3217 1319 3272 senatu
1360 3205 1738 3271 dictatorem
1778 3208 2049 3272 electum
2091 3230 2232 3272 csse
2277 3208 2434 3273 scri·

126 3316 239 3394 bit,
281 3330 629 3405 propterea
672 3318 845 3403 quod
889 3328 1150 3381 senatus
1195 3316 1562 3381 consultum
1604 3316 1882 3401 primum
1921 3317 2160 3381 factum
2199 3327 2334 3393 est,
2373 3327 2436 3381 et

126 3425 243 3491 Dio
290 3428 500 3505 XLI,
562 3427 641 3493 36
696 3427 791 3491 sic
837 3426 1069 3489 refert:
1133 3423 1235 3487 Ἐν
1296 3426 1426 3509 ὁδῷ
1490 3426 1559 3487 δὲ
1609 3424 1692 3487 ἔτ’
1743 3425 1914 3492 ὄντος
1960 3426 2145 3487 αὐτοῦ
2185 3424 2438 3508 Μάρκος

132 3534 399 3617 Αἰμίλιος
442 3536 733 3610 Λέπιδος,
791 3533 971 3601 οὗτος
1024 3536 1054 3595 ὃ
1102 3534 1203 3594 καὶ
1253 3533 1312 3594 ἐν
1362 3538 1439 3615 τῇ
1483 3533 1763 3617 τριαρχίᾳ
1805 3533 2052 3616 ὕστερον
2095 3532 2440 3615 γενόμενος,

128 3648 205 3726 τῷ
244 3666 309 3706 τε
344 3645 527 3728 δήμῳ
568 3642 1015 3728 συνεβούλευσε
1060 3646 1403 3723 στρατηγῶν
1449 3642 1790 3723 δικτάτωρα
1831 3642 1928 3702 τὸν
1973 3636 2256 3721 Καίσαρα
2293 3660 2435 3721 προ·

130 3751 511 3831 χειρίσασθαι
555 3752 656 3813 καὶ
706 3751 891 3817 εὐθὺς
932 3748 1096 3812 εἶπεν
1148 3749 1327 3811 αὐτὸν
1372 3749 1540 3831 παρὰ
1581 3749 1656 3810 τὰ
1694 3750 1935 3831 πάτρια.
2016 3748 2106 3811 At
2137 3744 2437 3831 Appiano

132 3853 265 3920 bell.
321 3858 445 3923 civ.
487 3859 589 3935 II,
646 3858 725 3924 48
771 3856 929 3941 quid
968 3856 1310 3920 faciamus:
1374 3854 1451 3920 ‘O
1500 3858 1568 3919 δὲ
1613 3854 1854 3940 Καῖσαρ
1903 3856 1963 3925 ἐς
1990 3853 2243 3936 Ῥώμην
2289 3876 2436 3937 παρ-

132 3966 276 4044 ῆλθε
323 3969 425 4029 καὶ
469 3966 649 4029 αὐτὸν
702 3968 733 4029 ὃ
780 3967 972 4049 δῆμος
1012 3966 1322 4049 πεφρικὼς
1360 3962 1573 4049 ᾑρεῖτο
1622 3966 1998 4047 δικτάτωρα,
2065 3961 2204 4024 οὔτε
2243 3982 2298 4021 τι
2333 3963 2440 4042 τῆς

139 4071 350 4156 βουλῆς
412 4073 833 4158 ψηφιζομένης
877 4072 1019 4135 οὔτε
1063 4078 1682 4157 προχειροτονοῦντος
1727 4072 2046 4155 ἄρχοντος·
2119 4071 2150 4130 ὁ
2202 4070 2270 4130 δὲ
2319 4066 2439 4130 εἴτε

136 4183 652 4265 παραιτησάμενος
693 4184 798 4262 τὴν
846 4180 1038 4265 ἀρχὴν
1088 4184 1172 4247 ὡς
1212 4179 1583 4262 ἐπίφθονον,
1643 4178 1761 4241 εἴτε
1805 4178 1875 4240 οὐ
1919 4176 2201 4261 χρῄζων,
2257 4176 2441 4257 ἄρξας

140 4284 227 4348 ἐπὶ
264 4288 481 4351 ἕνδεκα
527 4288 709 4374 μόνον
754 4288 989 4373 ἡμέρας
1028 4288 1183 4366 (ὦδε
1223 4288 1341 4371 γάρ
1382 4309 1497 4347 τισι
1537 4288 1740 4367 δοκεῖ)
1790 4287 2052 4354 ὑπάτους
2091 4286 2154 4353 ἐς
2187 4286 2252 4347 τὸ
2301 4281 2438 4365 μέλ-

142 4394 235 4455 λον
276 4397 585 4483 ἀπέφηνεν
630 4396 791 4462 cet.?
868 4394 1097 4461 Nonne
1136 4393 1393 4462 omnino
1436 4392 1598 4461 haec
1641 4392 2038 4481 reliquorum
2075 4412 2238 4479 quos
2283 4389 2440 4456 cita-
