2917 5017
408 334 532 401 346
1045 338 1126 387 De
1161 339 1535 403 propagatione
1570 340 1789 389 civitatis
1824 340 2107 390 Romanae.

405 504 716 590 explicat,
765 502 1022 567 nomine
1063 501 1581 587 comprehendat.
1634 502 1788 586 Ipsa
1822 502 1985 567 adeo
2020 502 2181 567 haec
2216 502 2299 567 de
2328 500 2739 569 Samnitibus

405 611 825 697 Pelignisque
855 610 1132 676 narratio
1159 609 1346 676 nobis
1376 610 1639 695 quidem
1670 610 1853 675 aliter
1881 609 2143 673 videtur
2170 611 2421 677 docere.
2466 610 2535 675 N
2538 635 2649 676 am
2685 613 2737 677 si

405 718 508 795 iis,
535 730 610 783 ut
631 719 896 802 reliquis
917 719 1130 795 sociis,
1155 718 1381 784 eadem
1403 718 1707 783 facilitate
1730 740 1861 803 qua
1876 718 2129 784 Latinis
2148 719 2435 785 licuisset
2454 720 2739 785 Romam

407 827 746 912 migrando
791 828 1114 893 civitatem
1145 826 1499 891 Romanam
1536 826 1834 912 adipisci,
1868 849 1985 891 cur
2022 812 2150 891 non
2183 828 2297 911 qui
2340 851 2458 893 sua
2494 828 2741 914 oppida

406 935 764 1019 relinquere
814 936 1069 1011 vellent,
1114 935 1385 1001 Romam
1435 936 1649 1021 potius
1686 957 1881 1018 quam
1920 934 2253 1019 Fregellas
2290 936 2739 1001 transierunt?

405 1040 500 1107 At
551 1043 622 1107 id
677 1066 826 1107 cum
877 1044 1055 1109 nullo
1115 1044 1306 1109 modo
1349 1043 1594 1119 liceret,
1646 1043 1903 1107 interim
1957 1043 2027 1108 in
2070 1043 2387 1108 coloniam
2428 1042 2739 1106 Latinam

407 1151 746 1234 migrando
785 1152 1016 1217 melius
1057 1153 1162 1217 ius
1199 1152 1507 1236 consequi
1546 1150 1911 1218 studebant.
1975 1151 2197 1233 Quare
2236 1173 2384 1216 cum
2409 1151 2547 1227 illa,
2574 1172 2739 1234 quae

409 1258 490 1323 de
541 1257 940 1325 Samnitibus
983 1260 1400 1346 Pelignisque
1457 1271 1629 1336 sunt,
1674 1260 1863 1343 quasi
1902 1260 2301 1345 parenthesis
2354 1260 2580 1323 locum
2624 1259 2738 1323 ob-

408 1367 608 1433 tinere
671 1367 1042 1447 videantur,
1099 1368 1467 1434 necessario
1520 1368 1715 1453 paulo
1770 1378 1919 1453 post
1972 1369 2297 1453 legemus:
2358 1371 2503 1430 Lex
2562 1371 2740 1429 sociis

407 1482 676 1539 nominis
731 1480 972 1552 Latini,
1037 1482 1148 1557 qui
1201 1481 1452 1559 stirpem
1516 1500 1595 1539 ex
1655 1500 1773 1539 sese
1832 1480 2000 1541 domi
2048 1481 2455 1558 reliquerant,
2526 1474 2739 1547 dabat,

405 1585 686 1669 itemque
743 1608 798 1651 c.
839 1584 901 1660 9,
944 1583 1059 1649 ubi
1101 1607 1270 1650 nova
1313 1586 1420 1651 lex
1461 1584 1737 1650 iniuriae
1781 1584 2103 1651 tollendae
2144 1606 2341 1649 causa
2380 1582 2518 1647 lata
2564 1602 2741 1645 com-

405 1705 821 1759 memoratur:
875 1698 999 1765 Qua·
1028 1697 1182 1757 socii
1218 1699 1489 1757 nominis
1532 1696 1764 1755 Latini
1800 1696 1925 1773 ipsi
1965 1697 2341 1772 maioresque
2382 1712 2607 1753 eorum
2654 1692 2740 1750 M.

411 1804 674 1867 Claudio
729 1807 804 1867 T.
847 1806 1136 1875 Quinctio
1175 1802 1521 1866 censoribus
1571 1811 1779 1881 postve
1834 1804 2007 1883 capud
2048 1804 2235 1863 socios
2286 1802 2570 1862 nominis
2613 1800 2741 1859 La·
2851 1836 2852 1853 2

409 1915 537 1975 tini
573 1915 742 1973 censi
790 1920 1002 1985 essent,
1055 1922 1131 1974 ut
1173 1932 1378 1973 omnes
1431 1914 1503 1973 in
1552 1932 1727 1971 suam
1774 1913 2024 1991 quisque
2066 1914 2377 1971 cim'tatem
2428 1917 2586 1969 ante
2632 1908 2739 1971 Ca-

405 2022 620 2083 lendas
661 2020 1010 2083 Novembris
1050 2021 1344 2093 redirent,
1385 2040 1515 2081 non
1556 2021 1733 2079 sociis
1772 2041 1848 2079 ac
1894 2022 2165 2081 nominis
2212 2020 2471 2079 Latinis
2525 2026 2595 2079 et
2636 2020 2745 2097 qui

407 2131 560 2189 socii
603 2150 679 2189 ac
716 2132 988 2190 nominis
1033 2130 1278 2199 Latini,
1322 2126 1496 2209 quod
1544 2125 1651 2189 edi
1690 2125 1870 2189 solet.
1955 2126 2061 2189 De
2103 2123 2512 2191 Samnitibus
2567 2122 2741 2187 Peli-

407 2236 682 2321 gnisque
724 2235 882 2321 quid
931 2245 1190 2300 senatus
1218 2232 1515 2310 decrerit,
1549 2232 1780 2299 Livius
1821 2256 1950 2298 non
1982 2244 2197 2299 narrat
2220 2256 2433 2318 neque
2471 2232 2547 2297 id
2572 2254 2740 2317 opus

407 2354 561 2411 erat.
640 2345 702 2409 N
705 2369 806 2411 am
861 2344 1082 2429 dispar
1123 2355 1260 2409 erat
1311 2365 1509 2407 causa
1558 2342 1941 2407 Latinorum
1996 2352 2061 2407 et
2112 2354 2475 2407 ceterorum
2524 2342 2739 2406 socio-

405 2476 571 2517 rum.
651 2454 775 2530 Illi,
835 2454 949 2537 qui
1005 2452 1088 2517 ad
1147 2451 1469 2517 civitatem
1524 2452 1899 2537 pervenisse
1958 2450 2351 2527 viderentur,
2410 2451 2543 2516 nisi
2595 2451 2741 2533 lege

403 2561 534 2626 lata
591 2562 660 2624 in
725 2561 1010 2626 colonias
1063 2560 1298 2624 remitti
1352 2582 1482 2625 non
1538 2572 1853 2647 poterant,
1913 2580 2181 2644 eamque
2241 2559 2457 2645 legem
2519 2558 2740 2623 afferri

407 2669 778 2754 oportebat3
848 2669 1080 2734 horum
1139 2669 1252 2753 qui
1305 2668 1373 2732 in
1425 2669 1709 2733 colonias
1752 2667 2019 2733 Latinas
2078 2668 2483 2742 transierant,
2544 2666 2741 2731 etiam

411 2778 548 2843 sine
591 2777 1147 2843 senatusconsulto
1191 2778 1274 2845 ab
1319 2777 1421 2851 iis,
1468 2778 1579 2862 qui
1622 2777 1843 2841 Italiae
1880 2786 2235 2863 praeerant,
2280 2775 2547 2861 oppidis
2606 2774 2741 2839 suis

408 2884 844 2951 reddebantur
901 2910 1022 2951 nec
1079 2886 1362 2952 dubitari
1424 2885 1648 2963 debet,
1712 2907 1859 2951 cum
1920 2895 2127 2949 totum
2182 2883 2459 2949 iniuriae
2524 2904 2771 2969 genus-

410 2995 611 3059 semel
667 2995 928 3081 publice
977 3006 1318 3061 tractatum
1375 3008 1570 3070 esset,
1632 2994 1791 3077 quin
1829 2993 2243 3079 magistratus
2286 2992 2574 3059 Romani
2624 3014 2741 3056 sua

411 3113 636 3189 sponte
683 3103 938 3169 obviam
979 3104 1232 3169 iverint.

579 3211 715 3277 Sed
759 3213 948 3277 etiam
1001 3213 1126 3277 alia
1173 3211 1254 3279 de
1297 3212 1422 3277 hoc
1468 3210 1835 3275 Latinitatis
1880 3210 2042 3287 iure,
2092 3210 2267 3294 quod
2324 3210 2733 3295 exponimus,

409 3318 630 3403 opinio
672 3318 1026 3384 refellenda
1067 3330 1200 3384 est.
1261 3320 1321 3383 N
1323 3342 1407 3385 on
1443 3320 1677 3404 loquor
1720 3320 1801 3384 de
1830 3316 2167 3403 Savignio,
2214 3318 2325 3403 qui
2354 3318 2455 3401 (in
2483 3315 2729 3403 Opusc.

409 3450 544 3493 var.
584 3427 663 3491 T.
699 3428 804 3493 III
847 3451 911 3513 p.
956 3428 1108 3514 299)
1167 3429 1332 3493 hanc
1381 3428 1657 3493 civitatis
1718 3427 2171 3515 adipiscendae
2225 3427 2541 3492 rationem
2587 3426 2727 3509 lege

407 3537 578 3623 Iulia
623 3536 939 3603 sublatam
989 3548 1181 3621 atque
1221 3537 1386 3603 illud
1440 3560 1559 3624 pro
1608 3560 1685 3603 ea
1732 3536 2176 3601 introductum
2219 3558 2363 3601 esse
2403 3545 2611 3620 putat,
2658 3544 2729 3597 ut

409 3645 890 3731 magistratibus
939 3645 1432 3731 municipalibus
1488 3645 1793 3731 gerendis
1846 3644 2071 3709 civitas
2128 3643 2559 3719 obtineretur,
2604 3664 2729 3726 qua

413 3753 494 3819 de
536 3777 606 3819 re
663 3755 858 3840 paulo
918 3756 1086 3819 infra
1145 3778 1354 3841 pauca
1407 3753 1902 3839 disputabimus.
1981 3750 2116 3817 Sed
2158 3752 2301 3817 Nic.
2346 3750 2722 3836 Madvigius

410 3862 492 3927 de
543 3862 686 3929 iure
735 3864 941 3929 colon.
1001 3864 1098 3950 (in
1143 3860 1394 3949 Opusc.
1433 3861 1643 3929 Acad.
1686 3864 1721 3929 I
1766 3886 1830 3949 p.
1876 3862 2029 3943 272)
2088 3871 2467 3946 perpetuam
2526 3858 2721 3923 fuisse

405 3972 620 4057 legem
671 3982 886 4057 negat,
944 3994 1072 4057 qua
1127 3970 1362 4036 Livius
1423 3971 1695 4049 Latinis,
1754 3972 1865 4057 qui
1918 3971 1989 4035 in
2050 3969 2277 4035 urbem
2322 3969 2718 4051 migrassent,

411 4080 736 4166 civitatem
796 4079 1012 4145 datam
1063 4102 1208 4145 esse
1269 4079 1513 4155 scribit,
1562 4102 1683 4145 nec
1738 4080 1997 4144 omnino
2038 4078 2301 4143 credere
2347 4078 2605 4143 videtur
2642 4073 2715 4137 de

407 4188 536 4265 illa,
585 4210 750 4273 quae
795 4187 1048 4253 Latinis
1109 4187 1322 4264 fuerit,
1369 4188 1649 4253 civitatis
1688 4188 2017 4253 Romanae
2068 4186 2501 4272 possessione,
2540 4182 2717 4249 cuius

409 4320 570 4361 usus
629 4308 840 4361 certae
901 4296 1176 4362 alicuius
1233 4294 1645 4361 habitationis
1716 4295 2093 4361 condicione
2152 4294 2456 4359 astrictus
2512 4291 2711 4359 fuerit.

409 4404 550 4469 Nec
589 4418 760 4471 certe
803 4405 1166 4491 promiscue
1212 4404 1465 4467 Latinis
1508 4405 1781 4471 Romam
1818 4402 2287 4488 commigrandi
2330 4401 2713 4484 civitatisque
