2917 5017
636 275 720 326 De
755 273 925 326 Gallia
959 275 1310 328 Romanorum
1344 277 1604 343 provincia
1640 279 1917 342 appendix.
2310 275 2428 342 157

167 440 418 506 videatur
456 436 534 504 ab
577 437 798 514 altera,
840 438 908 501 in
953 447 1130 502 tanta
1172 449 1384 503 tamen
1427 447 1493 502 et
1534 441 1897 524 argumenti
1946 440 2323 508 difficultate
2368 452 2433 507 et

167 549 402 612 virorum
445 547 734 632 ipsorum
773 547 1148 612 auctoritate
1191 557 1256 610 et
1292 545 1655 611 libellorum
1694 549 2052 614 eruditione
2100 551 2153 615 si
2194 549 2431 615 nostris

166 654 400 720 contenti
457 655 604 719 illos
667 654 1212 739 neglexissemus,
1279 654 1631 718 verendum
1686 677 1828 721 esse
1883 658 2249 742 putavimus
2268 705 2287 734 ,
2349 681 2431 723 ne

164 786 414 847 magnam
457 762 851 846 quaestionis
894 773 1140 847 partem
1175 763 1513 848 reliquisse
1557 787 1633 829 ac
1675 764 1847 847 quod
1892 764 2275 832 deberemus
2314 789 2430 852 pa-

160 896 276 936 rum
312 871 658 946 absolvisse
701 870 1090 934 videremur.
1173 870 1518 938 Transibit-
1548 872 1735 938 etiam
1778 873 1977 938 oratio
2016 897 2125 950 ec,
2188 885 2261 940 ut
2302 897 2431 939 non

161 978 514 1072 ampliusde
557 977 834 1044 Caesare
881 989 944 1043 et
983 978 1313 1064 Pompeio,
1362 981 1479 1046 scd
1518 990 1593 1046 ut
1632 981 1713 1044 de
1756 981 2065 1046 universa
2101 981 2434 1069 republica

158 1091 404 1153 Romana
457 1097 690 1172 agatur
739 1086 1044 1170 quodque
1096 1085 1180 1150 ad
1233 1089 1446 1154 omnia
1502 1089 1753 1175 imperii
1812 1090 2085 1154 Romani
2146 1102 2433 1176 tempora

157 1196 458 1282 pertineat,
519 1195 601 1261 ab
653 1195 1022 1260 coniectura
1074 1219 1298 1280 parum
1355 1220 1509 1262 vera
1563 1198 1967 1264 liberandum
2018 1199 2120 1262 sit..
2208 1199 2433 1282 Neque

161 1327 282 1368 vero
317 1326 472 1388 quae
514 1303 976 1389 scripseramus
1013 1313 1261 1369 mutare
1297 1305 1766 1392 inserendaque
1806 1309 2157 1372 alienarum
2188 1306 2434 1392 opinio-

156 1438 278 1477 num
333 1413 714 1478 refutatione
773 1423 1058 1476 nostram
1123 1412 1621 1499 disputationem
1682 1415 2057 1500 perturbare
2120 1414 2431 1500 placebat.

159 1521 336 1602 Quare
374 1532 598 1585 nostra
637 1542 802 1604 quae
849 1543 1044 1606 supra
1081 1520 1421 1606 leguntur,
1468 1525 1683 1607 qualia
1722 1524 2207 1608 scripseramus,
2254 1523 2433 1587 nullo

159 1630 314 1695 verbo
353 1640 464 1694 aut
507 1629 729 1692 addito
771 1640 881 1693 aut
923 1629 1181 1714 dempto
1225 1630 1463 1694 intacta
1509 1632 1907 1716 reliquimus,
1954 1632 2071 1696 sed
2110 1633 2275 1698 hanc
2318 1653 2433 1716 ap-

169 1738 448 1822 pendicem
507 1737 792 1801 criticam
853 1737 1206 1802 adiecimus
1225 1783 1240 1812 ,
1301 1760 1430 1821 qua
1488 1739 1883 1825 superiorem
1934 1738 2433 1825 disputationem

167 1847 299 1929 quasi
336 1848 745 1932 exploremus
789 1867 1084 1929 quaeque
1125 1869 1164 1910 a
1204 1845 1359 1910 viris
1401 1847 1793 1912 doctissimis
1844 1859 2067 1914 contra
2109 1849 2433 1923 dicuntur,

162 1955 614 2040 diligentissime
658 1975 1214 2039 perse-queremur.

286 2062 570 2129 Habebit
591 2072 808 2126 autem
833 2061 1184 2146 disputatio
1205 2073 1424 2128 nostra
1449 2076 1701 2149 praeter
1722 2074 2175 2148 argumentum
2197 2063 2433 2149 ipsum,

153 2173 216 2235 de
251 2194 366 2256 quo
409 2171 663 2256 agitur,
721 2193 1022 2255 magnam
1069 2181 1134 2234 et
1171 2171 1511 2240 utilitatem
1557 2181 1620 2236 et
1660 2172 2095 2237 auctoritatem
2142 2174 2226 2237 ad
2270 2174 2435 2239 duas

149 2281 573 2344 res-maximas
620 2277 1183 2354 demonstrandas,
1235 2301 1399 2362 quae
1441 2301 1589 2342 cum
1636 2279 1882 2344 soleant
1922 2280 1989 2343 in
2032 2279 2157 2344 hoc
2199 2302 2435 2364 genere

148 2389 557 2470 quaestionum
599 2387 1032 2452 commendari
1069 2409 1146 2452 ac
1182 2387 1485 2473 praecipi,
1522 2387 1715 2450 nimis
1753 2397 1965 2451 tamen
2004 2388 2191 2452 facile
2228 2388 2435 2474 negli-

149 2508 374 2581 guntur.
467 2496 754 2572 Etenim,
802 2496 856 2560 si
892 2496 1220 2562 veteribus
1262 2494 1659 2580 temporibus
1700 2517 1865 2578 quae
1906 2508 2049 2560 acta
2094 2497 2241 2573 sint,
2286 2521 2436 2563 nar-

148 2615 352 2682 rentur,
395 2604 560 2689 quid
607 2603 813 2688 magis
853 2604 1064 2668 caveri
1105 2601 1362 2679 iubent,
1414 2626 1609 2687 quam
1658 2626 1739 2666 ne
1782 2602 1863 2666 ab
1909 2605 2281 2670 auctoribus
2324 2605 2436 2690 qui

152 2712 524 2777 tradiderunt
585 2711 959 2777 desciscas?
1041 2711 1328 2777 Difficile
1391 2710 1560 2774 enim
1620 2712 1879 2775 omnino
1942 2713 2115 2776 factu
2174 2723 2304 2788 est,
2366 2722 2440 2776 ut

153 2818 374 2904 impune
436 2843 598 2906 prae
655 2831 768 2884 tua
826 2819 1138 2905 sapientia
1198 2829 1448 2884 veteres
1508 2829 1803 2894 auctores
1850 2830 2219 2884 contemnas
2238 2869 2251 2894 ,
2310 2813 2437 2884 non

157 2939 362 2994 tantum
409 2929 641 3007 bonos,
685 2951 962 3012 quorum
1005 2949 1126 2992 nec
1173 2926 1336 2991 fides
1383 2950 1505 2992 nec
1548 2927 1833 3003 scientia,
1878 2929 2003 2994 nisi
2049 2949 2437 3014 magnopere

151 3035 238 3100 tibi
274 3017 414 3124 ipse
449 3038 734 3123 placeaS,
777 3035 912 3100 ullo
955 3035 1146 3100 modo
1189 3035 1390 3120 possit
1433 3036 1752 3112 incusari,
1802 3059 2025 3101 verum
2068 3037 2259 3100 etiam
2303 3059 2438 3100 me-

149 3143 382 3211 diocres.
467 3145 682 3212 Tanta
723 3155 822 3210 est
862 3155 1228 3208 nostrorum
1273 3165 1526 3208 morum
1568 3154 1761 3227 atque
1804 3143 2245 3208 institutorum
2290 3167 2439 3208 cum

149 3253 439 3319 veteribus
495 3252 964 3339 discrepantia,
1019 3261 1196 3317 tanta
1241 3252 1665 3338 plurimorum
1723 3252 1837 3336 qui
1886 3252 1998 3316 illa
2042 3253 2442 3318 tradiderunt

151 3359 468 3446 diligentia.
557 3361 752 3426 Errat
816 3360 1006 3425 etiam
1063 3359 1252 3424 facile
1309 3359 1627 3424 iudicium
1645 3405 1662 3435 ,
1726 3371 1799 3423 ut
1856 3382 2007 3424 eum
2063 3383 2251 3444 quem
2312 3383 2439 3426 non

152 3467 353 3536 debeas
395 3468 940 3536 contemnendum
985 3490 1130 3532 esse
1169 3478 1359 3552 putes
1398 3489 1601 3552 eoque
1646 3468 1853 3554 magis
1894 3468 1949 3532 si
1982 3491 2128 3533 cum
2164 3469 2245 3534 iis
2278 3491 2441 3553 quae

151 3575 258 3660 ipse
317 3578 650 3645 inveneris
715 3599 1006 3663 pugnare
1074 3575 1390 3641 videatur.
1495 3575 1715 3641 Veluti
1742 3656 1747 3660 .
1777 3575 2009 3640 horum
2072 3577 2139 3640 in
2204 3576 2442 3661 quibus

155 3684 468 3772 disputatio
513 3698 734 3752 nostra
767 3695 1082 3761 versatur,
1129 3696 1489 3770 temporum
1531 3685 1663 3748 duo
1704 3694 1950 3748 tantum
1994 3693 2212 3748 extant
2250 3685 2443 3771 paulo

155 3796 507 3880 copiosiores
553 3818 629 3860 ac
669 3795 964 3881 perpetui
1011 3803 1436 3872 enarratores,
1482 3794 1615 3860 Dio
1660 3791 1932 3860 Cassius
1976 3803 2040 3857 et
2078 3793 2442 3878 Appianus.

153 3901 419 3982 Quorum
486 3914 758 3988 uterque
825 3903 978 3987 quia
1021 3902 1272 3969 Graece
1343 3903 1639 3988 scripsit,
1704 3902 1889 3985 quasi
1952 3901 2275 3966 Romanas
2338 3923 2444 3966 res

153 4013 452 4089 nescierit,
509 4034 550 4077 a
587 4010 976 4096 quibusdam
1030 4013 1459 4077 contemnitur
1477 4059 1493 4087 ,
1551 4009 1928 4096 praesertim
1990 4009 2045 4072 si
2093 4031 2221 4094 qua
2262 4011 2331 4074 in
2375 4032 2445 4073 re

155 4117 216 4181 ab
255 4118 564 4190 Cicerone
616 4121 722 4184 vel
767 4117 1046 4186 Caesare
1103 4119 1528 4186 dissentiendi
1578 4119 1860 4204 speciem
1912 4117 2229 4202 praebeat.
2310 4116 2445 4182 Nos

157 4247 283 4291 vero
335 4252 466 4293 non
523 4227 716 4294 modo
757 4227 1166 4314 Appianum,
1233 4227 1420 4293 cuius
1468 4226 1784 4292 bellorum
1836 4225 2124 4290 civilium
2180 4224 2447 4290 historia

159 4333 267 4399 fere
313 4336 564 4401 laudari
619 4337 810 4412 solet,
873 4358 1098 4400 verum
1151 4335 1342 4400 etiam
1386 4335 1670 4400 Dionem
1714 4335 1991 4400 fatemur
2035 4333 2099 4397 in
2146 4331 2445 4399 Caesaris
