2917 5017
780 379 784 385 '
836 373 920 424 De
955 375 1328 440 propagatione
1363 375 1581 426 civitatis
1614 375 1895 428 Romnae.
2404 371 2523 438 361

192 535 430 614 detur3
485 561 634 604 nam
701 537 756 602 si
817 535 992 602 domi
1053 534 1285 601 nobilis
1333 546 1469 600 erat
1528 535 1759 621 (idque
1812 535 1965 602 inde
2022 549 2123 603 est
2176 535 2529 623 probabile,

191 644 378 729 quod
441 645 702 733 hospitii
757 645 898 709 iure
955 666 1102 708 cum
1148 643 1561 708 Metellorum
1610 644 1855 710 familia
1900 645 2283 710 coniunctus
2325 646 2529 712 fuisse
2606 691 2613 697 κ

191 753 443 818 dicitur
487 777 524 814 a
571 753 916 818 Plutarcho
959 751 1126 816 Mar.
1171 751 1262 835 8),
1307 752 1431 818 iam
1482 775 1520 816 a
1568 752 1919 820 maioribus
1982 765 2309 840 acceptam
2370 754 2529 820 civi-

190 872 396 926 tatem
439 861 796 927 Romanam
842 861 1153 937 habebat3
1213 860 1310 924 sin
1371 860 1697 946 ignobilia,
1752 863 1991 927 virtute
2050 863 2118 926 id
2172 863 2528 950 praemium

199 983 531 1036 meruerat
571 981 760 1054 atque
809 969 1000 1034 etiam
1041 970 1179 1054 ipse
1217 969 1300 1032 ad
1345 969 1623 1034 honores
1664 970 2085 1056 municipales
2127 982 2527 1057 pervenerat.

195 1079 526 1164 Magnum
581 1079 751 1142 enim
805 1079 1066 1142 omnino
1114 1077 1181 1141 in
1229 1078 1513 1142 exercitu
1572 1078 1787 1142 locum
1832 1078 2109 1156 tenebat,
2161 1079 2527 1165 praefectus

185 1186 456 1251 fabrum
501 1209 540 1251 a
575 1187 928 1252 Plutarcho
969 1187 1012 1250 1.
1051 1185 1093 1248 1.
1141 1186 1517 1271 appellatur,
1572 1186 1839 1272 regebat
1886 1189 2247 1273 complures
2303 1200 2528 1254 centu-

189 1296 438 1372 riones,
485 1295 848 1380 complures
895 1294 1189 1359 tribunos
1235 1294 1530 1371 militum,
1586 1312 1659 1360 ut
1703 1296 1877 1360 omni
1924 1296 2165 1360 ratione
2220 1320 2339 1383 pro
2386 1298 2528 1362 cive

185 1405 490 1469 Roman-o
536 1404 876 1475 habendus
929 1403 1028 1468 sit.
1113 1404 1324 1467 Aliter
1363 1403 1567 1488 igitur
1620 1402 1794 1468 hunc
1836 1409 2025 1468 civem
2070 1429 2147 1468 ex
2191 1410 2381 1469 Latio
2426 1406 2527 1470 in-

185 1513 422 1598 telligo
467 1535 546 1576 ac
590 1511 880 1597 plerique
925 1511 1048 1576 viri
1095 1512 1290 1587 docti,
1327 1511 1441 1596 qui
1465 1511 1683 1576 Latini
1724 1511 1887 1576 iuris
1926 1511 2295 1598 Turpilium
2318 1513 2525 1580 fuisse

181 1632 499 1710 putantes
541 1619 632 1684 ita
674 1621 1193 1706 interpretantur,
1237 1629 1310 1684 ut
1351 1623 1583 1684 Latini
1618 1624 1774 1684 cives
1818 1622 2223 1707 appellantur
2266 1623 2333 1686 in
2378 1645 2525 1690 aere

185 1729 590 1795 Malacitano
623 1750 762 1813 cap.
785 1727 971 1804 LIII,
1019 1728 1072 1792 si
1114 1751 1269 1794 vera
1307 1728 1399 1793 ibi
1445 1739 1543 1794 est
1588 1728 1779 1793 lectio
1804 1753 1925 1796 nec
1966 1731 2309 1818 sculptoris
2336 1731 2525 1818 eulpa

183 1837 586 1904 vocabulum
635 1841 790 1900 cives
827 1837 992 1900 male
1037 1837 1376 1921 repetitum
1421 1847 1539 1902 est.
1623 1837 1843 1918 Quare
1890 1861 2039 1904 cum
2081 1838 2161 1915 is,
2204 1840 2317 1925 qui
2362 1841 2523 1906 civi-

186 1958 392 2012 tatem
436 1946 789 2010 Romanam
833 1945 974 2008 iure
1031 1945 1324 2030 suffragii
1375 1956 1436 2009 et
1490 1946 1807 2010 honorum
1864 1957 2183 2012 carentem
2230 1947 2525 2026 habebat,

187 2057 260 2120 in
307 2055 478 2121 bello
525 2077 601 2118 ac
643 2076 852 2139 poena
887 2053 1154 2118 inferior
1195 2075 1338 2118 esse
1382 2053 1637 2118 dicatur
1666 2055 1918 2120 civibus
1944 2055 2251 2120 Romanis
2290 2057 2529 2142 optimo

189 2164 340 2228 iure
397 2163 706 2248 praeditis
771 2167 1009 2247 (neque
1071 2163 1240 2228 enim
1309 2162 1444 2226 ulla
1498 2161 1739 2248 insigni
1793 2163 2171 2230 crudelitate
2222 2163 2529 2230 Metellus

191 2295 362 2338 usus
409 2283 527 2350 est,
577 2272 692 2337 sed
735 2272 980 2336 invitus
1025 2271 1350 2336 hominem
1396 2269 1874 2348 condemnarat,
1932 2271 2097 2357 legis
2152 2273 2530 2338 necessitate

193 2380 515 2466 coactus),
564 2381 734 2445 effici
778 2380 1098 2455 videatur,
1155 2391 1228 2442 ut
1278 2378 1475 2443 Livia
1516 2378 1627 2443 illa
1667 2378 1771 2442 lex
1812 2390 1923 2443 aut
1966 2401 2093 2443 non
2138 2379 2377 2464 perlata
2420 2392 2533 2445 aut

193 2514 328 2554 non
380 2500 758 2556 conservata
815 2489 899 2554 sit
953 2498 1062 2553 aut
1121 2488 1398 2572 denique
1453 2487 1578 2552 alio
1636 2487 2037 2574 pertinuerit.
2123 2487 2531 2574 Quamquam

195 2609 421 2685 postea
463 2621 633 2664 anno
681 2599 753 2662 51
809 2598 904 2662 M.
946 2597 1298 2664 Marcellus
1347 2619 1474 2662 cos.
1519 2598 1819 2662 colonum
1862 2594 2249 2662 Comensem
2294 2619 2375 2662 ex
2399 2597 2532 2662 La-

191 2708 334 2772 tina
379 2707 644 2784 colonia,
691 2706 802 2790 qui
865 2705 1042 2790 apud
1087 2726 1238 2769 suos
1283 2705 1526 2770 honore
1575 2717 1759 2790 gesto
1811 2705 2131 2770 civitatem
2174 2705 2531 2771 Romanam

193 2817 480 2902 adeptus
524 2827 679 2891 erat,
736 2814 939 2897 virgis
996 2812 1246 2888 cecidit,
1291 2813 1465 2895 quod
1524 2815 1731 2878 civem
1778 2834 1921 2876 esse
1964 2823 2251 2898 negaret.
2340 2813 2529 2878 Hanc

199 2948 472 3012 poenam
517 2945 846 3007 nunquam
895 2921 1020 2987 civi
1048 2921 1338 2985 Romano
1379 2919 1585 3005 infligi
1628 2919 1721 2982 ait
1758 2919 1932 3004 App.
1960 2918 2108 2984 bell.
2138 2918 2259 2983 civ.
2292 2919 2381 2994 ΙΙ,
2410 2920 2530 2998 26;

203 3031 442 3118 Cicero
483 3033 565 3095 ad
611 3033 750 3096 Att.
787 3031 870 3107 V,
919 3035 1014 3108 11,
1057 3030 1096 3094 2
1140 3029 1206 3092 in
1265 3028 1406 3094 cive
1450 3027 1871 3114 illegitimam,
1930 3027 1995 3090 in
2038 3026 2275 3092 Latino
2320 3039 2559 3094 tamen.

199 3142 532 3208 crudelem
567 3141 774 3205 fuisse
803 3138 1138 3226 significat.
1185 3139 1372 3220 Quae
1395 3146 1543 3201 utut
1565 3159 1709 3202 esse
1741 3134 2154 3199 coniiciemus
2178 3139 2281 3218 (ac
2306 3136 2533 3204 dubito

201 3251 364 3316 num
405 3251 574 3315 ultra
635 3248 1067 3312 coniecturam
1113 3247 1419 3333 progredi
1478 3245 1717 3330 liceat),
1770 3243 1931 3308 illud
1988 3255 2158 3310 certe
2212 3244 2535 3332 intellige·-

201 3381 372 3434 mus,
418 3357 484 3422 in
523 3358 644 3422 hoc
686 3379 1038 3443 poen-arum
1066 3377 1302 3442 genere
1333 3355 1605 3419 Latinos
1650 3353 1905 3418 civitate
1930 3353 2221 3418 Romana
2258 3365 2534 3431 utentes,

197 3467 500 3552 quamvis
563 3465 816 3532 civibus
875 3465 1114 3550 optimo
1191 3465 1332 3528 iure
1393 3462 1701 3548 praeditis
1772 3461 2103 3538 cederent,
2168 3462 2543 3550 superiores·

201 3576 408 3640 fuisse
455 3575 720 3659 reliquis
771 3573 1046 3638 Latinis.
1117 3569 1251 3638 Sed
1295 3571 1453 3635 haec
1499 3571 1759 3654 quidem
1797 3570 2045 3634 minora
2088 3582 2267 3634 erant
2306 3570 2371 3634 in
2409 3571 2532 3636 hac

207 3683 499 3748 civitate:
545 3683 710 3747 illud
754 3683 946 3768 longe
989 3680 1218 3757 maius,
1259 3678 1433 3764 quod
1479 3679 1729 3764 privata
1768 3678 1953 3762 quasi
1976 3688 2111 3742 tota
2150 3687 2329 3763 parte
2370 3677 2531 3741 civi-

203 3792 352 3857 tatis
396 3792 724 3856 Romanae
767 3790 1134 3865 utebantur,
1173 3789 1288 3874 qui
1334 3811 1413 3852 ex
1453 3786 1707 3852 Latinis
1746 3787 1921 3852 cives
1965 3785 2119 3850 facti
2158 3794 2359 3858 erant,
2402 3783 2445 3847 i.
2474 3806 2529 3848 6.

207 3900 528 3966 connubio
569 3910 634 3962 et
661 3898 1062 3975 commerciO,
1101 3920 1229 3982 quo
1267 3897 1549 3980 reliquos
1578 3895 1845 3959 Latinos
1885 3895 2168 3958 caruisse
2214 3892 2529 3958 existim0.

206 4009 422 4090 Quam
481 4031 615 4072 rem
675 4008 730 4072 si
775 4007 1040 4072 uberius
1089 4004 1388 4091 persequi
1433 4004 1688 4080 vellem,
1733 4003 1935 4067 multa
1976 4010 2191 4066 essent
2234 3999 2530 4075 dicenda,

83 4123 87 4126 ’
203 4116 604 4181 instituenda
663 4115 850 4180 etiam
911 4116 992 4180 de
1049 4114 1192 4200 ipso
1247 4111 1569 4178 connubio
1624 4122 1811 4196 atque
1855 4109 2170 4195 imprimis
2216 4107 2298 4172 de
2356 4129 2529 4172 com-

209 4224 450 4289 mercio
491 4223 802 4307 quaestio,
847 4246 1042 4307 quam
1079 4223 1382 4307 quoniam
1409 4219 1489 4286 ab
1529 4221 1653 4286 hoc
1697 4217 2173 4292 commentario,
2210 4238 2341 4301 quo
2373 4213 2531 4278 civi-

177 4333 352 4398 ·tatis
418 4332 745 4396 Romanae
805 4331 1334 4417 propagationem
1395 4329 1717 4394 illustrare
1778 4327 2205 4413 suscepimus,
2260 4323 2529 4388 alienam

207 4463 354 4506 esse
401 4439 720 4516 videmus,
765 4438 1048 4504 breviter
1085 4437 1242 4524 quid
1291 4437 1665 4514 sentiamus,
1712 4436 2075 4523 significare
2119 4431 2412 4502 sufficiat.
