2917 5017
456 334 574 400 116
1105 333 1190 384 De
1223 329 1396 381 Gallia
1430 330 1785 380 Romanorum
1830 326 2108 392 provincia.

453 502 592 581 ipso
643 501 748 565 ius
805 500 870 564 in
934 497 1232 564 omnibus
1282 496 1629 583 provinciis
1684 493 1983 570 haberet,
2046 489 2355 576 quamdin
2410 485 2735 572 supervixit

455 609 802 694 Augustus
820 655 836 684 ,
883 607 1044 671 nulli
1081 605 1406 690 Augusti,
1445 604 1613 668 nulli
1654 601 1899 667 Tiberii
1947 599 2285 686 separatim
2330 605 2503 662 erant
2545 594 2736 679 legati,

455 719 572 784 sed
617 741 838 782 omnes
871 715 1160 802 Augusti
1195 725 1258 778 et
1285 713 1553 788 Tiberii,
1600 735 1730 797 qua
1778 711 1863 774 de
1906 733 1977 774 re
2018 709 2189 773 infra
2232 707 2421 792 plura
2456 706 2738 769 dicentur.

455 826 894 892 Veruntamen
955 824 1006 888 si
1052 822 1298 886 Tiberii
1357 821 1559 886 initiis
1606 820 1853 904 Illyrici
1906 819 2161 884 nomine
2204 814 2537 882 Pannonia
2594 835 2740 876 com·
2850 857 2852 912 ἦ

455 933 973 1020 prehendebatur
991 980 1008 1008 ‚
1076 930 1333 1015 quando
1397 954 1474 994 ea
1532 929 1825 1016 propriae
1889 925 2257 1014 provinciae
2318 924 2422 988 ius
2486 921 2741 1005 aceepit?
2850 923 2852 1008 ᾗ

458 1038 650 1106 Certe
695 1063 822 1106 non
863 1051 1008 1104 ante
1049 1063 1288 1106 annum
1331 1039 1412 1103 20
1457 1061 1521 1124 p.
1564 1035 1753 1113 Chr„
1813 1059 1943 1122 quo
1982 1059 2113 1101 eos.
2155 1035 2249 1099 Μ.
2286 1030 2547 1100 Valerio
2589 1029 2745 1093 Mes·
2850 1009 2852 1058 ἓ

459 1150 616 1214 salla
659 1159 724 1213 et
767 1148 860 1213 M.
905 1149 1178 1212 Aurelio
1221 1145 1414 1212 Cotta
1465 1147 1535 1210 in
1592 1147 1774 1210 fastis
1818 1142 2237 1210 Ostiensibus
2296 1139 2531 1225 (Orell.
2574 1139 2746 1218 6443)

459 1259 554 1322 sio
593 1269 880 1322 notatur:
949 1261 1002 1320 V
1021 1259 1149 1320 Gal.
1184 1261 1315 1319 Ian.
1350 1261 1588 1317 Drusus
1620 1256 2033 1334 triumphavit
2072 1275 2149 1312 ex
2183 1253 2449 1330 Illyrico,
2514 1247 2749 1310 Etenim

457 1366 722 1430 Drusus
744 1413 762 1442 ,
828 1364 1074 1429 Tiberii
1139 1365 1346 1440 filius,
1415 1383 1582 1428 anno
1644 1362 1715 1426 17
1775 1360 1843 1424 in
1896 1359 2229 1444 Illyricum
2290 1356 2619 1442 profectus
2672 1365 2752 1418 est
2850 1365 2852 1436 A

459 1473 697 1554 (Tacit.
741 1473 976 1537 Annal.
1014 1472 1102 1548 11,
1148 1473 1293 1553 44),
1339 1471 1516 1554 quod
1564 1468 1766 1534 Suevi
1814 1468 1895 1533 ab
1944 1465 2295 1532 Cheruscis
2338 1467 2754 1552 opprimeren-

458 1592 582 1657 tur,
625 1603 754 1666 quo
801 1591 1080 1666 tempore
1125 1578 1597 1654 Maroboduus,
1640 1579 2247 1642 Marcomannorum
2289 1598 2428 1650 rex,
2478 1588 2755 1660 receptus
2850 1597 2852 1720 ¹

460 1699 576 1752 est.
651 1689 1048 1754 Versabatur
1089 1687 1291 1774 igitur
1335 1709 1485 1752 eum
1526 1686 1795 1772 imperio
1834 1685 1917 1751 ad
1959 1683 2247 1748 Danubii
2294 1684 2501 1768 ripam
2540 1682 2607 1745 in
2638 1681 2756 1744 No-

457 1796 592 1860 rico
651 1807 715 1861 et
766 1796 1100 1863 Pannonia
1159 1795 1394 1879 (Tacit.
1431 1794 1592 1860 ibid.
1640 1819 1697 1860 e.
1740 1795 1885 1878 63),
1952 1793 2071 1858 sed
2124 1811 2259 1858 erat
2314 1803 2529 1856 tamen
2588 1790 2759 1854 etiam

459 1905 528 1970 in
569 1905 909 1980 Delmatia,
957 1902 1070 1968 ubi
1120 1902 1549 1970 Germanicus
1590 1904 1657 1967 in
1700 1903 1926 1968 Asiam
1969 1901 2385 1988 proficiscens
2434 1922 2585 1962 eum
2628 1898 2761 1962 visit
2850 1955 2852 1988 ᾧ

459 2011 644 2097 (Tae.
695 2035 750 2077 e.
797 2012 926 2095 53).
1010 2012 1231 2075 Rediit
1268 2012 1531 2076 Drusus
1584 2012 1653 2075 in
1712 2011 1939 2076 urbem
1983 2021 2245 2096 propter
2289 2018 2562 2072 mortem
2606 2003 2759 2070 Ger-

460 2121 728 2196 manioi,
793 2121 909 2183 sed
969 2120 1183 2183 denuo
1241 2119 1324 2184 ad
1365 2120 1663 2204 Illyricos
1722 2120 2043 2185 exereitus
2090 2119 2327 2182 missus
2376 2128 2477 2181 est
2520 2116 2760 2180 ineunte
2844 1989 2853 2238 ἡ

459 2252 628 2292 anno
669 2229 750 2294 20
797 2227 980 2313 (Tae.
1013 2227 1248 2291 Annal.
1273 2228 1398 2304 III,
1439 2229 1534 2310 7),
1582 2229 1696 2293 ubi
1739 2229 1894 2294 Piso
1936 2227 2001 2291 in
2045 2225 2368 2292 Delmatia
2413 2233 2761 2289 versantem
2851 2241 2852 2264 ³

459 2337 635 2401 adiit.
719 2336 948 2400 Nonne
993 2335 1196 2420 igitur
1237 2345 1528 2421 apertum
1570 2349 1687 2412 est,
1736 2347 1801 2400 et
1841 2335 2239 2400 Pannoniam
2286 2344 2351 2398 et
2387 2331 2761 2397 Delmatiam

461 2466 610 2508 eum
645 2445 928 2528 quinque
969 2442 1356 2528 legionibus,
1407 2465 1572 2527 quae
1618 2446 1685 2508 in
1726 2445 1805 2510 iis
1851 2454 2049 2518 erant,
2095 2442 2217 2508 sub
2255 2441 2584 2506 communi
2622 2439 2761 2522 Illy-

459 2552 577 2616 riei
629 2551 888 2616 nomine
941 2552 999 2615 ei
1055 2574 1196 2615 esse
1251 2551 1564 2616 traditas?
1652 2551 2213 2638 Triumphumque
2264 2550 2455 2635 paulo
2512 2557 2659 2634 post
2696 2569 2764 2611 ex

457 2659 721 2744 Illyrico
761 2659 895 2744 egit
935 2658 1120 2740 (Tac.
1143 2658 1379 2723 Annal.
1403 2660 1526 2736 ΙΙΙ,
1566 2661 1690 2745 19).
1768 2661 1997 2744 Neque
2035 2658 2397 2744 perturbari
2444 2656 2766 2728 debemus
2851 2671 2852 2742 ᾗ

459 2767 634 2850 quod
677 2766 982 2832 Tiberius
1037 2768 1174 2851 ipse
1227 2778 1372 2851 post
1419 2768 1663 2833 bellum
1720 2769 2168 2834 Pannonicum
2224 2766 2659 2851 triumphasse
2703 2787 2769 2826 ex
2851 2747 2852 2768 ³

462 2879 808 2940 Pannoniis
855 2875 1094 2940 dieitur
1135 2875 1202 2940 in
1247 2874 1611 2940 calendario
1652 2877 2070 2941 Praenestino
2086 2900 2105 2954 3
2160 2899 2309 2941 nam
2352 2885 2528 2939 reete
2572 2873 2665 2949 fit,
2706 2881 2767 2934 ut

460 3007 540 3048 ex
577 2985 838 3069 popu10,
881 2985 993 3068 qui
1037 2984 1278 3048 nullam
1319 2984 1460 3068 ipse
1500 2967 1893 3070 provinciam
1937 2985 2203 3060 efficiat,
2249 2983 2619 3068 triumphus
2662 3003 2764 3043 no-

459 3092 768 3170 minetur,
833 3092 947 3156 sed
1005 3102 1079 3155 ut
1129 3114 1210 3155 ex
1261 3092 1386 3155 alia
1428 3092 1763 3175 provincia
1800 3092 2165 3178 triumphus
2210 3091 2615 3168 nominetur,
2672 3088 2764 3153 alii
2851 3089 2852 3154 3

459 3200 570 3283 qui
607 3200 1026 3284 triumphavit
1058 3199 1427 3285 praefuerit,
1464 3199 1603 3263 fieri
1638 3222 1765 3264 non
1802 3209 2030 3285 potest.
2094 3199 2320 3283 Neque
2351 3199 2519 3262 illud
2552 3196 2761 3262 rationi
2850 3157 2852 3212 4

457 3319 714 3372 nostrae
753 3308 1151 3383 adversatur,
1189 3306 1365 3392 quod
1402 3306 1477 3371 P.
1503 3307 1843 3372 Dolabella
1881 3310 2071 3374 etiam
2110 3329 2260 3372 oum
2300 3307 2563 3372 adesset
2601 3305 2760 3370 Dru-

463 3438 596 3492 sus,
645 3417 713 3480 in
755 3416 1092 3502 provincia
1133 3416 1366 3480 mansit
1384 3439 1400 3492 3
1459 3427 1633 3480 certe
1680 3417 1943 3482 Iaderae
1988 3439 2138 3480 eum
2178 3439 2347 3481 anno
2391 3416 2464 3479 19
2520 3439 2584 3501 p.
2626 3411 2753 3478 Chr.

461 3524 664 3588 fuisse
721 3524 948 3588 titulus
1011 3524 1186 3610 apud
1243 3521 1442 3608 Spon.
1488 3523 1765 3588 Miscell.
1812 3525 1994 3588 erud.
2038 3525 2231 3608 antiq.
2281 3547 2342 3609 p.
2389 3524 2501 3590 181
2576 3523 2745 3586 docet.

462 3631 872 3717 Quamquam
927 3642 1143 3697 utrum
1197 3643 1352 3696 tuno
1395 3630 1642 3695 Tiberii
1698 3655 1780 3696 an
1822 3632 2029 3696 Drusi
2084 3633 2339 3717 legatus
2390 3632 2619 3708 fuerit,
2674 3630 2753 3692 in-

459 3750 704 3804 certum
747 3750 876 3816 est,
937 3741 1053 3804 sed
1099 3742 1370 3805 alterum
1417 3741 1543 3804 hoe
1584 3738 1983 3824 probabilius
2034 3763 2181 3806 oum
2222 3741 2376 3825 quia
2409 3739 2617 3804 Drusi
2656 3740 2759 3801 im·

458 3847 712 3931 perium
753 3846 1173 3925 GermanicO,
1223 3846 1344 3912 sub
1387 3871 1519 3932 quo
1554 3850 1767 3914 nullos
1812 3849 2056 3914 Tiberii
2096 3850 2345 3934 legatos
2390 3850 2459 3913 in
2504 3848 2758 3914 Germa·

461 3955 568 4020 nia
603 3955 806 4020 fuisse
847 3953 1116 4031 constat,
1153 3965 1495 4040 aequatum
1536 3979 1678 4022 esse
1720 3968 2045 4042 putamus,
2087 3969 2225 4022 tum
2252 3958 2425 4042 quod
2463 3959 2530 4021 in
2568 3957 2760 4029 titulo,

460 4083 653 4152 quem
709 4062 990 4128 diximus
1007 4110 1025 4140 ‚
1088 4068 1201 4144 leg.
1248 4086 1366 4145 pro
1404 4087 1507 4146 pr.
1522 4112 1541 4141 ‚
1598 4088 1724 4130 non
1778 4072 2020 4148 legatus
2071 4072 2351 4148 Augusti
2404 4067 2763 4152 appellatur.

459 4169 734 4234 Redisse
793 4182 1006 4236 autem
1048 4172 1450 4237 Dolabellam
1504 4174 1733 4239 eodem
1784 4175 1919 4239 fere
1966 4185 2251 4261 tempore
2308 4197 2437 4260 quo
2482 4175 2761 4238 Drusum

460 4278 756 4345 videmus
783 4303 862 4344 ex
890 4279 1116 4344 Tacito
1143 4280 1375 4344 Annal.
1397 4281 1523 4357 ΠΙ,
1556 4282 1656 4358 47,
1688 4283 1799 4366 qui
1826 4284 1953 4346 iam
1978 4305 2146 4347 anno
2174 4283 2245 4348 21
2282 4305 2429 4347 eum
2457 4282 2524 4346 in
2550 4290 2759 4346 senatu

459 4385 746 4452 Romano
781 4389 1044 4453 ‘dixisse
1099 4387 1312 4453 refert.
1399 4388 1587 4470 Quae
1636 4413 1786 4454 eum
1836 4392 1925 4455 ita
1963 4393 2123 4468 sint,
2184 4413 2353 4456 anno
2388 4391 2469 4456 20
2512 4414 2573 4476 p.
2618 4387 2758 4454 Chr.
