2917 5017
521 333 637 398 154
1171 336 1254 385 De
1291 335 1465 386 Gallia
1500 335 1851 384 Romanorum
1888 333 2165 398 provincia.

512 522 630 584 per
683 499 1014 564 biennium
1071 499 1206 562 fere
1263 496 1579 582 praefuit3
1642 518 1789 561 nam
1846 493 2100 580 excepit
2158 516 2305 558 eum
2358 494 2483 558 iam
2536 515 2683 558 anno
2718 495 2777 559 58

514 606 593 670 T.
637 603 952 671 Curtilius
995 605 1257 670 Mancia
1297 603 1486 689 (Tac.
1528 603 1703 668 Ann.
1748 603 1945 678 XIII,
1994 602 2133 680 56),
2182 603 2367 668 cuius
2414 603 2543 666 vita
2583 601 2781 686 reliqua
2850 591 2852 656 ἶ

517 724 614 779 est
655 715 955 800 ignotior.
1039 713 1176 778 Nec
1219 712 1477 798 quando
1524 710 1853 796 provincia
1892 710 2143 786 abierit,
2185 709 2479 785 traditur,
2524 709 2633 774 sed
2666 733 2781 773 cum

515 823 744 888 eodem
781 824 916 888 fere
959 834 1240 906 tempore
1283 821 1516 895 inierit,
1567 841 1696 903 quo
1738 819 1802 882 in
1849 818 2153 884 inferiore
2187 816 2537 884 Germania
2562 818 2781 883 Dubius

517 931 778 1006 Avitus,
821 930 1178 994 decessisse
1220 928 1410 994 etiam
1449 951 1583 992 una
1618 949 1765 990 cum
1804 926 1925 990 hoc
1966 924 2236 990 coniicio
2275 925 2475 1009 idque
2502 947 2575 990 eo
2599 927 2787 1008 magis,

515 1039 690 1123 quod
762 1050 1094 1121 utramque
1161 1035 1575 1102 Germaniam
1642 1045 2027 1120 acceperunt
2094 1032 2420 1097 Scribonii
2484 1034 2685 1098 Rufus
2746 1047 2789 1096 et

517 1147 866 1222 Proculus,
910 1148 1140 1212 fratres
1183 1145 1449 1230 egregia
1496 1143 1837 1207 concordia
1878 1141 2161 1232 nobiles,
2226 1140 2341 1206 sed
2384 1143 2571 1208 nobis
2605 1165 2789 1227 parum
2850 1133 2852 1200 ἶ

515 1255 672 1334 noti,
715 1256 830 1339 qui
866 1255 1020 1338 quia
1041 1253 1317 1318 Neronis
1361 1251 1791 1337 suspicionem
1832 1261 2180 1325 moverant,
2222 1273 2389 1314 anno
2414 1250 2499 1316 66
2536 1251 2601 1314 in
2628 1249 2791 1316 Grae·
2850 1237 2852 1252 ¹

517 1363 679 1428 ciam
721 1363 967 1428 evocati
1007 1371 1070 1426 et
1107 1361 1314 1426 necati
1355 1371 1507 1424 sunt
1533 1358 1762 1442 (Dion.
1788 1358 2049 1434 LXIII,
2083 1357 2211 1440 17).
2269 1359 2347 1422 In
2374 1381 2599 1422 eorum
2622 1359 2793 1424 locum

515 1471 697 1536 missi
753 1481 933 1546 sunt,
993 1469 1076 1533 ad
1129 1469 1497 1533 inferiorem
1552 1467 1941 1553 provinciam
1994 1466 2347 1552 regendam
2408 1465 2491 1530 C.
2530 1467 2795 1532 Fonteius
2850 1469 2852 1530 ἓ

517 1577 771 1663 Capito,
817 1600 947 1642 cos.
993 1576 1141 1640 anni
1185 1577 1286 1651 59,
1333 1576 1442 1659 qui
1488 1597 1633 1641 cum
1678 1575 1744 1638 in
1790 1575 2223 1658 suspicionem
2266 1574 2525 1659 imperii
2568 1576 2798 1641 affectati

515 1686 822 1760 venisset,
863 1684 1051 1749 iussu
1095 1683 1342 1749 Galbae
1387 1707 1554 1750 anno
1599 1685 1679 1749 68
1726 1683 1981 1747 occisus
2028 1696 2126 1746 est
2176 1682 2361 1768 (Tac.
2403 1683 2558 1748 hist.
2602 1685 2651 1760 Ι,
2690 1685 2721 1748 7
2756 1695 2798 1748 et

518 1795 628 1872 373
670 1795 790 1872 ΙΠ,
820 1794 932 1870 6⁴23
972 1793 1164 1858 Dion.
1183 1793 1438 1869 LXIV,
1456 1794 1549 1874 2),
1592 1793 1673 1857 ad
1703 1791 2091 1876 superiorem
2121 1790 2201 1854 L.
2219 1791 2581 1878 Verginius
2606 1793 2799 1868 Rufus,

517 1925 651 1969 coe.
693 1903 842 1966 anni
887 1904 989 1977 63,
1033 1902 1148 1986 qui
1191 1925 1337 1964 cum
1387 1900 1685 1966 Vindicis
1732 1899 2113 1964 seditionem
2158 1901 2617 1985 oppressisset,
2662 1901 2801 1966 tarde

515 2011 773 2076 Nerone
820 2010 1074 2074 deserto
1121 2010 1202 2074 ad
1249 2010 1500 2075 Galbae
1543 2019 1757 2095 partes
1802 2008 2141 2072 transierat
2184 2007 2463 2092 ideoque
2512 2032 2677 2075 novo
2713 2011 2801 2072 im-

515 2118 794 2204 peratori
861 2129 1203 2204 suspectus
1269 2118 1483 2202 specie
1543 2117 1857 2182 amicitiae
1910 2117 1979 2180 in
2012 2116 2263 2186 ,urbem
2322 2116 2651 2182 abductus
2704 2131 2803 2182 erat

517 2225 703 2310 (Tac.
728 2225 876 2290 hist.
901 2225 956 2300 1,
985 2226 1076 2309 8).
1143 2225 1320 2290 Huic
1357 2226 1571 2290 statim
1616 2226 1925 2290 suffectus
1966 2236 2064 2290 est
2108 2225 2537 2292 Hordeonius
2575 2227 2805 2290 Flaccus

517 2335 701 2420 (Tac.
725 2352 729 2356 ·
753 2332 902 2398 hist.
943 2334 1010 2410 I,
1063 2333 1102 2396 9
1147 2335 1304 2417 sq.),
1363 2334 1477 2418 qui
1520 2359 1559 2398 a
1599 2333 1999 2420 legionibus,
2055 2357 2327 2418 quarum
2374 2334 2807 2400 contumaciam

517 2454 815 2509 coercere
861 2464 990 2504 non
1031 2451 1296 2527 poterat,
1339 2442 1592 2507 occisus
1635 2453 1733 2506 est
1776 2441 1963 2528 (Tac.
2006 2441 2157 2506 hist.
2184 2443 2305 2518 IV,
2348 2443 2497 2522 36);
2548 2440 2808 2528 Capitoni

516 2551 602 2616 A.
644 2549 964 2624 Vitellius,
1011 2571 1142 2614 cos.
1185 2551 1336 2613 anni
1382 2552 1479 2626 48,
1528 2551 1845 2615 successit
1888 2551 2073 2634 (Tac.
2101 2551 2249 2616 hist.
2275 2551 2329 2627 I,
2356 2552 2447 2634 9),
2502 2552 2618 2636 qui
2653 2550 2809 2636 paulo

517 2669 662 2744 post
697 2657 1036 2742 imperium
1079 2657 1353 2742 adeptus
1393 2670 1512 2723 est.
1576 2658 1721 2740 ⁴Qui
1760 2682 1905 2724 cum
1942 2659 2008 2721 in
2043 2658 2270 2724 urbem
2308 2659 2807 2745 proficisceretur,

517 2789 709 2850 quem
765 2787 884 2830 suo
937 2765 1080 2830 loco
1125 2767 1490 2850 provinciae
1536 2767 1888 2852 praefecit?
1970 2766 2177 2832 Nemo
2222 2769 2596 2835 nominatur
2638 2792 2676 2834 a
2712 2767 2810 2830 Ta·
2850 2797 2852 2842 f

517 2875 675 2950 cito,
732 2874 844 2958 qui
887 2873 1144 2938 illorum
1189 2885 1548 2958 temporum
1595 2875 1925 2940 historiam
1969 2875 2157 2960 plene
2205 2875 2496 2960 scripsit,
2564 2875 2679 2942 sed
2719 2875 2812 2939 hoc

516 2994 764 3046 tantum
822 2982 1018 3046 habet
1067 2982 1238 3046 Hist.
1279 2984 1347 3048 H
1364 3030 1381 3060 ,
1433 2985 1512 3050 57
1576 3007 1791 3046 curam
1851 2988 2025 3064 rapae
2066 2987 2418 3048 Hordeonio
2466 2990 2691 3050 Flacco
2723 3007 2813 3046 esse
2850 3043 2852 3080 3

507 3094 888 3170 permissam.
1001 3091 1150 3156 Hoc
1216 3091 1374 3177 quid
1443 3091 1809 3177 significat?
1896 3092 2071 3156 Num
2134 3103 2323 3158 antea
2376 3095 2562 3180 ripae
2630 3116 2816 3159 curam

515 3197 758 3262 nullam
800 3195 1114 3263 habuerat
1156 3199 1434 3264 Flaccus
1453 3199 1483 3260 ⁴?
1552 3201 1644 3262 At
1688 3221 1953 3264 necesse
1998 3210 2131 3266 erat
2179 3199 2445 3265 haberet
2497 3205 2612 3286 qui
2652 3223 2813 3286 supe-

513 3305 750 3370 riorem
793 3303 1208 3372 Germaniam
1245 3318 1553 3372 tueretur.
1635 3306 1841 3373 Aliud
1882 3307 2085 3392 igitur
2122 3308 2281 3372 dicit
2316 3307 2615 3386 Tacitus,
2658 3309 2811 3374 nimi-
2850 3303 2852 3306 ⁴

513 3436 658 3478 rum
696 3413 839 3490 hoc,
881 3425 1221 3499 utramque
1264 3413 1679 3480 Germaniam
1721 3415 1780 3478 ei
1828 3437 1971 3480 esse
2016 3416 2439 3492 commissam,
2488 3441 2655 3502 quae
2690 3438 2805 3482 cum

516 3521 794 3587 maxima
851 3522 1180 3608 copiarum
1239 3546 1386 3608 pars
1443 3545 1592 3588 cum
1636 3521 1899 3588 Vitellio
1956 3523 2025 3586 in
2074 3523 2322 3588 Italiam
2379 3524 2657 3602 abisset,
2700 3545 2799 3586 non

515 3630 791 3715 amplius
835 3631 1094 3696 duobus
1138 3631 1369 3714 legatis
1425 3629 1874 3695 consularibus
1920 3629 2265 3696 videbatur
2310 3653 2525 3717 egere.
2619 3635 2809 3716 Itaque

515 3737 784 3803 Tacitus
841 3738 1012 3803 Hist.
1061 3739 1182 3814 IV,
1243 3739 1348 3814 12,
1413 3737 1529 3802 ubi
1590 3735 1823 3803 Civilis
1880 3737 2263 3804 seditionem
2324 3754 2577 3818 narrat,
2642 3762 2814 3805 unum

515 3845 962 3928 Hordeonium
1006 3847 1318 3910 nominat:
1383 3845 1492 3910 ille
1534 3847 1603 3909 in
1642 3846 1945 3910 inferiore
1985 3846 2323 3930 provincia
2364 3848 2613 3914 bellum
2654 3846 2817 3934 gerit,

515 3954 624 4018 ille
681 3954 970 4018 omnium
1022 3954 1350 4040 legionum
1406 3953 1639 4040 legatis
1689 3953 1991 4038 imperat,
2054 3954 2163 4020 ille
2220 3979 2391 4022 unus
2452 3965 2653 4021 totam
2705 3978 2816 4020 rem

517 4061 951 4138 administrat,
1001 4073 1077 4127 ut
1125 4062 1446 4128 neminem
1484 4062 1681 4127 alium
1718 4071 1873 4126 tunc
1908 4061 2199 4128 inferiori
2232 4061 2621 4130 Germaniae
2659 4086 2818 4150 prae-

515 4171 720 4248 fuisse
762 4172 1030 4236 eluceat.
1113 4169 1248 4236 Sed
1293 4172 1509 4237 occiso
1550 4193 1627 4236 eo
1669 4193 1899 4236 rursus
1946 4170 2194 4236 divisae
2238 4181 2392 4236 sunt
2420 4171 2792 4238 Germaniae
2802 4194 2816 4246 3

515 4301 664 4344 nam
701 4279 997 4344 Licinius
1035 4278 1402 4356 Mucianus,
1445 4280 1559 4364 qui
1597 4290 1749 4344 tunc
1783 4279 2027 4345 Romae
2062 4279 2406 4364 imperium
2434 4279 2815 4364 procurabat,

517 4385 586 4452 in
652 4387 1019 4452 inferiorem
1087 4385 1263 4452 misit
1329 4386 1411 4469 Q.
1468 4387 1771 4454 Petilium
1832 4384 2156 4454 Cerialem
2212 4384 2519 4454 Caesium
2574 4390 2815 4462 Rufum,
