2917 5017
379 365 504 433 364
1005 370 1090 421 De
1128 370 1499 436 propagatione
1532 370 1755 421 civitatis
1792 371 2076 422 Romanae.

379 556 504 601 nus
535 533 789 600 civibus
813 533 1144 609 Romanis,
1185 531 1299 617 qui
1339 555 1467 597 non
1504 531 2005 610 ascriberentur,
2044 534 2112 598 in
2154 535 2429 601 coloniis
2456 534 2721 599 Latinis

383 642 588 708 simile
643 642 906 727 aliquod
966 640 1072 705 ius
1129 639 1442 725 obtigisse
1504 640 1831 705 existimo:
1896 662 2023 723 qua
2078 643 2162 707 de
2222 666 2293 709 re
2348 666 2503 709 cum
2557 641 2721 707 nihil

381 750 694 827 tradatur,
737 750 899 815 nihil
941 761 1152 813 tamen
1199 758 1318 825 est,
1357 748 1535 833 quod
1581 748 1673 811 ita
1712 747 2077 815 existimare
2110 752 2471 836 prohibeat.
2532 750 2721 815 Alte-

379 882 526 924 rum
587 870 740 936 erat,
795 870 889 934 ut,
947 858 1058 942 qui
1112 857 1334 921 relicta
1391 857 1599 942 patria
1660 880 1779 921 sua
1838 857 2261 944 depositoque
2305 860 2453 923 iure
2498 869 2723 923 vetere

385 969 679 1033 fortunas
741 990 892 1032 suas
945 977 1108 1031 totas
1163 966 1509 1030 transferre
1570 964 1829 1041 vellent,
1876 988 1987 1029 eos
2045 989 2161 1051 per
2204 988 2475 1033 censum
2540 972 2722 1048 (nam

381 1076 571 1140 etiam
631 1075 805 1161 apud
866 1075 1137 1139 Latinos
1199 1097 1464 1139 censum
1518 1072 1723 1137 fuisse
1788 1074 2067 1159 constat)
2122 1074 2321 1161 recipi
2380 1085 2582 1160 atque
2636 1072 2723 1137 ad

381 1182 692 1269 optimum
739 1182 1078 1265 utriusque
1125 1182 1402 1247 civitatis
1444 1181 1549 1246 ius
1594 1180 1845 1245 admitti
1886 1181 2127 1247 liceret.
2207 1183 2310 1247 Ita
2350 1192 2415 1249 et
2460 1178 2723 1245 Latinis

380 1290 724 1357 facillimus
789 1290 874 1355 ad
935 1290 1238 1375 optimam
1285 1291 1607 1355 civitatem
1650 1289 2006 1354 Romanam
2064 1290 2279 1355 aditus
2329 1287 2613 1354 dabatur
2662 1298 2725 1353 et

383 1397 634 1463 civibus
693 1398 1002 1465 Romanis
1057 1398 1140 1462 ad
1189 1398 1426 1463 Latina
1482 1397 1757 1483 oppida:
1826 1398 1977 1463 hinc
2022 1398 2185 1464 illud
2238 1408 2485 1475 natum,
2544 1397 2725 1482 quod

381 1528 530 1571 cum
575 1506 660 1571 ad
700 1507 1046 1592 perniciem
1089 1505 1483 1571 coloniarum
1529 1505 1911 1571 Latinarum
1956 1516 2404 1591 usurparetur,
2456 1505 2725 1592 saepius

381 1613 776 1699 prohibitum
815 1636 960 1679 esse
1007 1636 1204 1700 supra
1249 1613 1709 1689 intelleximus,
1755 1614 1906 1679 hinc
1954 1614 2097 1699 ipsa
2142 1614 2547 1680 coloniarum
2594 1615 2728 1679 La·-

383 1722 662 1787 tinarum
705 1722 1011 1791 deductio
1051 1735 1242 1808 atque
1287 1722 1491 1807 origo·
1564 1722 1821 1785 Etenim
1862 1732 2087 1787 notum
2132 1733 2229 1788 est
2262 1724 2505 1788 multos
2544 1722 2730 1787 cives

381 1830 706 1897 Romanos
739 1831 808 1895 in
837 1831 1120 1897 colonias
1149 1830 1416 1895 Latinas
1457 1828 1719 1894 nomina
1757 1830 1911 1895 dare
1944 1854 2319 1907 consuesse,
2351 1832 2465 1916 qui
2493 1854 2728 1896 omnes

387 1939 596 2024 capite
633 1938 948 2003 deminuti
993 1939 1286 2003 Romana
1326 1937 1585 2002 civitate
1627 1937 1925 2003 Latinam
1964 1941 2326 2006 neces-sario
2361 1940 2726 2005 mutabant.

381 2048 600 2131 Atque
645 2048 796 2113 olim
841 2048 1126 2133 quidem,
1169 2070 1316 2113 cum
1365 2046 1693 2110 Romanae
1740 2046 2133 2131 reipublicae
2176 2049 2461 2133 potentia
2503 2071 2586 2114 ac
2620 2049 2727 2112 di-

383 2156 597 2241 gnitas
647 2178 848 2241 parva
888 2164 1078 2231 esset,
1134 2155 1510 2240 saepissime
1551 2154 1619 2217 id
1672 2154 1915 2219 factum
1970 2177 2114 2220 esse
2170 2155 2470 2233 arbitror,
2528 2167 2727 2242 prout

381 2266 616 2350 cuique
681 2265 987 2331 facilioris
1045 2272 1354 2349 quaestus
1419 2262 1675 2327 occasio
1742 2262 1847 2327 vel
1896 2262 2139 2329 Romae
2195 2266 2298 2330 vel
2355 2266 2424 2329 in
2477 2266 2725 2331 Latino

381 2372 620 2460 oppido
665 2374 958 2451 daretur3
1007 2374 1124 2439 sed
1169 2396 1251 2437 ne
1295 2382 1521 2458 postea
1566 2370 1829 2454 quidem
1872 2394 2171 2458 magnam
2207 2374 2522 2440 iacturam
2563 2375 2726 2439 affe-

379 2481 590 2558 rebat,
649 2504 842 2565 quam
909 2483 964 2546 si
1032 2484 1178 2567 quis
1238 2501 1536 2565 reparare
1603 2478 1814 2554 vellet,
1873 2479 2081 2545 facilis
2125 2482 2401 2549 Romam
2465 2483 2728 2547 reditus

380 2590 658 2675 patebat.
741 2588 964 2671 Quare
1010 2612 1198 2674 saepe
1243 2589 1521 2653 lIIviros
1566 2587 1765 2671 ipsos,
1808 2586 2049 2671 quibus
2093 2590 2399 2656 deductio
2427 2592 2731 2658 coloniae

381 2699 682 2764 mandata
717 2710 908 2773 esset,
957 2698 1258 2763 audimus
1307 2696 1569 2761 colonos
1618 2717 1761 2759 esse
1807 2695 2033 2773 factOS,
2079 2697 2371 2763 homines
2416 2709 2481 2763 et
2529 2723 2728 2766 sena-

381 2806 544 2871 toria
590 2806 906 2891 dignitate
951 2816 1014 2876 et
1055 2804 1403 2870 honoribus
1448 2804 1734 2868 illustres
1754 2850 1772 2880 ,
1818 2806 1929 2889 qui
1976 2806 2115 2871 sine
2168 2804 2369 2870 dubio
2406 2807 2567 2873 item
2618 2809 2723 2875 ius

381 2915 698 2983 honorum
745 2914 1205 3001 pristinamque
1247 2912 1629 2999 dignitatem
1668 2911 2063 2989 amittebant,
2112 2914 2249 2990 sed,
2293 2914 2347 2979 si
2379 2926 2497 2979 aut
2538 2916 2721 3003 ipsos

383 3034 496 3090 aut
533 3046 756 3088 eorum
791 3034 1082 3108 posteros
1125 3021 1342 3086 denuo
1379 3021 1869 3104 magistratuum
1913 3020 2351 3087 Romanorum
2388 3024 2721 3111 cupiditas

381 3143 656 3219 caperet,
713 3131 902 3199 facile
959 3152 1186 3195 rursus
1233 3129 1540 3195 translata
1594 3128 1745 3193 sede
1790 3151 1910 3193 sua
1951 3129 2019 3192 111
2065 3128 2275 3195 tribus
2321 3133 2571 3219 recepti
2616 3157 2717 3199 re-

381 3239 790 3327 superabant.

549 3349 708 3413 Erat
759 3359 994 3424 autem‚
1054 3369 1200 3411 cum
1263 3343 1650 3411 Cassianum
1708 3345 1941 3410 foedus
2000 3346 2291 3411 iunctum
2336 3359 2457 3425 est,
2509 3350 2713 3415 maxi-

384 3480 558 3522 mum
601 3458 768 3521 inter
803 3458 982 3542 ipsos
1012 3455 1334 3519 Romanos
1367 3454 1715 3520 discrimen
1741 3453 2153 3540 patriciorum
2191 3466 2253 3520 et
2287 3456 2713 3541 plebeiorum,

383 3567 518 3652 qui,
579 3576 652 3631 ut
708 3566 792 3630 de
847 3575 1072 3630 senatu
1113 3564 1593 3648 honoribusque
1641 3574 1906 3640 taceam,
1954 3562 2275 3629 connubio
2326 3565 2715 3651 separaban-

290 3655 295 3659 ⁵
383 3687 522 3752 tur3
591 3675 864 3739 fortasse
931 3673 1122 3739 etiam
1179 3672 1306 3738 alia
1365 3673 1684 3758 quaedam
1747 3672 1997 3757 privata
2060 3672 2399 3737 commoda
2456 3676 2714 3759 patricii

380 3781 719 3859 habebant,
775 3804 1050 3867 quorum
1109 3785 1416 3847 memoria
1468 3781 1677 3867 periit..
1771 3781 1953 3862 Quid
1998 3780 2202 3866 igitur
2244 3782 2711 3862 existimamus,

381 3914 530 3955 cum
577 3891 739 3955 illud
785 3888 1133 3955 discrimen
1177 3902 1519 3967 constaret,
1568 3891 1737 3954 inter
1766 3890 2037 3955 Latinos
2084 3902 2149 3955 et
2192 3890 2521 3956 Romanos
2550 3892 2711 3957 iuris

380 3999 625 4063 fuisse?
699 3999 848 4063 Hoc
889 4000 1136 4083 opinor,
1183 4010 1257 4063 ut
1295 3999 1569 4084 patricii,
1609 3999 1722 4084 qui
1772 4000 1891 4063 soli
1933 3998 2209 4063 honores
2258 4021 2483 4083 gerere
2536 4012 2601 4064 et
2644 4002 2709 4065 in

381 4122 674 4171 senatum
728 4106 946 4171 venire
998 4118 1281 4193 possent,
1341 4107 1420 4172 iis
1476 4107 1858 4171 Latinorum
1916 4129 2103 4193 pares
2149 4108 2556 4185 haberentur,
2600 4109 2707 4193 qui

379 4214 446 4277 in
503 4214 740 4279 Latina
796 4215 1129 4299 republica
1189 4217 1467 4281 honores
1529 4226 1827 4301 gererent
1890 4226 1954 4281 et
2010 4226 2302 4281 senatum
2363 4216 2706 4281 efficerent.

379 4322 472 4385 Hi
529 4322 730 4407 igitur
785 4321 1178 4387 connubium
1239 4324 1583 4401 habebant,
1638 4324 1763 4389 alia
1804 4323 1991 4389 etiam
2042 4324 2381 4389 commoda
2416 4325 2589 4390 inter
2640 4348 2704 4390 se

385 4426 847 4505 concedebant,
895 4431 1073 4493 velut
1113 4430 1414 4515 patricios
1461 4453 1610 4496 cum
1656 4428 2130 4519 Campanorum
2176 4432 2505 4517 equitibus
2552 4432 2702 4498 alia-
