2917 5017
476 334 596 401 132
1117 337 1200 388 De
1237 335 1406 388 Gallia
1439 337 1793 388 Romanorum
1842 339 2121 403 provincia.

468 510 714 565 tantum
763 500 914 566 anni
957 499 1428 584 intelligantur,
1496 498 1735 583 quibus
1781 481 2169 564 Germanico
2206 498 2471 564 Romam
2516 522 2743 566 reverso

469 606 714 673 Tiberii
753 609 1072 694 legatione
1115 609 1378 672 functus
1419 619 1537 672 est.
1613 607 1833 691 Atque
1874 606 1957 671 ab
1998 629 2166 672 anno
2212 607 2289 672 16
2333 631 2397 692 p.
2434 603 2603 683 Chr„
2638 631 2743 692 quo

470 715 928 782 Germanicum
973 739 1012 780 a
1055 716 1319 781 Tiberio
1362 725 1735 804 revocatum
1780 738 1923 780 esse
1970 715 2234 793 scimus,
2280 715 2364 781 ad
2404 739 2629 780 annum
2663 718 2745 794 24,

469 846 596 907 quo
643 822 846 890 Silius
902 835 1244 891 accusatus
1299 835 1431 902 est,
1490 823 1615 909 ipsi
1658 834 1903 908 septem
1946 823 2095 888 anni
2140 823 2545 902 efficiuntur,
2600 827 2747 890 unde

469 933 601 996 duo
654 933 810 998 haec
857 934 986 998 iam
1042 942 1260 1020 aperta
1310 941 1494 1010 sunt,
1551 931 1831 1017 primum
1848 979 1865 1008 ,
1924 933 2103 1016 quod
2152 955 2347 1018 supra
2402 934 2541 999 aliis
2582 957 2750 1020 argu-

468 1041 699 1105 mentis
755 1043 1262 1106 ‹lemonstratum
1323 1051 1452 1117 est,
1520 1062 1668 1105 cum
1722 1040 2151 1106 Germanicus
2200 1039 2449 1108 Gallias
2509 1054 2751 1128 regeret,

467 1149 716 1213 nullum
753 1150 820 1213 in
861 1151 942 1214 iis
985 1150 1334 1236 provinciis
1377 1148 1581 1214 fuisse
1616 1149 1903 1234 legatum
1947 1148 2224 1225 Tiberii,
2268 1149 2539 1227 deinde,
2582 1152 2752 1214 conti-

467 1278 598 1319 nuo
643 1267 982 1342 postquam
1025 1257 1454 1324 Germanicus
1504 1257 1817 1335 decessit,
1874 1257 2259 1323 Germanias
2308 1269 2373 1322 et
2416 1259 2752 1324 inferiorem

467 1374 531 1428 et
591 1367 987 1450 superiorem
1039 1391 1078 1430 a
1129 1365 1392 1431 Tiberio
1451 1389 1599 1431 esse
1651 1366 1999 1432 institutas.
2092 1366 2517 1432 Memorabile
2571 1378 2756 1431 autem

467 1485 596 1550 est,
660 1487 1054 1561 quantopere
1103 1475 1406 1551 Tacitus,
1468 1474 1763 1559 quamvis
1824 1485 2071 1560 septem
2128 1497 2329 1540 annos
2386 1477 2757 1540 numerando

467 1582 630 1647 duas
676 1580 752 1647 C.
799 1580 942 1647 Silii
988 1582 1342 1668 legationes
1385 1582 1727 1657 discernat,
1770 1583 1837 1645 in
1874 1581 2071 1648 rebus
2114 1584 2254 1648 eius
2296 1584 2500 1670 gestis
2544 1595 2759 1648 utram-

467 1713 594 1775 que
635 1691 1048 1776 permisceat3
1103 1714 1254 1757 nam
1297 1691 1707 1777 triumphalia
1750 1701 2119 1756 ornamenta
2164 1701 2487 1756 meruerat
2528 1692 2757 1776 fideque

465 1798 794 1884 legionum
839 1800 1228 1866 continenda
1260 1799 1507 1865 Tiberii
1540 1799 1879 1890 imperium
1918 1799 2314 1864 stabiliverat
2355 1800 2425 1863 in
2467 1800 2761 1886 legatione

469 1905 860 1984 Germanici,
907 1904 1322 1974 Sacrovirum
1361 1909 1607 1974 vicerat
1644 1908 1713 1972 in
1757 1909 2079 1994 legatione
2117 1906 2382 1973 Tiberii.

635 2015 726 2078 At
766 2015 936 2080 enim
983 2039 1130 2081 cum
1173 2027 1465 2104 tempus,
1514 2039 1641 2101 quo
1686 2015 2069 2082 Germaniae
2108 2015 2441 2080 institutae
2496 2016 2641 2092 sint,
2681 2017 2763 2079 in-

467 2122 866 2199 venerimus,
925 2124 1006 2188 de
1063 2136 1292 2190 natura
1351 2147 1572 2188 earum
1623 2125 2099 2210 provinciarum
2150 2147 2355 2209 pauca
2396 2124 2767 2210 disputanda
2850 2085 2852 2192 l

471 2241 622 2295 sunt
655 2231 1188 2316 redeundumque
1228 2233 1312 2298 ad
1346 2233 1644 2298 Fechteri
1682 2245 1747 2298 et
1768 2233 2179 2298 Mommsenii
2222 2232 2580 2318 opiniones,
2626 2257 2764 2316 quas

469 2361 664 2424 supra
703 2342 1362 2408 commemoravimus.
1442 2342 1522 2406 In
1562 2341 1803 2425 quibus
1848 2341 2006 2426 quid
2048 2363 2197 2404 cum
2240 2342 2549 2406 universa
2592 2364 2765 2427 repu-
2850 2363 2852 2396 1

465 2446 636 2511 blica
675 2447 966 2514 Romana
1014 2473 1306 2536 pugnare
1363 2451 1692 2526 videatur,
1752 2449 2204 2535 exposuimus,
2262 2448 2549 2514 diximus
2601 2451 2763 2514 etiam
2850 2399 2852 2478 l

467 2553 550 2618 de
588 2555 930 2620 Ammiano
972 2557 1350 2623 Marcellino
1386 2558 1546 2635 XV,
1596 2562 1657 2622 11
1691 2605 1708 2634 ,
1772 2557 1947 2644 apud
2004 2578 2197 2641 quem
2249 2579 2413 2641 quae
2456 2559 2765 2644 leguntur,

465 2672 576 2725 aut
634 2685 926 2748 pugnare
997 2687 1146 2730 cum
1217 2665 1484 2731 historia
1508 2675 1517 2684 '
1542 2677 1653 2730 aut
1706 2666 1836 2730 levi
1883 2665 2376 2751 transpositione
2438 2667 2764 2731 verborum

467 2770 868 2836 emendanda
931 2795 1074 2838 esse
1141 2774 1563 2839 ostendimus.
1672 2772 1807 2839 Sed
1876 2773 2205 2838 adversari
2267 2774 2533 2838 videtur
2600 2775 2765 2838 etiam

465 2878 817 2944 Ptolemaei
869 2879 1012 2945 libr.
1057 2882 1254 2958 11,‚6
1315 2884 1693 2960 auctoritas,
1766 2883 1879 2967 qui
1930 2879 2209 2945 Galliam
2264 2880 2765 2966 (Κελτογαλατίαν

465 2987 772 3073 appellat)
831 2988 898 3051 in
946 3001 1248 3073 quattuor
1283 2992 1651 3077 provincias
1673 3038 1690 3067 ,
1747 2989 2161 3074 Aquitaniam
2178 3036 2195 3066 ,
2252 2989 2764 3074 Lugdunensem,

465 3093 829 3180 Belgicam,
879 3096 1397 3177 Narbonensem,
1453 3100 1753 3165 dividens
1794 3099 2097 3184 deinceps
2138 3120 2274 3162 uno
2312 3099 2523 3184 capite
2568 3099 2766 3183 Belgi·
2846 3146 2849 3190 Ξ

467 3225 606 3268 cam
655 3226 803 3268 cum
849 3202 1197 3271 Germania
1249 3207 1551 3272 inferiore
1606 3220 1671 3274 et
1724 3207 2053 3292 superiore
2109 3207 2585 3292 complectitur:
2657 3227 2765 3291 qua

405 3313 413 3320 ”
463 3311 558 3375 illi
605 3314 980 3378 auctoritate
1041 3314 1134 3378 sic
1185 3323 1490 3392 utuntur,
1545 3324 1621 3380 ut
1660 3313 2044 3380 Germanias
2100 3316 2265 3382 ullas
2318 3315 2583 3382 omnino
2637 3337 2761 3400 pro-

465 3419 705 3485 vincias
760 3421 964 3486 fuisse
1013 3433 1208 3509 neget
1249 3424 1640 3500 Fechterus,
1697 3423 2170 3488 Mommsenius
2218 3446 2299 3488 ex
2338 3425 2465 3488 alio
2506 3424 2753 3508 quodam

467 3549 703 3613 genere
739 3530 942 3595 fuisse
983 3531 1320 3596 existimet.
1396 3529 1503 3597 Ac
1534 3533 1697 3597 solet
1738 3554 1889 3596 sane
1930 3531 2209 3616 reliquas
2247 3532 2620 3617 provincias
2652 3531 2747 3596 sin-

467 3637 654 3720 gulas
699 3638 972 3724 singulis
1019 3639 1336 3725 capitibus
1380 3639 1735 3716 illustrare,
1782 3641 1962 3705 velut
2006 3640 2297 3705 Raetiam
2342 3651 2405 3705 et
2446 3652 2755 3724 utramque

466 3743 863 3809 Pannoniam
909 3756 972 3810 et
1009 3757 1346 3832 utramque
1370 3747 1719 3826 Moesiam3
1774 3771 1891 3812 cur
1927 3747 2131 3833 igitur
2156 3747 2545 3814 Germanias
2588 3769 2759 3814 anne-

399 3889 404 3894 ·
464 3852 577 3915 ctit
603 3852 952 3939 Belgicae?
1026 3854 1315 3918 Primum
1334 3903 1352 3932 ,
1389 3856 1617 3942 opinor
1633 3904 1650 3934 ,
1695 3858 1869 3941 quod
1912 3856 2075 3920 fines
2106 3856 2599 3922 Germaniarum
2629 3875 2761 3921 sane

466 3957 688 4044 exigui
745 3971 924 4026 erant
975 3983 1186 4046 neque
1239 3963 1319 4040 ii,
1377 3985 1542 4049 quos
1587 3965 1999 4050 geographus
2055 3976 2317 4052 propter
2356 3977 2557 4032 artem
2600 3986 2761 4030 suam

461 4089 851 4153 magnopere
895 4071 1268 4136 referendos
1311 4095 1453 4136 esse
1494 4083 1779 4158 putaret,
1838 4085 1913 4137 ut
1929 4119 1946 4150 ,
2000 4074 2113 4157 qui
2155 4068 2496 4160 imperium
2542 4075 2763 4140 Roma-

463 4197 620 4240 num
665 4175 928 4243 flumine
965 4177 1194 4244 Rheno
1221 4179 1663 4260 describeret,
1708 4182 1897 4248 facile
1942 4182 2025 4246 ad
2064 4181 2448 4248 Germanias
2493 4202 2761 4249 commu-

461 4282 630 4348 niter
674 4307 824 4351 cum
865 4286 1136 4374 Belgica
1175 4291 1604 4354 recensendas
1654 4290 2109 4356 adduceretur.
2190 4290 2356 4356 Nam
2398 4293 2575 4378 quod
2619 4289 2761 4356 Gal-

461 4391 581 4457 lias
626 4394 1086 4478 quadrifariam
1129 4396 1397 4474 dividit,
1455 4419 1665 4463 nonne
1716 4399 1914 4464 tradit
1959 4399 2315 4465 rectissime
2335 4400 2365 4462 ?
2441 4397 2759 4485 Siquidem
