2917 5017
435 331 562 400 292
1051 335 1134 385 De
1168 334 1369 398 legibus
1402 333 1794 400 municipalibus
1826 333 2138 399 Hispanicis.

439 500 704 566 Livium
741 499 974 576 XXV,
1022 497 1080 575 3,
1139 496 1254 562 ubi
1299 497 1615 562 iudicium
1658 496 1753 562 M.
1793 496 2113 562 Postumii
2167 496 2527 584 Pyrgensis
2582 496 2754 582 apud

434 609 693 695 plebem
765 609 842 674 ab
907 607 1166 672 duobus
1229 605 1505 670 tribunis
1564 603 1774 690 plebis
1832 606 2116 670 accusati
2172 607 2539 691 exponitur,
2599 606 2756 671 haec

437 728 626 782 sunt:
699 721 844 799 Spes
895 740 1028 779 una
1080 715 1401 778 videbatur
1456 736 1594 790 esse,
1650 717 1709 776 si
1762 716 1824 780 C.
1868 717 2167 778 Servilius
2224 718 2415 782 Casca
2470 716 2760 777 tribunus

430 828 620 909 plebis
669 863 750 874 --
797 830 1166 907 priusquam
1223 825 1310 886 ad
1356 823 1743 904 suffragium
1800 823 1995 885 tribus
2033 833 2423 900 vocarentur,
2466 827 2753 885 interces-

435 941 616 998 sisset.
714 933 987 997 Testibus
1055 933 1218 993 datis
1278 931 1522 993 tribuni
1577 933 1879 1011 populum
1936 929 2369 993 submoverunt
2432 935 2762 1011 sitellaque

436 1047 573 1105 lata
615 1052 718 1120 est,
763 1050 839 1103 nt
877 1044 1254 1102 sortirentur
1302 1039 1411 1101 ubi
1446 1041 1680 1101 Latini
1716 1039 2101 1120 suffugium
2132 1040 2400 1118 ferrent
2476 1039 2583 1102 Ita
2634 1061 2763 1102 non

437 1151 634 1217 modo
691 1149 972 1236 optimus
1025 1147 1312 1212 omnium
1359 1148 1565 1212 codex
1605 1146 1938 1210 Puteanus
1980 1143 2194 1221 habet,
2236 1145 2361 1209 nisi
2406 1146 2587 1230 quod
2634 1169 2763 1210 non

437 1263 722 1335 sitellam,
786 1257 902 1322 sed
967 1266 1186 1342 aperto
1245 1277 1454 1318 errore
1513 1259 1625 1317 site
1676 1257 1856 1316 illam
1910 1252 2219 1339 appellat,
2276 1276 2501 1318 verum
2571 1255 2761 1318 etiam

439 1367 693 1453 reliqui,
746 1376 822 1430 ut
872 1365 1052 1428 nulla
1104 1385 1370 1448 prorsus
1423 1361 1717 1427 lectionis
1772 1361 2198 1447 discrepantia
2252 1373 2530 1427 notetur.
2628 1364 2765 1427 Sed

445 1475 917 1561 displicuerunt
955 1483 1164 1537 tamen
1202 1470 1418 1535 Latini
1459 1471 1513 1534 I.
1541 1469 1651 1534 Fr.
1684 1469 2041 1545 Gronovio,
2081 1470 2221 1535 viro
2248 1471 2443 1557 longe
2470 1471 2765 1534 omnium

441 1583 834 1657 doctissim0,
881 1581 972 1661 (in
1021 1579 1286 1665 epistola
1323 1578 1407 1641 ad
1447 1577 1587 1642 Nic.
1613 1577 1957 1641 Heinsium
1999 1579 2065 1641 in
2110 1579 2458 1643 Burmann.
2508 1575 2764 1665 Syllog.

441 1691 629 1776 epist.
673 1691 777 1755 III
817 1714 878 1775 p.
905 1689 1060 1771 2623)
1103 1687 1214 1772 qui
1257 1709 1404 1751 cum
1442 1708 1653 1770 neque
1697 1698 1843 1752 ante
1886 1687 2176 1773 suffragii
2225 1688 2530 1752 lationem
2572 1687 2767 1752 aliam

443 1799 639 1864 ullam
671 1798 1062 1864 sortitionem
1093 1796 1232 1860 fieri
1256 1805 1511 1880 putaret
1542 1795 1667 1860 nisi
1710 1795 2195 1882 praerogativae
2235 1817 2443 1879 neque
2488 1796 2767 1860 Latinos

439 1907 568 1972 iam
607 1917 888 1992 tempore
932 1905 1082 1970 belli
1132 1903 1364 1969 Punici
1409 1903 1667 1968 civitate
1712 1927 1790 1968 ac
1831 1904 2120 1990 suffragii
2166 1903 2304 1968 iure
2347 1903 2543 1987 (haec
2592 1906 2767 1969 enim

441 2038 575 2079 uno
614 2015 756 2078 iure
801 2013 1109 2078 contineri
1154 2012 1589 2095 existimabat)
1626 2012 1897 2077 donatos
1936 2035 2079 2077 esse
2124 2012 2430 2088 crederet,
2470 2013 2565 2076 sic
2610 2035 2767 2078 con-

438 2124 588 2189 iecit
622 2125 940 2204 sitellaque
983 2125 1185 2184 allata
1227 2131 1334 2195 est,
1371 2131 1446 2183 ut
1485 2125 1616 2198 (vel
1659 2123 1789 2202 ubi)
1833 2125 2206 2185 sortirentur
2256 2123 2449 2183 tribus
2492 2145 2572 2184 ac
2625 2125 2765 2184 dein

439 2233 826 2313 suffragium
872 2232 1151 2312 ferrent.
1243 2225 1454 2293 Cuius
1521 2228 1865 2293 auctoritas
1940 2230 2061 2294 etsi
2128 2252 2251 2293 non
2321 2228 2458 2292 sine
2528 2253 2769 2315 magna

440 2339 720 2423 quadam
765 2337 1162 2403 dubitatione
1217 2347 1371 2412 erat,
1417 2336 1829 2402 vehementer
1872 2337 2073 2401 movit
2115 2348 2179 2402 et
2231 2337 2406 2401 Livii
2454 2337 2766 2414 editores,

441 2469 714 2531 quorum
760 2468 948 2510 nemo
992 2447 1127 2510 fere
1174 2445 1426 2509 codices
1470 2446 1831 2527 sequendos
1863 2467 2005 2510 esse
2048 2446 2319 2530 putavit,
2353 2455 2417 2509 et
2450 2446 2769 2530 plurimos
2880 2489 2882 2492 <

443 2555 618 2619 viros
696 2554 950 2629 doctOS,
1030 2553 1144 2637 qui
1210 2552 1577 2617 Latinitatis
1645 2553 1789 2618 iura
1866 2564 2289 2639 exponerent,
2364 2575 2445 2618 ex
2519 2555 2767 2638 quibus
2876 2563 2880 2630 ,’

441 2661 824 2727 Huschkius
883 2661 965 2725 de
1007 2659 1256 2745 republ.
1305 2660 1489 2724 Serv.
1536 2659 1707 2725 Tull.
1762 2686 1824 2747 p.
1872 2661 1995 2726 649
2053 2672 2115 2725 et
2162 2660 2661 2728 Weissenborn.
2704 2665 2765 2726 in
2874 2663 2876 2690 '

440 2787 912 2856 programmate
961 2791 1254 2856 gymnas.
1297 2769 1702 2834 Isenacensis
1750 2769 1899 2833 anni
1950 2769 2108 2835 1833
2156 2769 2447 2834 similiter
2492 2793 2765 2856 prorsus

443 2878 920 2943 emendandum
961 2901 1103 2943 esse
1149 2888 1555 2943 censuerunt.
1618 2877 1809 2941 Nunc
1852 2888 2023 2941 certe
2063 2879 2581 2942 conservandum
2624 2902 2765 2946 esse

443 2986 792 3062 videbitur,
844 2986 1020 3071 quod
1084 2986 1182 3055 in.
1205 2985 1503 3050 omnibus
1558 2985 1890 3052 codicibus
1943 2999 2042 3050 est
2090 2997 2164 3049 ut
2230 2991 2611 3049 sortirentur
2668 2989 2771 3049 ubi

443 3098 675 3157 Latini
710 3096 1098 3176 suffragium
1143 3102 1406 3174 ferrent,
1448 3115 1569 3158 nec
1612 3105 1824 3158 tamen
1874 3095 2205 3179 probanda
2244 3117 2490 3169 eorum,
2544 3095 2661 3177 qui
2709 3108 2764 3157 et

443 3201 524 3264 de
564 3200 948 3265 Latinorum
993 3201 1302 3284 suffragio
1347 3202 1693 3267 credebant
1733 3213 1797 3266 et
1838 3203 2073 3268 Livius
2119 3227 2199 3267 an
2238 3213 2411 3267 recte
2458 3203 2757 3288 scripsis-

445 3319 544 3373 set
587 3309 986 3386 dubitabant,
1029 3309 1260 3394 opinio,
1299 3309 1411 3393 qui
1450 3308 1601 3373 hinc
1646 3310 1727 3373 de
1770 3312 2081 3397 suffragio
2125 3311 2376 3376 Latinis
2421 3309 2672 3395 ubique
2704 3321 2757 3374 et

444 3417 744 3482 omnibus
791 3417 940 3482 dato
985 3417 1390 3504 colligebant,
1451 3418 1629 3481 velut
1683 3418 1995 3487 Niebuhr.
2040 3419 2188 3484 hist.
2233 3419 2419 3484 Rom.
2462 3419 2530 3483 11
2578 3443 2648 3505 p.
2684 3418 2756 3484 86

446 3535 510 3589 et
548 3525 651 3591 III
694 3525 837 3591 620.
924 3527 1183 3592 Etenim
1228 3549 1356 3590 non
1402 3526 1487 3589 de
1533 3525 1833 3591 omnibus
1874 3527 2125 3592 Latinis
2154 3527 2385 3592 Livius
2428 3527 2608 3604 dicit,
2650 3525 2755 3591 sed

447 3634 528 3698 de
569 3633 650 3698 iis
693 3636 805 3720 qui
846 3635 1089 3701 Romae
1125 3635 1372 3700 incolae
1413 3645 1613 3712 erant,
1656 3635 1699 3697 i.
1738 3658 1793 3700 e.
1835 3637 1947 3719 qui
1994 3657 2139 3699 cum
2184 3657 2264 3700 ex
2320 3635 2463 3700 aliis
2506 3635 2752 3722 oppidis

446 3742 702 3807 oriundi
744 3755 984 3821 essent,
1043 3765 1120 3808 eo
1167 3742 1562 3808 domicilium
1606 3765 1797 3808 suum
1848 3745 2284 3810 contulerant:
2337 3743 2461 3821 his,
2508 3756 2581 3807 ut
2620 3743 2750 3806 Ma·
2838 3783 2840 3809 ;

443 3849 621 3915 lacae
657 3873 788 3916 una
829 3852 1028 3929 curia,
1070 3851 1158 3914 ita
1195 3851 1436 3916 Romae
1479 3875 1609 3916 una
1652 3851 1882 3928 tribue,
1926 3852 1992 3916 in
2038 3875 2167 3937 qua
2210 3852 2593 3938 suffragium
2633 3853 2747 3915 fer-
2834 3859 2838 3934 J

445 3969 607 4034 rent,
650 3959 926 4044 patebat,
970 3981 1136 4044 quae
1181 3970 1523 4044 antequam
1566 3959 1788 4044 plebes
1832 3960 1913 4025 ad
1972 3961 2354 4046 suffragium
2402 3973 2745 4032 vocaretur,

445 4064 526 4130 ab
571 4066 672 4144 iis,
713 4068 823 4151 qui
871 4067 1144 4133 comitiis
1189 4078 1543 4154 praeerant,
1596 4079 1765 4132 sorte
1806 4069 2105 4134 ducenda
2146 4079 2300 4133 erat.
2380 4069 2527 4135 Hoc
2564 4069 2746 4152 igitur
2830 4051 2832 4060 ¹

443 4174 722 4260 primum
775 4176 1144 4241 faciendum
1200 4187 1334 4240 erat
1388 4176 1667 4241 tribunis
1718 4175 1927 4262 plebis
1947 4224 1963 4253 ‚
2019 4179 2132 4263 qui
2184 4178 2252 4241 in
2304 4177 2399 4241 M.
2442 4173 2739 4242 Postumii

443 4281 684 4346 iudicio
729 4294 1083 4379 praeerant,
1127 4283 1404 4369 ideoque
1443 4296 1517 4348 ut
1552 4285 1620 4348 id
1665 4285 1841 4368 quod
1884 4285 2089 4372 ipsam
2136 4285 2431 4370 suffragii
2462 4286 2735 4350 lationem

444 4388 860 4456 antecedebat
928 4394 1170 4457 factum
1228 4415 1369 4458 esse
1435 4393 1860 4479 significaret,
1918 4415 1955 4455 a
2004 4387 2201 4460 Livio
2258 4405 2579 4460 narratum
2638 4401 2731 4455 est.
2818 4407 2820 4410 ⁴
