2917 5017
427 327 510 392 80
1101 327 1188 376 De
1225 324 1396 376 Gallia
1427 325 1781 374 Romanorum
1814 324 2093 390 provincia.

429 494 566 558 dita
591 505 710 568 est,
759 492 956 557 huius
979 491 1132 554 anni
1169 499 1412 553 aestate
1435 485 1523 567 Q.
1548 486 1883 550 Metellum
1924 508 2073 549 cum
2093 484 2407 550 Vaccaeis
2428 504 2759 569 pugnasse

433 601 802 676 docuimus,
847 613 942 674 ut,
987 621 1134 662 cum
1185 595 1585 681 provinciam
1628 605 1969 677 antequam
2022 594 2131 658 alii
2172 592 2483 678 assignari
2527 590 2761 676 possit,

433 731 702 773 vacuam
743 730 888 772 esse
931 719 1242 791 oporteat,
1286 715 1458 768 certe
1494 701 1803 766 universa
1820 701 2145 787 Hispania
2186 713 2423 764 aestate
2464 698 2763 762 nondum

429 816 738 901 Pompeio
777 814 1066 878 mandari
1111 812 1414 897 potuerit.
1474 808 1733 874 Deinde
1764 809 1921 892 quid
1964 820 2061 872 est
2102 809 2277 893 quod
2301 805 2533 872 Cicero
2556 807 2763 870 Pom-

431 924 650 1008 peium
699 922 820 986 sibi
867 921 1278 1006 displicuisse
1323 917 1595 982 scribit?
1671 917 1779 980 Ad
1823 916 2259 981 valetudinem
2300 917 2369 978 id
2410 927 2581 980 certe
2626 936 2759 977 non

431 1031 726 1115 pertinet,
775 1031 890 1094 sed
935 1027 1298 1113 poenitebat
1335 1026 1659 1089 hominem
1702 1047 1927 1088 eorum
1959 1047 2125 1108 quae
2166 1025 2229 1088 in
2256 1024 2591 1089 consulatu
2640 1045 2767 1086 suo

433 1160 628 1221 agere
681 1151 874 1221 atque
921 1137 1180 1220 assequi
1235 1146 1458 1219 posset
1508 1131 1951 1216 imprimisque
2004 1133 2483 1216 provinciarum
2505 1179 2525 1208 ,
2592 1154 2766 1214 quas

433 1245 554 1310 sibi
615 1246 1034 1328 collegaeque
1090 1243 1242 1306 olim
1285 1266 1324 1306 a
1369 1253 1595 1304 senatu
1644 1241 1937 1304 decretas
1980 1263 2125 1304 esse
2170 1241 2436 1304 videret.
2534 1240 2765 1323 Ipsam

429 1353 622 1417 etiam
663 1354 876 1438 legem
917 1351 1306 1416 Treboniam
1341 1350 1533 1432 longe
1574 1349 1993 1433 posteriorem
2036 1370 2229 1432 quam
2262 1346 2765 1411 Ciceronianam

435 1462 770 1546 epistolam
835 1484 980 1524 esse
1038 1461 1205 1523 infra
1265 1479 1697 1543 exponemus.
1772 1479 1891 1520 nec
1946 1469 2445 1520 consentaneum
2498 1466 2599 1519 est
2652 1469 2771 1518 aut

435 1591 585 1633 cum
627 1569 928 1632 similium
973 1569 1194 1649 legum
1246 1565 1713 1630 consuetudine
1766 1565 2067 1644 congruit
2106 1579 2219 1628 aut
2274 1565 2553 1647 denique
2612 1588 2773 1628 cum

435 1676 648 1740 Dione
691 1677 1057 1752 XXXIX,
1111 1676 1224 1750 39,
1277 1675 1389 1758 qui
1437 1674 1649 1736 statim
1706 1685 1855 1757 post
1904 1672 2115 1757 legem
2156 1673 2349 1736 latam
2394 1672 2647 1753 legatos
2696 1673 2775 1735 in

437 1785 798 1868 provincias
827 1785 1056 1848 missos
1095 1806 1240 1846 esse
1267 1782 1378 1856 ait,
1421 1781 1743 1856 convenit,
1782 1793 1851 1842 ut
1895 1781 2097 1844 multo
2142 1793 2479 1865 postquam
2506 1781 2779 1865 rogatio

434 1893 516 1956 ad
558 1894 870 1978 populum
916 1893 1046 1956 lata
1085 1906 1204 1966 est,
1249 1890 1442 1964 diem,
1483 1912 1613 1972 quo
1658 1889 1957 1952 consules
1986 1888 2351 1973 provincias
2378 1889 2777 1974 acciperent,

431 2001 680 2064 finitum
723 2024 868 2064 esse
911 2000 1374 2062 existimemus.
1439 1997 1663 2076 Quare
1707 1996 1906 2060 verba
1945 1997 2057 2060 illa
2095 1994 2427 2060 Ciceronis
2464 1997 2545 2059 ad
2578 1995 2777 2060 Atti-

437 2129 582 2170 cum
629 2107 712 2170 ad
741 2106 1110 2191 provincias
1149 2105 1302 2169 olim
1347 2126 1517 2167 anno
1544 2105 1625 2168 56
1658 2127 1737 2166 ex
1778 2106 1926 2190 lege
1956 2103 2339 2188 Sempronia
2383 2104 2773 2170 consulibus

433 2214 726 2278 decretas
745 2263 762 2290 ‚
827 2237 956 2279 non
1019 2214 1102 2279 ad
1155 2235 1300 2288 eas,
1362 2235 1529 2296 quae
1587 2213 1735 2297 lege
1788 2211 2114 2276 Trebonia
2166 2213 2531 2296 assignatae
2590 2227 2763 2289 sunt,

434 2325 667 2399 refero,
704 2335 778 2386 ut
809 2323 1158 2408 Pompeius
1203 2345 1422 2386 mense
1447 2321 1629 2386 Maio
1666 2343 1897 2406 parum
1944 2331 2283 2385 contentus
2328 2321 2435 2396 iis,
2474 2343 2637 2405 quae
2672 2320 2749 2384 ab

435 2442 660 2493 senatu
711 2431 1107 2516 obtigerant,
1168 2454 1320 2494 num
1367 2429 1527 2512 quid
1576 2431 1741 2492 forte
1801 2429 2041 2494 lautius
2096 2453 2135 2491 a
2178 2429 2417 2514 populo
2472 2431 2761 2514 accipere

436 2551 675 2622 posset,
719 2539 934 2602 animo
977 2541 1260 2624 agitasse
1305 2538 1647 2622 legemque
1688 2537 2075 2602 Treboniam
2114 2559 2539 2623 praeparasse
2576 2548 2769 2622 pute-

435 2659 559 2722 tur,
600 2648 669 2709 in
711 2647 951 2731 quibus
995 2647 1152 2712 dum
1199 2660 1298 2711 est
1341 2645 1833 2730 cogitationibus
1852 2694 1870 2721 ‚
1909 2657 2107 2710 morte
2152 2645 2238 2726 Q.
2286 2646 2553 2730 Nepotis
2594 2669 2773 2710 nun-

437 2755 590 2819 tiata
665 2755 1006 2820 universae
1067 2755 1422 2839 Hispaniae
1498 2755 1556 2817 ei
1626 2754 1977 2818 tradendae
2042 2755 2293 2818 occasio
2360 2752 2577 2818 oblata
2649 2765 2776 2817 est.

439 2862 878 2928 Veruntamen
922 2864 1096 2927 unde
1135 2863 1448 2927 discimus
1492 2884 1617 2926 non
1657 2862 2026 2928 nominatim
2063 2886 2102 2925 a
2122 2860 2447 2925 Trebonio
2489 2861 2769 2944 provin-

437 2971 568 3036 cias
625 2970 865 3037 Crasso
923 2982 987 3035 et
1029 2972 1342 3056 Pompeio
1394 2994 1539 3036 esse
1586 2971 1903 3036 tributas?
1994 2969 2317 3033 Nimirum
2370 2966 2547 3053 quod
2598 2969 2773 3034 Plu-

439 3079 701 3143 tarchus
745 3077 964 3144 Crass.
1005 3101 1059 3142 e.
1113 3081 1185 3144 15
1233 3079 1630 3144 sortitionem
1674 3101 1899 3142 eorum
1944 3087 2431 3142 commemorat:
2496 3100 2581 3141 ex
2638 3102 2771 3162 qua

441 3207 588 3250 cnm
633 3186 724 3250 illi
769 3184 978 3270 Syria,
1022 3187 1174 3250 huic
1216 3187 1539 3270 Hispania
1580 3187 1847 3253 ulterior
1888 3186 2231 3261 evenisset,
2287 3187 2393 3250 lex
2436 3183 2767 3252 Trebonia

437 3293 598 3358 nihil
636 3293 760 3358 nisi
805 3317 967 3376 quae
1015 3305 1276 3358 senatus
1301 3315 1378 3356 ac
1412 3315 1549 3356 sors
1584 3292 1871 3368 dederat,
1914 3294 2158 3359 ambitu
2206 3292 2512 3369 extendit,
2556 3296 2769 3380 copiis

439 3401 640 3476 auxit,
685 3401 955 3486 imperio
1000 3401 1435 3486 amplificavit.

604 3508 749 3572 Hac
791 3507 991 3593 igitur
1027 3509 1174 3594 lege
1209 3509 1302 3572 M.
1333 3506 1575 3573 Crasso
1618 3520 1683 3573 et
1714 3505 1839 3573 Cn.
1878 3508 2189 3594 Pompeio
2234 3509 2597 3576 consultum
2634 3523 2751 3584 est,

443 3637 573 3698 qua
617 3616 854 3701 perlata
899 3616 1025 3700 (sic
1063 3617 1234 3681 enim
1281 3617 1577 3682 scribunt
1623 3617 1755 3680 Dio
1800 3616 2153 3692 XXXIX,
2194 3619 2274 3683 33
2310 3627 2375 3682 et
2416 3617 2592 3682 Plut.
2618 3615 2762 3682 Cat.

444 3745 498 3788 c.
530 3724 640 3804 43)
683 3724 830 3808 ipsi,
879 3724 992 3807 qui
1037 3725 1166 3788 iam
1209 3726 1575 3810 provincias
1620 3738 2018 3811 acceperant,
2057 3727 2355 3791 consules
2386 3729 2613 3793 eodem
2657 3730 2765 3795 die

439 3830 602 3916 (Dio
643 3830 1008 3906 XXXIX,
1057 3831 1168 3914 36)
1214 3831 1401 3896 aliam
1447 3833 1531 3896 de
1578 3831 1859 3898 Caesare
1900 3835 2111 3921 legem
2155 3836 2591 3919 pertulerunt,
2634 3861 2770 3923 qua

437 3939 716 4024 primum
762 3947 1046 4023 potestas
1086 3938 1226 4002 eius
1271 3940 1652 4024 amplificata
1696 3953 1815 4018 est,
1847 3929 1933 4005 'ut
1954 3943 2179 4008 liceret
2221 3944 2281 4007 ei
2312 3967 2457 4008 cum
2486 3947 2765 4028 quibus-

436 4067 692 4130 cunque
736 4046 927 4140 vellet
969 4059 1032 4110 et
1074 4047 1316 4112 bellum
1356 4070 1581 4134 gerere
1627 4060 1691 4113 et
1726 4073 1947 4135 pacem
1989 4051 2221 4128 facere,
2266 4053 2516 4137 aliaque
2560 4077 2765 4138 quae-

438 4153 588 4218 dam
630 4154 875 4218 minora
901 4155 1267 4232 constituta,
1311 4156 1548 4220 deinde
1570 4157 1910 4242 imperium
1934 4172 2353 4244 prorogatum
2394 4162 2461 4226 in
2486 4164 2764 4230 alterum

439 4252 970 4346 quinquennium,
1015 4287 1096 4328 ne
1140 4264 1320 4348 prius
1345 4286 1537 4348 quam
1582 4267 1879 4332 consules
1926 4269 2051 4352 ipsi
2094 4269 2445 4334 exercitum
2489 4274 2760 4355 provin-

387 4363 404 4378 ’
439 4369 729 4452 ciamque
776 4370 1094 4434 dimittere
1141 4384 1501 4456 cogeretur.
1602 4375 1825 4457 Neque
1870 4378 2037 4439 enim
2072 4389 2252 4442 -recte
2298 4378 2456 4442 haec
2498 4401 2761 4465 quoque
