2917 5017
478 318 602 385 208
1131 320 1214 369 De
1249 318 1509 369 dictatoris
1547 316 1785 369 Caesaris
1822 316 2122 367 honoribus.

478 489 690 552 vimus
733 484 1086 551 auctoritati
1127 482 1430 548 videntur
1472 480 1847 547 adversari?
1930 480 2064 561 Qui
2103 502 2249 545 cum
2286 481 2416 547 fide
2456 481 2767 568 digniores

477 605 850 682 putarentur
889 614 1052 668 esse,
1099 591 1192 657 sic
1232 591 1366 655 fere
1409 590 1651 655 factum
1695 599 1813 664 est,
1862 600 1935 651 ut
1973 586 2260 675 Appiani
2300 591 2579 655 narratio
2622 600 2768 655 tam-

478 726 670 789 quam
728 704 884 769 falsa
941 709 1471 767 contemneretur.
1573 700 1636 762 A
1694 720 1825 781 qua
1872 696 2175 780 equidem
2236 700 2549 763 sententia
2591 699 2771 783 longe

479 812 760 877 discedo.
858 810 980 891 Tot
1023 808 1192 874 enim
1233 807 1454 891 rebus·
1475 828 1638 889 quae
1681 806 2021 891 Appianus
2066 818 2313 882 narrat,
2374 807 2455 872 ab
2500 806 2581 871 iis
2624 828 2772 890 quae

479 920 706 1005 reliqui
744 919 1061 995 differunt,
1103 927 1172 981 ut
1217 916 1478 979 diversa
1514 936 1589 979 ea
1630 936 1775 979 esse
1816 936 2081 979 necesse
2123 914 2223 979 sit.
2293 915 2411 979 Ille
2443 911 2775 979 Caesarem

479 1038 756 1095 creatum
803 1048 942 1093 esse
985 1026 1074 1091 ait
1115 1035 1455 1111 postquam
1497 1024 1562 1086 in
1605 1021 1835 1087 urbem
1878 1022 2161 1100 advenit,
2205 1024 2273 1088 hi
2314 1045 2466 1088 cum
2506 1031 2679 1087 esset
2720 1022 2777 1085 iu

477 1138 723 1214 itinere,
761 1137 864 1202 ille
909 1136 1046 1201 sine
1093 1143 1337 1209 senatu,
1379 1132 1445 1195 hi
1488 1154 1569 1194 ex
1610 1127 1775 1205 SC.‚
1821 1130 1929 1195 ille
1970 1153 2052 1194 ex
2090 1133 2333 1197 nullius
2375 1130 2779 1218 magistratus

481 1245 874 1321 auctoritate,
920 1242 985 1308 hi
1027 1266 1065 1308 a
1104 1242 1198 1306 M.
1243 1240 1519 1325 Lepido,
1560 1238 1666 1303 ille
1709 1239 1814 1302 vel
1857 1240 2009 1322 quia
2044 1240 2351 1306 invidiam
2389 1241 2652 1326 fugeret
2692 1240 2781 1303 vel

477 1354 630 1440 quia
675 1377 800 1419 non
841 1376 1004 1441 opus
1048 1350 1330 1427 haberet,
1374 1348 1551 1432 quod
1590 1346 1871 1412 oblatum
1912 1359 2065 1425 erat,
2106 1371 2257 1413 eum
2286 1371 2416 1413 non
2440 1349 2779 1434 accepisse,

477 1463 544 1527 hi
591 1463 937 1549 accepisse,
995 1471 1066 1525 ut
1109 1461 1190 1525 de
1237 1457 1360 1522 alia
1402 1480 1473 1521 re
1514 1456 1877 1521 necessario
1930 1467 2141 1521 narret
2191 1456 2331 1533 ille,
2397 1456 2480 1521 de
2533 1457 2665 1522 alia
2707 1456 2780 1519 hi.

479 1568 616 1637 Sed
659 1592 734 1636 ea
765 1571 862 1635 uti
899 1569 1174 1644 diversa,
1217 1567 1308 1631 ita
1347 1564 1540 1630 simili
1583 1574 1795 1628 tamen
1838 1587 1919 1628 ex
1961 1587 2199 1650 genere
2242 1576 2408 1641 erat3
2462 1588 2620 1630 nam
2658 1564 2784 1649 Ap-

475 1681 706 1767 pianus
764 1701 910 1744 cum
967 1673 1310 1740 Caesarem
1365 1668 1537 1739 dicat
1593 1694 1721 1736 non
1780 1683 2045 1759 accepta
2098 1696 2202 1750 ea,
2264 1696 2457 1757 quam
2510 1674 2785 1759 populus

479 1790 774 1864 deferret,
819 1794 1126 1872 potestate
1168 1782 1471 1847 undecim
1513 1791 1759 1845 tantum
1800 1781 1940 1847 dies
1986 1782 2191 1846 fuisse
2232 1781 2639 1858 dictatorem,
2684 1805 2787 1867 po-

477 1898 701 1983 pulum
757 1896 960 1961 maius
1011 1890 1269 1976 aliquod
1326 1890 1680 1955 dictaturae
1736 1912 1943 1975 genus
1986 1890 2046 1955 ei
2089 1890 2399 1955 obtulisse
2449 1892 2787 1977 significat.

477 2007 582 2071 Ac
625 2005 720 2070 sic
756 2026 892 2068 rem
927 2012 1134 2067 actam
1172 2021 1313 2063 esse
1360 1998 1743 2064 debebimus
1789 2008 2089 2063 statuere.
2172 1996 2449 2075 Caesar,
2504 2010 2589 2063 ut
2632 2000 2787 2063 dixi-

475 2138 644 2190 mus,
683 2112 980 2197 quoniam
1025 2117 1088 2173 et
1121 2108 1188 2171 in
1225 2106 1574 2191 provinciis
1614 2117 1676 2170 et
1710 2106 1778 2169 in
1815 2105 1977 2171 urbe
2018 2107 2173 2172 satis
2204 2107 2523 2192 potentiae
2556 2106 2788 2173 habere

477 2222 600 2288 sibi
656 2218 992 2285 videbatur
1047 2216 1306 2281 decreta
1355 2215 1467 2281 illa
1513 2215 1988 2301 proconsulari,
2050 2214 2133 2281 de
2174 2238 2305 2301 qua
2342 2216 2789 2301 exposuimus,
2866 2278 2868 2313 ;

476 2340 816 2418 potestate,
874 2350 1002 2392 una
1057 2326 1140 2389 de
1197 2347 1265 2389 re
1319 2322 1719 2409 ambigebat,
1780 2344 1910 2407 quo
1955 2335 2144 2408 pacto
2191 2324 2595 2408 insequentis
2648 2326 2789 2390 anni
2866 2314 2869 2365 ἶ

475 2438 730 2505 comitia
780 2436 1070 2512 haberet3
1133 2456 1330 2518 quare
1380 2441 1529 2518 post
1584 2431 1917 2497 victoriam
1961 2432 2467 2517 Hispaniensem
2518 2433 2623 2499 M.
2674 2435 2790 2499 Le·
2866 2370 2868 2486 l

474 2547 670 2633 pidus
712 2545 922 2630 legem
960 2542 1124 2618 tulit,
1168 2551 1240 2605 ut
1284 2541 1686 2605 comitiorum
1722 2538 2169 2605 habendorum
2208 2564 2405 2608 causa
2440 2541 2523 2607 ab
2568 2566 2651 2607 eo
2694 2544 2789 2627 qui
2864 2588 2866 2599 ,

474 2665 614 2719 tum
653 2651 800 2718 urbi
838 2660 1180 2737 praeesset,
1226 2659 1521 2734 praetore
1558 2647 1935 2713 dictatorem
1972 2649 2105 2714 dici
2133 2649 2371 2717 liceret.
2438 2650 2615 2717 Nam
2648 2675 2794 2738 ges-

475 2762 638 2827 sisse
683 2771 850 2826 certe
895 2757 1240 2825 Caesarem
1280 2756 1398 2821 hoc
1435 2756 1646 2823 levius
1682 2755 2159 2840 quodammodo
2192 2758 2551 2825 dictaturae
2587 2784 2797 2847 genus
2862 2820 2864 2827 .

475 2870 578 2935 vel
631 2869 794 2935 illud
850 2879 947 2933 est
1001 2878 1412 2952 argument0‚
1485 2865 1661 2949 quod
1726 2864 1977 2929 nullum
2049 2867 2431 2952 magistrum
2504 2870 2794 2953 equitum

471 2979 728 3045 habuit:
775 3000 901 3061 quo
943 2998 1156 3041 carere
1199 2974 1575 3039 dictatorem
1617 2997 1763 3039 cum
1806 2996 1926 3039 nec
1965 2974 2188 3041 liceret
2230 2976 2543 3061 (Dionys.
2572 2979 2663 3057 V,
2690 2980 2793 3063 75)
2862 3002 2864 3041 ἦ

471 3099 536 3153 et
575 3088 712 3153 sine
755 3085 1044 3170 exemplo
1085 3083 1386 3149 historiae
1427 3082 1530 3159 sit,
1574 3082 1699 3146 nisi
1746 3106 1894 3147 eum
1912 3130 1929 3161 ,
1976 3084 2087 3168 qui
2132 3106 2259 3148 non
2303 3086 2397 3150 rei
2445 3090 2791 3171 gerendae,
2862 3044 2864 3099 ¹

473 3197 588 3262 sed
644 3194 799 3260 certi
853 3192 1046 3257 unius
1107 3191 1349 3277 negotii
1402 3190 1893 3255 administrandi
1957 3213 2153 3257 causa
2202 3194 2415 3260 factus
2475 3196 2559 3259 sit
2616 3196 2793 3280 (Liv.
2860 3272 2862 3277 .

469 3302 741 3378 XXIII,
767 3301 896 3386 22),
938 3322 1018 3363 ne
1047 3296 1394 3364 Caesarem
1435 3299 1702 3383 quidem
1742 3300 2249 3367 existimabimus
2294 3303 2378 3368 ob
2416 3303 2615 3371 aliam
2663 3330 2791 3371 rem
2860 3346 2862 3383 ,

471 3410 800 3497 accepisse
839 3408 1224 3473 dictaturam
1264 3408 1388 3472 nisi
1425 3417 1499 3471 ut
1536 3408 1653 3472 rite
1698 3409 1995 3474 consules
2039 3420 2302 3475 crearet.
2369 3412 2461 3475 At
2484 3416 2790 3499 populus,
2861 3386 2862 3402 ἵ

469 3518 580 3583 ubi
617 3517 725 3582 ille
764 3516 988 3582 urbem
1023 3516 1285 3593 introiit,
1322 3518 1649 3602 postulare
1682 3518 1911 3602 coepit,
1949 3527 2023 3582 ut
2050 3518 2355 3584 maiorem
2380 3519 2563 3585 illam
2590 3521 2793 3587 dicta·
2858 3594 2860 3603 ¹

468 3638 697 3703 turam,
737 3647 864 3710 qua
901 3624 980 3689 L.
1025 3624 1210 3690 Sulla
1246 3625 1400 3690 olim
1438 3626 1522 3689 ad
1560 3625 2023 3711 rempublicam
2067 3626 2591 3695 constituendam
2634 3655 2791 3697 usus
2858 3604 2860 3641 ᾖ

467 3745 632 3810 erat,
693 3733 927 3798 deferri
985 3734 1109 3798 sibi
1161 3744 1507 3819 pateretur.
1602 3732 1755 3815 Qua
1804 3744 2101 3799 recusata
2158 3737 2339 3820 (nam
2387 3736 2457 3801 id
2502 3738 2791 3826 Appiani

465 3842 910 3929 imperfectum
951 3837 1160 3926 ἡρεῖτο
1208 3841 1558 3929 significat)
1603 3841 1777 3907 omni
1821 3842 2081 3907 omnino
2124 3843 2445 3910 dictatura
2490 3867 2641 3912 sese
2680 3849 2790 3915 ab·

467 3952 726 4017 dicavit.
811 3949 1036 4034 Neque
1083 3952 1252 4015 enim
1294 3973 1370 4015 ea
1409 3972 1573 4037 opus
1610 3950 1917 4029 habebat3
1968 3975 2115 4017 nam
2156 3952 2288 4018 Dio
2318 3953 2511 4031 XLI,
2547 3956 2633 4022 36
2678 3958 2787 4023 ait:

467 4064 546 4143 τῇ
585 4080 650 4121 τε
693 4056 806 4140 γὰρ
844 4058 1010 4143 παρὰ
1050 4062 1167 4121 τῶν
1218 4060 1424 4123 ὅπλων
1473 4060 1635 4145 ἰσχύϊ
1676 4060 1899 4145 ἐχρῆτο
1945 4064 2047 4125 καὶ
2084 4061 2326 4147 προςέτι
2364 4064 2467 4125 καὶ
2508 4065 2785 4135 ἐξουσίαν

467 4166 721 4249 ἔννομον
770 4167 841 4248 δή
881 4188 1010 4229 τινα
1051 4166 1218 4251 παρὰ
1257 4172 1363 4249 τῆς
1402 4167 1534 4231 ἐκεῖ
1566 4171 1796 4254 βουλῆς
1836 4170 2209 4257 προςέλαβε·
2258 4171 2457 4234 πάντα
2488 4172 2607 4258 γὰρ
2642 4174 2785 4258 μετὰ

467 4274 678 4344 ἀδείας
736 4274 852 4339 ὅσα
910 4273 978 4338 ἂν
1042 4276 1327 4361 βουληθῇ
1378 4280 1656 4362 πράττειν
1708 4280 1765 4341 οἱ
1814 4278 2141 4363 ἐπετράπη.
2236 4277 2563 4345 Nimirum
2610 4282 2780 4358 haec,

399 4414 404 4419 ·
467 4404 660 4465 quam
684 4382 816 4447 Dio
854 4383 977 4449 hoc
1011 4384 1154 4449 loco
1189 4396 1657 4463 commemorat,
1696 4410 1735 4451 a
1762 4396 1988 4452 senatu
2016 4387 2225 4451 delata
2252 4388 2541 4455 omnium
2576 4412 2777 4456 rerum
