2917 5017
825 289 912 338 De
944 285 1112 338 Gallia
1144 287 1497 338 Romanorum
1536 289 1814 352 provincia.
2403 287 2479 354 41

145 452 494 516 attributas
519 459 882 537 municipiis
914 459 1046 538 lege
1069 458 1356 536 Pompeia
1395 453 1703 520 referens.
1744 453 1909 518 Nam
1931 455 2107 540 quod
2130 451 2485 544 Savignius

141 559 183 623 1.
233 559 279 624 l.
324 583 394 646 p.
446 561 590 639 326,
623 562 815 654 'quod
857 562 1150 628 civitates
1191 561 1382 627 Latio
1423 563 1747 649 praeditae
1784 563 2136 649 municipia
2178 565 2485 652 appellari

142 689 274 732 non
313 680 610 755 possent,
669 671 751 736 de
791 670 917 736 alio
957 669 1238 754 quodam
1277 669 1592 757 Pompeio
1610 717 1627 747 ,
1681 671 1859 736 velut
1896 691 2029 736 cos.
2066 673 2217 737 anni
2258 673 2337 738 35
2380 673 2485 738 vel

144 777 214 841 31
263 801 327 842 a.
373 774 538 842 Chr.
598 778 701 843 vel
752 777 827 842 14
871 801 936 864 p.
981 775 1138 844 Chr.
1195 778 1432 864 cogitat
1451 826 1469 856 ,
1532 801 1653 844 nec
1694 779 1959 845 difficile
2012 779 2191 845 factu
2238 779 2358 856 sit,
2414 791 2487 846 ut

141 907 368 950 omnes
395 887 544 950 illos
571 885 766 952 huius
800 886 966 972 legis
989 898 1282 952 auctores
1315 909 1457 954 esse
1479 909 1607 952 non
1630 909 1821 974 posse
1852 887 2389 966 demonstremus,
2424 897 2487 953 et

145 994 510 1080 municipia
549 993 740 1058 etiam
779 994 848 1058 in
886 993 1352 1079 Transpadana
1398 993 1615 1061 Gallia
1656 997 1859 1062 fuisse
1904 1017 2103 1082 supra
2140 995 2482 1063 docuimus

144 1112 204 1165 et
245 1101 544 1186 denique
586 1101 842 1167 Plinius
901 1124 981 1166 ex
1035 1125 1188 1167 suae
1241 1103 1468 1168 aetatis
1521 1125 1649 1170 usu
1700 1104 1961 1170 videtur
2022 1102 2237 1169 dicere
2260 1151 2277 1180 ,
2338 1125 2487 1169 cum

20 1207 22 1210 ’
142 1231 304 1293 quae
371 1209 674 1276 civitates
736 1233 850 1295 per
908 1211 1148 1276 bellum
1201 1211 1557 1276 Marsicum
1621 1211 2034 1278 Latinitatem
2084 1222 2485 1299 acceperant,

143 1317 406 1382 dudum
467 1318 537 1380 in
593 1318 800 1404 ipsam
853 1318 1172 1384 civitatem
1228 1329 1525 1406 receptae
1580 1331 1779 1385 erant.
1875 1319 2011 1385 Sed
2062 1342 2231 1404 quae
2274 1331 2485 1386 tamen

143 1436 238 1490 est
277 1426 400 1490 illa
447 1426 600 1490 lex?
689 1426 821 1491 Vix
865 1428 1033 1494 enim
1077 1427 1266 1493 video
1308 1427 1449 1494 fieri
1500 1428 1826 1514 potuisse,
1871 1440 1945 1493 ut
1994 1429 2097 1494 hic
2134 1425 2257 1494 Cn.
2294 1427 2486 1492 Pom-

139 1534 330 1620 peius
383 1533 658 1598 similem
699 1535 975 1619 aliquam
1016 1536 1227 1621 legem
1288 1537 1485 1602 ferret
1536 1548 1727 1621 atque
1776 1537 1927 1602 illae
1970 1538 2266 1612 suerunt,
2324 1556 2486 1618 quas

139 1641 220 1704 L.
268 1640 528 1708 Caesar
569 1653 634 1708 et
677 1643 772 1706 illi
816 1643 1059 1710 tribuni
1096 1642 1306 1730 plebis
1349 1657 1763 1728 rogaverunt.
1822 1642 2162 1729 Siquidem
2204 1665 2287 1710 ex
2322 1641 2485 1708 urbe

141 1752 482 1834 profectus
527 1762 628 1816 est
669 1743 973 1817 continuo
1011 1762 1354 1837 postquam
1399 1753 1807 1818 consulatum
1844 1752 2021 1828 iniit;
2066 1775 2215 1818 nam
2240 1752 2307 1816 in
2344 1751 2487 1836 ipsa

141 1859 367 1923 hieme
393 1860 736 1946 Appianus
778 1860 924 1924 bell.
967 1861 1090 1926 civ.
1127 1861 1182 1936 I,
1229 1859 1310 1925 50
1353 1858 1434 1925 ab
1470 1881 1547 1924 eo
1572 1859 1791 1925 hostes
1836 1859 1921 1924 ad
1964 1881 2136 1924 mare
2181 1881 2489 1944 superum

143 1989 390 2053 magno
413 1969 664 2053 proelio
703 1969 910 2034 victos
953 1991 1096 2032 esse
1137 1977 1390 2044 narrat3
1439 1966 1688 2034 redisse
1734 1978 1945 2034 autem
1980 1990 2127 2033 eum
2162 1968 2231 2032 in
2260 1967 2489 2032 urbem

144 2097 224 2138 ex
265 2077 460 2142 fastis
512 2077 968 2162 cognoscimus
995 2100 1050 2141 a.
1083 2074 1148 2139 d.
1171 2076 1268 2140 VI
1289 2075 1388 2139 Id.
1412 2077 1548 2140 Ian.
1590 2077 1673 2142 ad
1713 2077 2113 2164 triumphum
2158 2074 2487 2162 agendum

143 2185 540 2269 comitiaque
583 2185 855 2271 proximi
899 2184 1047 2247 anni
1091 2183 1408 2249 habenda.
1488 2181 1775 2266 Quando
1817 2186 2021 2272 igitur
2060 2185 2277 2251 tulerit
2323 2184 2490 2249 hanc

141 2292 380 2378 legem,
430 2315 562 2357 non
603 2293 872 2377 reperio,
957 2289 1092 2356 Sed
1131 2291 1414 2377 potuerit
1457 2292 1645 2369 ferre,
1682 2304 1755 2357 ut
1792 2316 1917 2358 non
1958 2295 2189 2380 potuit,
2234 2295 2488 2378 qualem

143 2403 411 2466 tandem
452 2423 596 2464 eam
636 2400 840 2466 fuisse
885 2400 1244 2485 putamus?
1288 2399 1542 2465 Plinius
1590 2423 1669 2468 ea
1712 2402 2027 2485 quosdam
2066 2402 2339 2488 populos
2366 2400 2488 2466 Al-

147 2510 333 2594 pinos
383 2509 758 2594 municipiis
781 2507 1022 2574 Italicis
1067 2505 1410 2572 attributos
1459 2531 1603 2574 esse
1650 2508 1877 2574 scribit
1900 2509 1942 2573 i.
1972 2531 2029 2574 e.
2068 2531 2181 2574 eos
2222 2509 2311 2573 ita
2342 2531 2487 2574 esse

149 2616 213 2681 in
253 2619 496 2681 horum
527 2617 631 2681 ius
655 2639 731 2681 ac
750 2626 1128 2702 potestatem
1151 2616 1470 2693 redactOS,
1511 2629 1585 2682 ut
1608 2617 1735 2703 ipsi
1760 2618 2001 2683 nullam
2024 2616 2487 2703 rempublicam

150 2724 495 2801 haberent,
543 2724 660 2788 sed
701 2748 740 2787 a
779 2723 1142 2808 praefectis,
1192 2746 1355 2809 quos
1399 2725 1779 2791 decuriones
1822 2725 2319 2811 municipiorum
2358 2725 2487 2788 iuri
2554 2753 2558 2757 ¹

167 2831 436 2897 dicundo
467 2832 954 2918 praefecissent,
981 2845 1380 2916 regerentur.
1445 2833 1540 2898 At
1568 2832 1691 2898 hoc
1711 2832 2035 2916 huiusque
2064 2831 2295 2896 similia
2316 2854 2482 2895 nun-

163 2961 347 3023 quam
385 2941 450 3004 in
477 2941 747 3025 imperio
769 2941 1056 3006 Romano
1097 2941 1178 3004 iis
1226 2939 1482 3025 legibus
1526 2942 1876 3006 constituta
1918 2950 2089 3015 sunt,
2136 2961 2297 3023 quas
2347 2939 2487 3026 ipse

157 3050 436 3134 populus
475 3049 718 3112 Romae
763 3048 1115 3124 sanxisset3
1155 3048 1553 3128 pertinebant
1593 3049 1760 3112 enim
1796 3049 1879 3113 ad
1921 3047 2343 3135 provincialia
2383 3050 2487 3134 xgel

154 3155 574 3241 municipalia
600 3156 914 3233 instituta,
947 3179 1112 3240 quae
1141 3156 1266 3221 nisi
1301 3157 1384 3222 ab
1409 3180 1485 3222 eo
1510 3158 1621 3241 qui
1644 3158 1712 3221 in
1736 3157 1897 3221 locis
1919 3157 2079 3241 ipsis
2100 3168 2485 3235 versaretur,

159 3275 322 3329 recte
368 3264 804 3330 administrari
847 3265 1203 3349 nequirent.
1268 3264 1575 3349 Longum
1600 3274 1699 3328 est
1722 3263 1889 3329 hanc
1927 3285 2061 3328 rem
2090 3265 2486 3350 argumentis
2527 3271 2531 3276 ’

159 3383 340 3457 atque
385 3372 721 3458 exemplis,
779 3395 944 3456 quae
985 3372 1262 3458 plurima
1303 3373 1727 3457 reperiuntur,
1772 3373 2239 3450 demonstrare,
2294 3396 2487 3459 quam

149 3482 256 3564 qui
326 3480 644 3546 rationem
707 3480 1061 3545 Romanam
1120 3481 1454 3566 paululum
1524 3479 1799 3557 tenebit,
1864 3481 2053 3546 facile
2120 3481 2485 3567 perspiciet.

150 3589 508 3673 Nunquam
559 3586 709 3652 dico
767 3611 842 3653 eo
885 3587 1146 3672 quidem
1188 3600 1510 3676 tempore,
1572 3612 1701 3673 quo
1750 3587 2092 3674 imperium
2128 3589 2486 3655 Romanum

147 3697 348 3762 latius
381 3694 663 3783 patebat,
707 3694 1166 3782 rempublicam
1207 3697 1406 3762 ullius
1451 3697 1727 3764 civitatis
1758 3694 1838 3760 ab
1864 3707 2091 3760 senatu
2116 3698 2487 3784 populoque

149 3806 448 3870 Romano
489 3805 580 3869 ita
619 3827 763 3869 esse
805 3804 1239 3899 constitutam,
1281 3815 1355 3870 ut
1397 3806 1454 3870 is
1479 3805 1620 3892 ipse
1660 3805 1819 3890 quid
1844 3805 1927 3871 de
1947 3793 2202 3894 quaque
2238 3829 2306 3870 re
2346 3807 2485 3872 fieri

153 3915 440 4000 placeret
484 3913 969 3998 praescriberet,
1011 3913 1128 3978 sed
1168 3914 1268 3980 vir
1301 3913 1430 3979 fide
1461 3914 1702 4000 dignus
1723 3905 2163 3998 locorumque,
2208 3935 2485 3999 quorum

153 4045 259 4088 res
308 4021 647 4110 agebatur,
688 4022 940 4108 peritus
983 4021 1378 4108 eligebaturz
1436 4022 1496 4088 ei
1530 4023 1975 4101 mandabatur,
2016 4032 2091 4088 ut
2132 4024 2308 4107 quod
2356 4022 2485 4110 ipsi

153 4131 554 4215 consilioque
601 4130 765 4207 eius,
806 4131 946 4197 sive
989 4130 1060 4194 id
1103 4131 1244 4217 ipse
1273 4131 1553 4218 elegerat
1588 4133 1725 4198 sive
1747 4123 1956 4198 Roma
1978 4132 2208 4197 missos
2229 4131 2483 4216 legatos

153 4219 495 4326 acceperat
509 4287 528 4317 ,
570 4238 924 4326 placuisset
940 4287 958 4318 ,
1000 4239 1070 4304 id
1117 4240 1569 4317 constitueret,
1624 4261 1819 4326 quare
1846 4241 1995 4306 'fere
2032 4259 2293 4324 praeses
2334 4259 2483 4323 pro-

155 4350 408 4416 vinciae
446 4348 554 4414 vel
607 4347 719 4432 qui
761 4348 1072 4434 populum
1117 4348 1389 4435 aliquem
1434 4348 1678 4415 vicerat
1724 4347 1993 4434 eiusque
2048 4347 2327 4414 rationes
2375 4367 2485 4412 co-
