2917 5017
623 339 706 386 De
743 335 916 386 Gallia
949 339 1298 388 Romanorum
1337 340 1598 403 provincia
1634 341 1911 404 appendix.
2306 341 2423 407 165

137 504 338 565 habeat
374 501 532 565 illud
579 501 768 576 inest,
813 511 885 564 ut
925 523 1050 565 non
1095 500 1330 566 debere
1371 498 1635 566 Caesari
1674 502 1921 570 diutius
1965 507 2233 573 concedi
2276 531 2425 593 pro-

137 610 386 673 vinciam
431 605 660 674 Cicero
707 620 994 686 censeat3
1051 619 1268 674 utrum
1312 608 1539 674 habeat
1580 609 1691 676 ille
1734 611 1863 678 iam
1906 613 2153 680 diutius
2196 637 2423 691 necne,

135 740 246 782 non
287 717 667 782 decernitur.

281 827 480 890 Paulo
527 827 715 910 plura
779 826 862 890 de
905 823 1218 891 Cicerone
1279 826 1561 890 diximus
1606 826 1824 904 inviti,
1882 851 2091 914 pauca
2131 831 2422 897 dicemus

133 936 202 999 de
239 932 510 998 Caesare
549 933 697 998 bell.
739 933 862 998 civ.
903 935 956 1008 I,
1001 935 1042 998 9
1061 979 1078 1009 ,
1133 935 1244 1018 qui
1287 936 1548 1000 ineunte
1592 957 1757 1000 anno
1800 936 1879 1000 49
1917 937 2001 1003 ad
2040 938 2423 1024 Pompeium

133 1044 213 1106 sic
250 1041 580 1126 scripsisse
629 1063 698 1105 se
741 1056 985 1105 narrat:
1059 1046 1335 1105 Doluisse
1379 1066 1438 1104 se
1480 1046 1644 1124 quod
1673 1048 1897 1124 populi
1938 1049 2215 1110 Romam·
2250 1049 2421 1112 beno-

118 1155 318 1233 ficium
374 1151 492 1212 sibi
535 1172 649 1231 per
697 1153 1130 1214 contumeliam
1179 1150 1252 1212 ab
1291 1153 1563 1212 inimicis
1599 1163 2062 1233 extorqueretur
2106 1166 2423 1236 ereptoque

129 1263 424 1321 semenstri
463 1262 718 1339 imperio
753 1261 824 1318 in
857 1259 1064 1320 urbem
1108 1260 1547 1331 retraheretur,
1592 1264 1772 1322 cuius
1812 1261 2075 1324 absentis
2113 1267 2419 1328 rationem

128 1369 317 1430 haberi
343 1371 650 1448 proximis
693 1369 956 1428 comitiis
979 1369 1252 1446 populus
1297 1369 1578 1430 iusszkset.
1678 1367 1783 1430 De
1824 1367 1924 1432 his
1968 1368 2057 1434 ita
2101 1369 2419 1435 Hofman-

129 1499 232 1539 nus
274 1499 331 1560 p.
377 1474 452 1538 14
497 1474 820 1558 disputat,
883 1473 1141 1538 comitia
1179 1473 1469 1558 proxima
1513 1472 1642 1538 dici
1684 1485 1795 1538 aut
1836 1497 1913 1540 ea
1956 1498 2121 1560 quae
2162 1489 2417 1544 antece-

131 1583 260 1647 dant
285 1583 432 1646 anni
459 1583 542 1646 50
569 1592 679 1645 aut
707 1603 874 1664 quae
903 1581 1322 1664 insequantur
1345 1581 1495 1646 anni
1521 1581 1599 1646 49
1614 1606 1631 1657 ;
1668 1604 1867 1665 quare
1896 1606 2039 1648 cum
2070 1597 2419 1652 semenstre

131 1691 435 1775 imperium
489 1700 780 1774 ereptum
835 1711 977 1754 esse
1033 1700 1356 1766 narretur,
1409 1689 1493 1754 ad
1534 1689 1789 1754 initium
1832 1703 1945 1755 aut
1988 1693 2137 1756 anni
2184 1695 2262 1758 49
2308 1705 2419 1758 aut

136 1800 254 1862 anni
289 1799 365 1862 48
411 1797 754 1883 perveniri,
801 1797 978 1860 nullo
1020 1797 1211 1861 modo
1251 1798 1332 1862 ad
1378 1797 1628 1860 initium
1668 1798 1818 1862 anni
1852 1799 1955 1874 50,
1998 1800 2083 1864 de
2121 1824 2251 1886 quo
2287 1802 2419 1866 Dio

134 1907 340 1970 credat.
462 1906 786 1970 Nimirum
847 1906 902 1970 si
961 1915 1308 1970 semenstre
1366 1905 1708 1991 imperium
1764 1906 1870 1970 vel
1926 1909 2187 1972 omnino
2242 1909 2417 1993 quod

131 2028 350 2100 tempus
399 2015 486 2080 ad
547 2014 800 2079 comitia
859 2015 1222 2079 consularia
1273 2013 1664 2100 pertinebat,
1723 2013 1991 2099 imperio
2033 2015 2179 2101 lege
2222 2016 2417 2080 Pom-

129 2124 248 2208 peia
285 2123 430 2187 dato
479 2122 938 2208 comprehendi
981 2133 1302 2207 oporteret
1318 2145 1335 2198 3
1384 2122 1499 2185 sed
1538 2122 1610 2185 id
1648 2123 2087 2188 Hofmannum
2128 2147 2208 2189 ex
2249 2122 2418 2190 Sue-

128 2232 259 2294 tonii
296 2233 436 2296 loeo
483 2232 700 2294 minus
740 2242 912 2295 recte
955 2231 1269 2315 explicato
1309 2230 1597 2295 effecisse
1641 2230 2063 2296 ostendimus.
2142 2233 2244 2297 Ac
2287 2242 2419 2298 tota

127 2339 256 2402 haec
305 2339 466 2404 ratio
533 2340 617 2402 ad
659 2362 936 2404 errorem
981 2340 1092 2424 qui
1140 2339 1302 2404 falso
1345 2337 1547 2402 Dioni
1590 2337 1944 2422 imputatur
1990 2340 2415 2406 refellendum

124 2447 388 2529 pertinet.

265 2553 508 2619 Verum
549 2556 762 2620 omnia
795 2555 975 2632 haec,
1017 2577 1181 2639 quae
1217 2553 1432 2618 adhue
1466 2553 1994 2631 examinavimus,
2028 2556 2097 2619 in
2129 2577 2297 2620 anno
2333 2556 2415 2621 50

128 2661 443 2727 reiiciendo
507 2675 876 2728 versantur:
947 2685 1112 2747 quae
1171 2660 1485 2747 proficisci
1542 2660 1975 2726 intelleximus
2039 2663 2121 2728 ab
2179 2663 2414 2728 Dionis

125 2768 246 2833 loeo
283 2793 512 2854 parum
556 2781 726 2836 recte
767 2770 1105 2855 explicato,
1151 2769 1491 2854 propagari
1532 2769 1613 2835 ad
1646 2769 1879 2834 multas
1904 2769 2118 2835 minus
2144 2771 2413 2836 subtiles

125 2876 650 2961 interpretationes
693 2900 1108 2961 errorumque
1149 2901 1188 2942 a
1231 2899 1300 2942 se
1343 2877 1426 2943 ad
1466 2877 1625 2942 alios
1653 2899 1919 2963 magnas
1947 2879 2413 2944 translationes.

127 2980 408 3068 Sequitur
451 2986 760 3072 deinceps
805 2986 980 3072 apud
1025 2986 1467 3050 Hofmannum
1520 3007 1583 3070 p.
1632 2987 1738 3061 15,
1803 2996 1875 3049 ut
1918 3008 2073 3051 suae
2123 2987 2205 3052 de
2246 2984 2413 3052 Cae-

127 3092 262 3157 saris
300 3093 571 3178 imperio
611 3094 930 3178 opinionis
969 3093 1280 3158 rationem
1319 3092 1569 3169 reddat,
1634 3115 1824 3178 quam
1867 3094 2217 3160 admodum
2258 3096 2413 3160 sim-

124 3199 326 3282 plicem
383 3225 530 3268 esse
592 3203 784 3268 video
839 3214 904 3268 et
959 3223 1134 3276 eam,
1196 3211 1269 3266 ut
1320 3211 1416 3264 tot
1457 3201 1748 3266 homines
1796 3201 1863 3266 in
1906 3225 1975 3266 re
2022 3212 2147 3266 tam
2194 3213 2415 3288 aperta

126 3329 378 3394 unquam
412 3333 684 3395 peccare
723 3311 1010 3396 potuisse
1055 3308 1280 3374 merito
1320 3309 1571 3374 mirere.
1641 3310 1886 3376 Decem
1917 3333 2140 3387 annos,
2183 3312 2411 3396 inquit,

127 3411 364 3482 Caesari
428 3419 614 3486 datos
679 3441 822 3486 esse
885 3429 1166 3495 constat3
1242 3418 1392 3482 item
1451 3417 1633 3504 prius
1696 3418 2210 3502 quinquennium
2272 3417 2412 3486 Cal.

126 3521 288 3588 Mart.
331 3528 482 3592 anni
523 3529 604 3594 54
649 3527 880 3592 exisse.
967 3526 1162 3592 Adde
1205 3527 1477 3591 alterum
1506 3526 2065 3610 quinquennium,
2124 3529 2414 3594 confecta

125 3651 208 3695 res
253 3647 378 3711 est,
435 3637 852 3721 pervenietur
905 3635 987 3702 ad
1048 3632 1188 3700 Cal.
1231 3633 1422 3700 Mart.
1482 3634 1633 3700 anni
1672 3635 1772 3698 49.
1868 3634 2190 3700 Nimirum
2248 3635 2411 3700 illud

127 3741 312 3806 omisit
347 3767 468 3808 nec
509 3767 794 3829 unquam
835 3744 1162 3830 cogitavit,
1199 3743 1266 3806 in
1307 3765 1434 3827 quo
1478 3753 1613 3808 tota
1650 3743 1813 3808 ratio
1856 3743 2101 3820 nititur,
2139 3744 2412 3808 alterum

126 3848 604 3933 quinquennium
639 3852 722 3916 ab
757 3853 1051 3918 confecto
1089 3851 1300 3938 priore
1335 3872 1602 3916 necesse
1634 3871 1777 3916 esse
1802 3851 2021 3937 incipi.
2082 3850 2166 3916 Id
2194 3861 2413 3916 contra

129 3975 246 4020 sess
293 3958 528 4024 habere
593 3983 790 4046 supra
839 3983 904 4046 p.
946 3959 1026 4026 84
1071 3958 1505 4035 ostendimus,
1568 3958 1931 4044 iterumque
1986 3971 2211 4045 postea
2268 3959 2411 4024 aliis

131 4067 492 4147 argumentis
537 4066 1073 4133 confirmabimus.
1164 4064 1358 4134 Cadit
1408 4066 1611 4152 igitur
1666 4066 1827 4133 haec
1880 4066 2043 4132 ratio
2061 4113 2079 4143 ,
2136 4089 2303 4152 quae
2356 4066 2413 4132 si

133 4191 258 4236 vera
309 4185 506 4251 esset,
569 4177 708 4242 sola
753 4199 889 4242 rem
931 4175 1292 4242 conficeret.
1382 4174 1744 4242 Diffidebat
1785 4185 1995 4240 tamen
2038 4173 2141 4240 vir
2180 4174 2410 4238 doctus

133 4275 246 4361 ipse
293 4283 762 4366 quodammodo
816 4294 1028 4350 tantae
1082 4284 1344 4350 rationis
1395 4283 1787 4368 simplicitati
1832 4305 2101 4368 eamque
2150 4280 2409 4346 duobus

135 4385 252 4454 aliis
289 4393 680 4478 argumentis
727 4393 914 4479 quasi
951 4392 1526 4458 commendandam
1572 4413 1715 4458 esse
1759 4390 2027 4478 putavit.
2116 4387 2411 4454 Primum
