2917 5017
152 1537 316 1637 Cum
370 1592 574 1655 nuper
630 1570 698 1633 in
755 1567 1008 1635 Galliae
1061 1569 1433 1655 provinciae
1487 1570 1755 1635 historia
1808 1570 2165 1637 enarranda
2220 1570 2303 1633 ad
2357 1567 2434 1634 C.

150 1676 270 1739 Iulii
308 1674 606 1742 Caesaris
649 1687 937 1763 tempora
977 1678 1521 1763 pervenissemus,
1566 1688 1639 1741 ut
1680 1690 2024 1765 potestates
2065 1678 2205 1743 eius
2246 1688 2435 1761 atque

155 1784 380 1869 imperia
437 1786 816 1871 diligentius
871 1786 1236 1850 examinare
1293 1786 1655 1871 coepimus,
1710 1810 1945 1873 magna
1996 1786 2165 1873 capti
2211 1808 2436 1851 sumus

150 1892 557 1971 admiratione,
597 1895 772 1979 quod
809 1894 1020 1959 omnia
1053 1915 1253 1979 prope
1295 1895 1398 1958 vel
1439 1894 1717 1959 obscura
1754 1896 1859 1959 vel
1893 1895 2135 1959 incerta
2178 1895 2280 1957 vel
2319 1916 2435 1979 pa-

150 2023 262 2063 rum
291 2004 576 2069 virorum
609 2004 944 2067 doctorum
975 2002 1209 2067 studiis
1243 2004 1573 2088 explorata
1598 2026 1741 2068 esse
1765 2001 2155 2067 videremus.
2209 2001 2437 2086 Neque

146 2107 198 2169 id
240 2108 298 2171 in
347 2122 684 2175 auctorum
726 2111 940 2195 inopia
981 2121 1093 2175 aut
1137 2111 1420 2175 exilitate
1468 2111 1721 2186 accidit,
1773 2088 1909 2176 sed„
1934 2121 2027 2174 tot
2070 2110 2435 2193 gravissimi

145 2238 204 2280 ac
250 2218 735 2305 locupletissimi
777 2207 1200 2284 Caesarianae
1261 2220 1483 2283 aetatis
1544 2230 1741 2283 testes
1806 2230 2054 2296 extant,
2115 2230 2273 2303 quot
2325 2219 2437 2282 vix

143 2324 245 2388 alio
295 2326 545 2413 imperii
585 2326 860 2391 Romani
917 2338 1202 2411 tempore
1247 2326 1681 2390 inveniuntur.
1759 2326 2021 2391 Etenim
2064 2349 2146 2390 ne
2184 2327 2278 2390 M.
2322 2324 2436 2390 Ci-

143 2454 427 2510 ceronem,
477 2458 558 2499 ex
597 2434 784 2500 cuius
833 2446 1046 2501 tamen
1083 2434 1265 2499 libris
1298 2430 1624 2497 uberrima
1650 2432 1879 2497 harum
1910 2456 2123 2497 rerum
2152 2434 2435 2519 cognitio

139 2541 249 2624 peti
301 2554 548 2627 potest,
608 2566 1051 2620 numeremus,
1115 2540 1537 2605 Plutarchum
1588 2539 1907 2605 habemus
1956 2552 2019 2605 et
2065 2541 2436 2627 Appianum

141 2660 190 2711 et
224 2649 499 2715 Dionem
545 2649 867 2727 Cassium,
911 2672 1074 2735 quos
1117 2648 1414 2733 quamvis
1457 2658 1745 2733 tempore
1786 2658 2093 2725 remotos,
2144 2660 2208 2711 at
2253 2649 2437 2734 copia

140 2767 189 2818 et
229 2756 347 2823 fide
409 2770 474 2823 et
529 2781 744 2823 rerum
791 2759 1225 2823 Romanarum
1277 2754 1645 2841 cognitione
1698 2755 1873 2821 haud
1935 2758 2435 2822 contemnendos

141 2886 258 2928 esse
303 2867 766 2943 existimamus,
811 2865 1122 2929 habemus
1165 2860 1583 2940 Suetonium,
1632 2886 1854 2929 eorum
1896 2886 2061 2948 quae
2107 2864 2190 2928 ad
2231 2863 2435 2950 impe-

139 2982 350 3038 ratores
375 2975 718 3060 pertinent,
753 2984 1182 3039 enarratorem
1210 2971 1789 3050 accuratissimum,
1815 2970 2127 3038 habemus
2155 2969 2434 3055 denique

139 3078 325 3163 ipsum
356 3086 718 3157 Caesarem,
758 3082 868 3165 qui
913 3080 1062 3147 licet
1103 3103 1335 3147 causae
1376 3102 1531 3145 suae
1573 3080 1841 3143 serviret
1880 3100 2082 3162 eaque
2107 3089 2181 3142 ut
2204 3078 2437 3142 iustior

139 3208 256 3251 esse
297 3190 648 3267 videretur,
689 3189 1004 3274 quaedam
1051 3187 1155 3253 vel
1194 3188 1393 3253 tacuit
1429 3187 1535 3252 vel
1580 3185 1854 3261 addidit,
1896 3196 2109 3251 tamen
2154 3198 2437 3271 tempora

138 3316 340 3380 resque
401 3299 580 3383 ipsas
639 3308 701 3363 et
758 3298 994 3382 optime
1058 3296 1362 3383 cognovit
1421 3307 1484 3360 et
1540 3295 1916 3385 incorrupta
1969 3293 2099 3359 fide
2153 3292 2435 3357 tradidit.

140 3403 386 3469 Accedit
432 3407 518 3471 ad
559 3406 745 3483 haec,
797 3427 962 3490 quae
1001 3428 1119 3491 per
1163 3427 1232 3469 se
1272 3404 1416 3489 ipsa
1457 3402 1612 3467 satis
1655 3402 1888 3466 idonea
1928 3400 2278 3465 existimari
2317 3422 2435 3485 po-

138 3522 344 3589 terunt,
382 3513 878 3599 inscriptionum
917 3525 982 3579 et
1020 3535 1429 3578 nummorum
1466 3510 1822 3575 certissima
1860 3507 2226 3583 auctoritas,
2269 3528 2435 3592 quae

141 3640 264 3681 cum
305 3620 564 3705 publica
607 3622 721 3698 sit,
782 3623 895 3688 ubi
937 3620 1194 3707 publice
1233 3620 1392 3704 quid
1435 3629 1693 3705 gestum
1740 3618 1823 3681 sit
1862 3614 2221 3701 quaeritur,
2277 3613 2436 3677 nihil
2540 3616 2547 3627 “

141 3727 384 3795 dubium
441 3730 802 3814 relinquere
865 3752 1052 3815 posse
1108 3730 1426 3795 videatur.
1516 3726 1927 3810 Quamquam
1986 3722 2065 3788 ab
2122 3720 2282 3807 ipsis
2332 3720 2435 3785 his

142 3838 402 3901 nascitur
459 3837 934 3921 quodammodo
986 3838 1110 3901 hoc
1158 3839 1302 3901 loco
1347 3835 1749 3901 confusionis
1791 3844 1983 3917 atque
2026 3828 2435 3895 obscuritatis

142 3942 385 4011 initium.
497 3945 766 4011 Servata
819 3946 989 4010 enim
1045 3924 1229 4010 nobis
1287 3955 1439 4009 sunt
1495 3945 1563 4007 in
1618 3940 1802 4007 fastis
1842 3936 2235 4025 Capitolinis
2253 3982 2271 4012 ,
2325 3935 2437 4020 qui

147 4055 538 4138 appellantur,
583 4054 715 4118 duo
749 4055 1111 4139 fragmenta
1152 4074 1352 4118 annos
1383 4052 1464 4117 49
1507 4072 1716 4135 usque
1759 4049 1841 4114 ad
1869 4047 1949 4113 43
1982 4070 2040 4110 a.
2065 4043 2221 4110 Chr.
2262 4067 2438 4110 com-

147 4159 477 4241 plectentia,
517 4163 586 4227 in
632 4161 869 4248 quibus
907 4184 1073 4247 quae
1114 4159 1195 4225 de
1235 4157 1637 4246 temporibus
1676 4181 1752 4223 ac
1787 4152 2270 4241 magistratibus
2308 4161 2438 4217 tra-

151 4264 383 4346 duntur,
425 4269 506 4335 ab
543 4270 624 4335 iis
663 4291 826 4355 quae
862 4269 1206 4355 scriptores
1233 4279 1513 4344 narrant,
1554 4266 1646 4331 ita
1672 4262 2007 4328 discedere
2033 4260 2438 4337 videbantur,

152 4388 210 4437 ut
247 4378 320 4443 ab
364 4380 516 4443 viris
561 4378 769 4443 doctis
813 4379 1109 4462 quamvis
1158 4377 1502 4461 diligenter
1543 4371 1998 4457 quaerentibus
2038 4367 2329 4433 nondum
2365 4389 2441 4431 ea
