<?xml version="1.0" encoding="UTF-8"?>
<!DOCTYPE html PUBLIC "-//W3C//DTD XHTML 1.0 Transitional//EN"
    "http://www.w3.org/TR/xhtml1/DTD/xhtml1-transitional.dtd">
<html xmlns="http://www.w3.org/1999/xhtml" xml:lang="en" lang="en">
 <head>
  <title>
</title>
<meta http-equiv="Content-Type" content="text/html;charset=utf-8" />
  <meta name='ocr-system' content='tesseract 3.04.00' />
  <meta name='ocr-capabilities' content='ocr_page ocr_carea ocr_par ocr_line ocrx_word'/>
</head>
<body>
  <div class='ocr_page' id='page_1' title='image "augustiwilhelmi01unkngoog_0380.png"; bbox 0 0 2917 5017; ppageno 0'>
   <div class='ocr_carea' id='block_1_1' title="bbox 791 362 2487 429">
    <p class='ocr_par' dir='ltr' id='par_1_1' title="bbox 791 362 2487 429">
     <span class='ocr_line' id='line_1_1' title="bbox 791 362 2487 429; baseline 0.005 -16"><span class='ocrx_word' id='word_1_1' title='bbox 791 363 874 414; x_wconf 90' lang='lat' dir='ltr'><strong>De</strong></span> <span class='ocrx_word' id='word_1_2' title='bbox 911 364 1280 429; x_wconf 73' lang='lat' dir='ltr'><strong>propagatione</strong></span> <span class='ocrx_word' id='word_1_3' title='bbox 1317 366 1535 415; x_wconf 77' lang='lat' dir='ltr'><strong>civitatis</strong></span> <span class='ocrx_word' id='word_1_4' title='bbox 1572 366 1705 415; x_wconf 84' lang='lat' dir='ltr'><strong>Rom</strong></span> <span class='ocrx_word' id='word_1_5' title='bbox 1713 378 1857 415; x_wconf 80' lang='lat' dir='ltr'><strong>anae.</strong></span> <span class='ocrx_word' id='word_1_6' title='bbox 2366 362 2487 429; x_wconf 81' lang='grc'><strong>365</strong></span> 
     </span>
    </p>
   </div>
   <div class='ocr_carea' id='block_1_2' title="bbox 113 524 2493 3536">
    <p class='ocr_par' dir='ltr' id='par_1_2' title="bbox 113 524 2493 3536">
     <span class='ocr_line' id='line_1_2' title="bbox 167 524 2488 612; baseline 0.002 -23"><span class='ocrx_word' id='word_1_7' title='bbox 167 547 444 610; x_wconf 89' lang='lat' dir='ltr'><strong>rumque</strong></span> <span class='ocrx_word' id='word_1_8' title='bbox 516 526 846 592; x_wconf 84' lang='lat' dir='ltr'><strong>civitatum</strong></span> <span class='ocrx_word' id='word_1_9' title='bbox 917 524 1314 612; x_wconf 86' lang='lat' dir='ltr'><strong>principibus</strong></span> <span class='ocrx_word' id='word_1_10' title='bbox 1377 526 1772 592; x_wconf 90' lang='lat' dir='ltr'><strong>connubium</strong></span> <span class='ocrx_word' id='word_1_11' title='bbox 1834 526 2141 594; x_wconf 87' lang='lat' dir='ltr'><strong>habuisse</strong></span> <span class='ocrx_word' id='word_1_12' title='bbox 2220 538 2488 595; x_wconf 84' lang='lat' dir='ltr'><strong>constat.</strong></span> 
     </span>
     <span class='ocr_line' id='line_1_3' title="bbox 171 630 2489 722; baseline 0.001 -24"><span class='ocrx_word' id='word_1_13' title='bbox 171 630 342 698; x_wconf 86' lang='lat' dir='ltr'><strong>Cum</strong></span> <span class='ocrx_word' id='word_1_14' title='bbox 399 645 613 699; x_wconf 88' lang='lat' dir='ltr'><strong>autem</strong></span> <span class='ocrx_word' id='word_1_15' title='bbox 669 633 922 699; x_wconf 88' lang='lat' dir='ltr'><strong>sublato</strong></span> <span class='ocrx_word' id='word_1_16' title='bbox 973 634 1084 699; x_wconf 92' lang='lat' dir='ltr'><strong>illo</strong></span> <span class='ocrx_word' id='word_1_17' title='bbox 1138 634 1508 701; x_wconf 77' lang='lat' dir='ltr'>discrimine</span> <span class='ocrx_word' id='word_1_18' title='bbox 1550 636 1785 721; x_wconf 91' lang='lat' dir='ltr'><strong>plebeii</strong></span> <span class='ocrx_word' id='word_1_19' title='bbox 1828 636 2113 722; x_wconf 88' lang='lat' dir='ltr'><strong>patriciis</strong></span> <span class='ocrx_word' id='word_1_20' title='bbox 2155 638 2489 722; x_wconf 84' lang='lat' dir='ltr'><strong>exaequati</strong></span> 
     </span>
     <span class='ocr_line' id='line_1_4' title="bbox 171 742 2489 832; baseline 0.002 -27"><span class='ocrx_word' id='word_1_21' title='bbox 171 753 407 817; x_wconf 81' lang='lat' dir='ltr'><strong>essent,</strong></span> <span class='ocrx_word' id='word_1_22' title='bbox 455 743 988 829; x_wconf 79' lang='lat' dir='ltr'><strong>consequebatur,</strong></span> <span class='ocrx_word' id='word_1_23' title='bbox 1035 755 1106 806; x_wconf 90' lang='lat' dir='ltr'><strong>ut</strong></span> <span class='ocrx_word' id='word_1_24' title='bbox 1149 742 1527 807; x_wconf 89' lang='lat' dir='ltr'><strong>Latinorum</strong></span> <span class='ocrx_word' id='word_1_25' title='bbox 1580 744 1903 829; x_wconf 82' lang='lat' dir='ltr'>principes</span> <span class='ocrx_word' id='word_1_26' title='bbox 1946 744 1987 808; x_wconf 92' lang='lat' dir='ltr'><strong>i.</strong></span> <span class='ocrx_word' id='word_1_27' title='bbox 2024 767 2077 809; x_wconf 87' lang='lat' dir='ltr'><strong>e.</strong></span> <span class='ocrx_word' id='word_1_28' title='bbox 2120 745 2229 829; x_wconf 89' lang='lat' dir='ltr'><strong>qui</strong></span> <span class='ocrx_word' id='word_1_29' title='bbox 2284 746 2489 832; x_wconf 88' lang='lat' dir='ltr'><strong>magi-</strong></span> 
     </span>
     <span class='ocr_line' id='line_1_5' title="bbox 169 850 2490 937; baseline 0.002 -24"><span class='ocrx_word' id='word_1_30' title='bbox 169 859 408 915; x_wconf 84' lang='lat' dir='ltr'><strong>stratus</strong></span> <span class='ocrx_word' id='word_1_31' title='bbox 451 850 515 913; x_wconf 89' lang='lat' dir='ltr'><strong>in</strong></span> <span class='ocrx_word' id='word_1_32' title='bbox 559 851 794 916; x_wconf 86' lang='lat' dir='ltr'><strong>Latina</strong></span> <span class='ocrx_word' id='word_1_33' title='bbox 829 850 1162 937; x_wconf 82' lang='lat' dir='ltr'><strong>republica</strong></span> <span class='ocrx_word' id='word_1_34' title='bbox 1190 861 1546 937; x_wconf 77' lang='lat' dir='ltr'><strong>gesserant,</strong></span> <span class='ocrx_word' id='word_1_35' title='bbox 1592 852 1985 916; x_wconf 87' lang='lat' dir='ltr'><strong>connubium</strong></span> <span class='ocrx_word' id='word_1_36' title='bbox 2015 875 2163 917; x_wconf 91' lang='lat' dir='ltr'><strong>cum</strong></span> <span class='ocrx_word' id='word_1_37' title='bbox 2190 854 2490 918; x_wconf 88' lang='lat' dir='ltr'><strong>omnibus</strong></span> 
     </span>
     <span class='ocr_line' id='line_1_6' title="bbox 165 957 2491 1037; baseline 0.001 -15"><span class='ocrx_word' id='word_1_38' title='bbox 165 957 420 1034; x_wconf 81' lang='lat' dir='ltr'><strong>civibus</strong></span> <span class='ocrx_word' id='word_1_39' title='bbox 468 959 776 1025; x_wconf 89' lang='lat' dir='ltr'><strong>Romanis</strong></span> <span class='ocrx_word' id='word_1_40' title='bbox 812 959 1137 1025; x_wconf 89' lang='lat' dir='ltr'><strong>haberent.</strong></span> <span class='ocrx_word' id='word_1_41' title='bbox 1217 959 1328 1024; x_wconf 88' lang='lat' dir='ltr'><strong>Sic</strong></span> <span class='ocrx_word' id='word_1_42' title='bbox 1365 959 1681 1024; x_wconf 90' lang='lat' dir='ltr'><strong>accidisse</strong></span> <span class='ocrx_word' id='word_1_43' title='bbox 1710 982 1963 1037; x_wconf 83' lang='lat' dir='ltr'><strong>censeO,</strong></span> <span class='ocrx_word' id='word_1_44' title='bbox 2000 973 2075 1025; x_wconf 91' lang='lat' dir='ltr'><strong>ut</strong></span> <span class='ocrx_word' id='word_1_45' title='bbox 2108 960 2491 1025; x_wconf 91' lang='lat' dir='ltr'><strong>Latinorum</strong></span> 
     </span>
     <span class='ocr_line' id='line_1_7' title="bbox 163 1048 2489 1155; baseline 0.002 -26"><span class='ocrx_word' id='word_1_46' title='bbox 163 1048 580 1151; x_wconf 80' lang='lat' dir='ltr'><strong>mag-istratus</strong></span> <span class='ocrx_word' id='word_1_47' title='bbox 623 1068 900 1133; x_wconf 83' lang='lat' dir='ltr'><strong>civitatis</strong></span> <span class='ocrx_word' id='word_1_48' title='bbox 929 1068 1250 1133; x_wconf 83' lang='lat' dir='ltr'><strong>Romanae</strong></span> <span class='ocrx_word' id='word_1_49' title='bbox 1299 1080 1545 1153; x_wconf 89' lang='lat' dir='ltr'><strong>partem</strong></span> <span class='ocrx_word' id='word_1_50' title='bbox 1591 1068 1903 1154; x_wconf 87' lang='lat' dir='ltr'><strong>privatam</strong></span> <span class='ocrx_word' id='word_1_51' title='bbox 1946 1070 2328 1155; x_wconf 78' lang='lat' dir='ltr'><strong>acciperent,</strong></span> <span class='ocrx_word' id='word_1_52' title='bbox 2376 1070 2489 1155; x_wconf 91' lang='lat' dir='ltr'><strong>qui</strong></span> 
     </span>
     <span class='ocr_line' id='line_1_8' title="bbox 157 1174 2489 1265; baseline 0.003 -30"><span class='ocrx_word' id='word_1_53' title='bbox 157 1175 585 1260; x_wconf 80' lang='lat' dir='ltr'><strong>magistratus</strong></span> <span class='ocrx_word' id='word_1_54' title='bbox 630 1198 753 1239; x_wconf 90' lang='lat' dir='ltr'><strong>non</strong></span> <span class='ocrx_word' id='word_1_55' title='bbox 803 1187 1159 1261; x_wconf 84' lang='lat' dir='ltr'><strong>gesserant,</strong></span> <span class='ocrx_word' id='word_1_56' title='bbox 1205 1198 1281 1240; x_wconf 90' lang='lat' dir='ltr'><strong>ea</strong></span> <span class='ocrx_word' id='word_1_57' title='bbox 1323 1188 1631 1243; x_wconf 83' lang='lat' dir='ltr'><strong>carerent.</strong></span> <span class='ocrx_word' id='word_1_58' title='bbox 1710 1174 2101 1263; x_wconf 83' lang='lat' dir='ltr'><strong>Singillatim</strong></span> <span class='ocrx_word' id='word_1_59' title='bbox 2146 1179 2304 1243; x_wconf 90' lang='lat' dir='ltr'><strong>haec</strong></span> <span class='ocrx_word' id='word_1_60' title='bbox 2345 1202 2489 1265; x_wconf 90' lang='lat' dir='ltr'><strong>per-</strong></span> 
     </span>
     <span class='ocr_line' id='line_1_9' title="bbox 139 1282 2490 1371; baseline 0.003 -26"><span class='ocrx_word' id='word_1_61' title='bbox 139 1282 352 1367; x_wconf 85' lang='lat' dir='ltr'><strong>-sequi</strong></span> <span class='ocrx_word' id='word_1_62' title='bbox 389 1305 518 1347; x_wconf 87' lang='lat' dir='ltr'><strong>non</strong></span> <span class='ocrx_word' id='word_1_63' title='bbox 562 1284 733 1361; x_wconf 86' lang='lat' dir='ltr'><strong>licet,</strong></span> <span class='ocrx_word' id='word_1_64' title='bbox 777 1296 1118 1371; x_wconf 87' lang='lat' dir='ltr'><strong>propterea</strong></span> <span class='ocrx_word' id='word_1_65' title='bbox 1153 1285 1328 1369; x_wconf 90' lang='lat' dir='ltr'><strong>quod</strong></span> <span class='ocrx_word' id='word_1_66' title='bbox 1351 1340 1356 1343; x_wconf 96' lang='lat'>.</span> <span class='ocrx_word' id='word_1_67' title='bbox 1377 1308 1585 1370; x_wconf 91' lang='lat' dir='ltr'><strong>pauca</strong></span> <span class='ocrx_word' id='word_1_68' title='bbox 1630 1285 1887 1351; x_wconf 88' lang='lat' dir='ltr'><strong>omnino</strong></span> <span class='ocrx_word' id='word_1_69' title='bbox 1926 1286 2009 1350; x_wconf 89' lang='lat' dir='ltr'><strong>de</strong></span> <span class='ocrx_word' id='word_1_70' title='bbox 2048 1285 2301 1351; x_wconf 88' lang='lat' dir='ltr'><strong>Latinis</strong></span> <span class='ocrx_word' id='word_1_71' title='bbox 2340 1298 2490 1351; x_wconf 89' lang='lat' dir='ltr'><strong>nota</strong></span> 
     </span>
     <span class='ocr_line' id='line_1_10' title="bbox 142 1381 2489 1480; baseline 0.003 -26"><span class='ocrx_word' id='word_1_72' title='bbox 142 1381 344 1480; x_wconf 53' lang='lat' dir='ltr'><strong>&#39;sunt,-</strong></span> <span class='ocrx_word' id='word_1_73' title='bbox 379 1391 824 1477; x_wconf 87' lang='lat' dir='ltr'><strong>imprimisque</strong></span> <span class='ocrx_word' id='word_1_74' title='bbox 863 1391 1024 1456; x_wconf 90' lang='lat' dir='ltr'><strong>illud</strong></span> <span class='ocrx_word' id='word_1_75' title='bbox 1068 1393 1382 1459; x_wconf 88' lang='lat' dir='ltr'><strong>incertum</strong></span> <span class='ocrx_word' id='word_1_76' title='bbox 1421 1404 1538 1470; x_wconf 88' lang='lat' dir='ltr'><strong>est,</strong></span> <span class='ocrx_word' id='word_1_77' title='bbox 1580 1417 1739 1458; x_wconf 90' lang='lat' dir='ltr'><strong>num</strong></span> <span class='ocrx_word' id='word_1_78' title='bbox 1788 1394 1978 1459; x_wconf 89' lang='lat' dir='ltr'><strong>etiam</strong></span> <span class='ocrx_word' id='word_1_79' title='bbox 2016 1394 2191 1480; x_wconf 91' lang='lat' dir='ltr'><strong>apud</strong></span> <span class='ocrx_word' id='word_1_80' title='bbox 2230 1394 2349 1459; x_wconf 89' lang='lat' dir='ltr'><strong>hos</strong></span> <span class='ocrx_word' id='word_1_81' title='bbox 2400 1396 2489 1460; x_wconf 89' lang='lat' dir='ltr'><strong>si-</strong></span> 
     </span>
     <span class='ocr_line' id='line_1_11' title="bbox 157 1485 2491 1589; baseline 0.003 -27"><span class='ocrx_word' id='word_1_82' title='bbox 157 1485 314 1562; x_wconf 78' lang='lat' dir='ltr'><strong>mile</strong></span> <span class='ocrx_word' id='word_1_83' title='bbox 359 1499 622 1583; x_wconf 85' lang='lat' dir='ltr'><strong>aliquod</strong></span> <span class='ocrx_word' id='word_1_84' title='bbox 668 1500 1029 1586; x_wconf 88' lang='lat' dir='ltr'><strong>principum</strong></span> <span class='ocrx_word' id='word_1_85' title='bbox 1073 1523 1148 1567; x_wconf 92' lang='lat' dir='ltr'><strong>ac</strong></span> <span class='ocrx_word' id='word_1_86' title='bbox 1194 1502 1402 1589; x_wconf 89' lang='lat' dir='ltr'><strong>plebis</strong></span> <span class='ocrx_word' id='word_1_87' title='bbox 1443 1502 1789 1568; x_wconf 88' lang='lat' dir='ltr'><strong>discrimen</strong></span> <span class='ocrx_word' id='word_1_88' title='bbox 1833 1503 2026 1567; x_wconf 88' lang='lat' dir='ltr'><strong>fuerit</strong></span> <span class='ocrx_word' id='word_1_89' title='bbox 2067 1514 2129 1567; x_wconf 89' lang='lat' dir='ltr'><strong>et</strong></span> <span class='ocrx_word' id='word_1_90' title='bbox 2168 1504 2491 1587; x_wconf 88' lang='lat' dir='ltr'><strong>quomodo</strong></span> 
     </span>
     <span class='ocr_line' id='line_1_12' title="bbox 159 1606 2489 1699; baseline 0.003 -29"><span class='ocrx_word' id='word_1_91' title='bbox 159 1606 492 1699; x_wconf 78' lang='lat' dir='ltr'><strong>sublatum</strong></span> <span class='ocrx_word' id='word_1_92' title='bbox 550 1608 671 1671; x_wconf 88' lang='lat' dir='ltr'><strong>sit:</strong></span> <span class='ocrx_word' id='word_1_93' title='bbox 734 1609 850 1673; x_wconf 91' lang='lat' dir='ltr'><strong>sed</strong></span> <span class='ocrx_word' id='word_1_94' title='bbox 911 1620 1176 1687; x_wconf 86' lang='lat' dir='ltr'><strong>tantum,</strong></span> <span class='ocrx_word' id='word_1_95' title='bbox 1227 1609 1475 1696; x_wconf 80' lang='lat' dir='ltr'><strong>opinor,</strong></span> <span class='ocrx_word' id='word_1_96' title='bbox 1520 1622 1803 1697; x_wconf 88' lang='lat' dir='ltr'><strong>apparet,</strong></span> <span class='ocrx_word' id='word_1_97' title='bbox 1863 1634 1991 1695; x_wconf 91' lang='lat' dir='ltr'><strong>quo</strong></span> <span class='ocrx_word' id='word_1_98' title='bbox 2041 1624 2227 1697; x_wconf 86' lang='lat' dir='ltr'><strong>pacto</strong></span> <span class='ocrx_word' id='word_1_99' title='bbox 2284 1612 2489 1677; x_wconf 91' lang='lat' dir='ltr'><strong>omnis</strong></span> 
     </span>
     <span class='ocr_line' id='line_1_13' title="bbox 155 1708 2491 1800; baseline 0.004 -22"><span class='ocrx_word' id='word_1_100' title='bbox 155 1708 303 1791; x_wconf 48' lang='lat' dir='ltr'><strong>illa,</strong></span> <span class='ocrx_word' id='word_1_101' title='bbox 330 1709 438 1789; x_wconf 66' lang='lat' dir='ltr'><strong>&#39;de</strong></span> <span class='ocrx_word' id='word_1_102' title='bbox 496 1729 624 1800; x_wconf 89' lang='lat' dir='ltr'><strong>qua</strong></span> <span class='ocrx_word' id='word_1_103' title='bbox 677 1715 866 1782; x_wconf 91' lang='lat' dir='ltr'><strong>nobis</strong></span> <span class='ocrx_word' id='word_1_104' title='bbox 917 1717 1224 1795; x_wconf 84' lang='lat' dir='ltr'><strong>traditur,</strong></span> <span class='ocrx_word' id='word_1_105' title='bbox 1281 1719 1597 1783; x_wconf 84' lang='lat' dir='ltr'><strong>Latinitas</strong></span> <span class='ocrx_word' id='word_1_106' title='bbox 1653 1740 1732 1782; x_wconf 85' lang='lat' dir='ltr'><strong>ex</strong></span> <span class='ocrx_word' id='word_1_107' title='bbox 1787 1719 2046 1784; x_wconf 87' lang='lat' dir='ltr'><strong>foedere</strong></span> <span class='ocrx_word' id='word_1_108' title='bbox 2100 1718 2314 1785; x_wconf 88' lang='lat' dir='ltr'><strong>Cassii</strong></span> <span class='ocrx_word' id='word_1_109' title='bbox 2360 1744 2491 1787; x_wconf 90' lang='lat' dir='ltr'><strong>cos.</strong></span> 
     </span>
     <span class='ocr_line' id='line_1_14' title="bbox 133 1810 2491 1915; baseline 0.001 -24"><span class='ocrx_word' id='word_1_110' title='bbox 133 1810 303 1915; x_wconf 70' lang='grc' dir='ltr'><strong>ὀρέα</strong></span> <span class='ocrx_word' id='word_1_111' title='bbox 336 1822 455 1914; x_wconf 70' lang='lat' dir='ltr'><strong>sit,</strong></span> <span class='ocrx_word' id='word_1_112' title='bbox 493 1824 672 1889; x_wconf 87' lang='lat' dir='ltr'><strong>nulla</strong></span> <span class='ocrx_word' id='word_1_113' title='bbox 711 1847 882 1890; x_wconf 87' lang='lat' dir='ltr'><strong>nova</strong></span> <span class='ocrx_word' id='word_1_114' title='bbox 917 1826 1062 1912; x_wconf 87' lang='lat' dir='ltr'><strong>lege</strong></span> <span class='ocrx_word' id='word_1_115' title='bbox 1105 1827 1254 1902; x_wconf 87' lang='lat' dir='ltr'><strong>lata,</strong></span> <span class='ocrx_word' id='word_1_116' title='bbox 1293 1827 1473 1892; x_wconf 91' lang='lat' dir='ltr'><strong>nullo</strong></span> <span class='ocrx_word' id='word_1_117' title='bbox 1517 1848 1687 1890; x_wconf 88' lang='lat' dir='ltr'><strong>novo</strong></span> <span class='ocrx_word' id='word_1_118' title='bbox 1726 1826 1866 1891; x_wconf 89' lang='lat' dir='ltr'><strong>iure</strong></span> <span class='ocrx_word' id='word_1_119' title='bbox 1892 1827 2204 1892; x_wconf 86' lang='lat' dir='ltr'><strong>institut0.</strong></span> <span class='ocrx_word' id='word_1_120' title='bbox 2270 1829 2491 1894; x_wconf 90' lang='lat' dir='ltr'><strong>Unum</strong></span> 
     </span>
     <span class='ocr_line' id='line_1_15' title="bbox 155 1914 2493 2024; baseline 0.003 -30"><span class='ocrx_word' id='word_1_121' title='bbox 155 1914 691 2024; x_wconf 47' lang='lat' dir='ltr'><strong>hocJtenendum,</strong></span> <span class='ocrx_word' id='word_1_122' title='bbox 720 1955 888 2015; x_wconf 48' lang='lat' dir='ltr'><strong>‚cum</strong></span> <span class='ocrx_word' id='word_1_123' title='bbox 929 1934 1314 1999; x_wconf 89' lang='lat' dir='ltr'><strong>conderetur</strong></span> <span class='ocrx_word' id='word_1_124' title='bbox 1347 1934 1685 2011; x_wconf 86' lang='lat' dir='ltr'><strong>Latinitas,</strong></span> <span class='ocrx_word' id='word_1_125' title='bbox 1728 1934 1869 2020; x_wconf 86' lang='lat' dir='ltr'><strong>pari</strong></span> <span class='ocrx_word' id='word_1_126' title='bbox 1910 1934 2077 1999; x_wconf 90' lang='lat' dir='ltr'><strong>inter</strong></span> <span class='ocrx_word' id='word_1_127' title='bbox 2117 1959 2186 2001; x_wconf 90' lang='lat' dir='ltr'><strong>se</strong></span> <span class='ocrx_word' id='word_1_128' title='bbox 2215 1938 2493 2022; x_wconf 87' lang='lat' dir='ltr'><strong>potentia</strong></span> 
     </span>
     <span class='ocr_line' id='line_1_16' title="bbox 150 2032 2492 2132; baseline 0.003 -27"><span class='ocrx_word' id='word_1_129' title='bbox 150 2032 386 2132; x_wconf 58' lang='lat' dir='ltr'><strong>&#39;ifuifsse</strong></span> <span class='ocrx_word' id='word_1_130' title='bbox 415 2040 742 2107; x_wconf 85' lang='lat' dir='ltr'><strong>Romanos</strong></span> <span class='ocrx_word' id='word_1_131' title='bbox 783 2052 848 2107; x_wconf 91' lang='lat' dir='ltr'><strong>et</strong></span> <span class='ocrx_word' id='word_1_132' title='bbox 883 2042 1152 2107; x_wconf 88' lang='lat' dir='ltr'><strong>Latinos</strong></span> <span class='ocrx_word' id='word_1_133' title='bbox 1195 2065 1316 2108; x_wconf 90' lang='lat' dir='ltr'><strong>nec</strong></span> <span class='ocrx_word' id='word_1_134' title='bbox 1344 2042 1755 2107; x_wconf 85' lang='lat' dir='ltr'><strong>Latinitatem</strong></span> <span class='ocrx_word' id='word_1_135' title='bbox 1796 2043 2161 2109; x_wconf 87' lang='lat' dir='ltr'><strong>inferiorem</strong></span> <span class='ocrx_word' id='word_1_136' title='bbox 2206 2044 2492 2130; x_wconf 91' lang='lat' dir='ltr'><strong>potuisse</strong></span> 
     </span>
     <span class='ocr_line' id='line_1_17' title="bbox 157 2137 2490 2237; baseline 0.002 -25"><span class='ocrx_word' id='word_1_137' title='bbox 157 2137 377 2220; x_wconf 64' lang='lat' dir='ltr'><strong>rideri,</strong></span> <span class='ocrx_word' id='word_1_138' title='bbox 396 2148 674 2235; x_wconf 24' lang='lat' dir='ltr'><strong>&#39;civitate</strong></span> <span class='ocrx_word' id='word_1_139' title='bbox 717 2150 1006 2215; x_wconf 89' lang='lat' dir='ltr'><strong>Romana</strong></span> <span class='ocrx_word' id='word_1_140' title='bbox 1022 2175 1038 2227; x_wconf 73' lang='grc' dir='ltr'><strong><em>ς</em></strong></span> <span class='ocrx_word' id='word_1_141' title='bbox 1089 2162 1428 2236; x_wconf 87' lang='lat' dir='ltr'><strong>postquam</strong></span> <span class='ocrx_word' id='word_1_142' title='bbox 1464 2152 1715 2216; x_wconf 89' lang='lat' dir='ltr'><strong>illorum</strong></span> <span class='ocrx_word' id='word_1_143' title='bbox 1748 2151 2117 2237; x_wconf 86' lang='lat' dir='ltr'><strong>respublica</strong></span> <span class='ocrx_word' id='word_1_144' title='bbox 2156 2164 2345 2217; x_wconf 87' lang='lat' dir='ltr'><strong>aucta</strong></span> <span class='ocrx_word' id='word_1_145' title='bbox 2372 2164 2490 2231; x_wconf 85' lang='lat' dir='ltr'><strong>est,</strong></span> 
     </span>
     <span class='ocr_line' id='line_1_18' title="bbox 113 2256 2491 2347; baseline 0.003 -26"><span class='ocrx_word' id='word_1_146' title='bbox 113 2282 120 2289; x_wconf 90' lang='lat'><strong>·</strong></span> <span class='ocrx_word' id='word_1_147' title='bbox 155 2256 472 2343; x_wconf 82' lang='lat' dir='ltr'><strong>paulatim</strong></span> <span class='ocrx_word' id='word_1_148' title='bbox 511 2257 788 2322; x_wconf 88' lang='lat' dir='ltr'><strong>civitatis</strong></span> <span class='ocrx_word' id='word_1_149' title='bbox 822 2257 1148 2323; x_wconf 88' lang='lat' dir='ltr'><strong>Romanae</strong></span> <span class='ocrx_word' id='word_1_150' title='bbox 1186 2259 1565 2346; x_wconf 88' lang='lat' dir='ltr'><strong>dignitatem</strong></span> <span class='ocrx_word' id='word_1_151' title='bbox 1605 2258 1888 2323; x_wconf 84' lang='lat' dir='ltr'><strong>crevisse</strong></span> <span class='ocrx_word' id='word_1_152' title='bbox 1922 2282 1999 2325; x_wconf 93' lang='lat' dir='ltr'><strong>ac</strong></span> <span class='ocrx_word' id='word_1_153' title='bbox 2034 2272 2321 2346; x_wconf 85' lang='lat' dir='ltr'><strong>tempore</strong></span> <span class='ocrx_word' id='word_1_154' title='bbox 2346 2262 2491 2347; x_wconf 90' lang='lat' dir='ltr'><strong>ipso</strong></span> 
     </span>
     <span class='ocr_line' id='line_1_19' title="bbox 155 2365 2486 2453; baseline 0.002 -22"><span class='ocrx_word' id='word_1_155' title='bbox 155 2367 406 2441; x_wconf 78' lang='lat' dir='ltr'><strong>factum</strong></span> <span class='ocrx_word' id='word_1_156' title='bbox 451 2388 616 2443; x_wconf 89' lang='lat' dir='ltr'><strong>esse,</strong></span> <span class='ocrx_word' id='word_1_157' title='bbox 673 2376 746 2430; x_wconf 90' lang='lat' dir='ltr'><strong>ut</strong></span> <span class='ocrx_word' id='word_1_158' title='bbox 786 2365 1025 2431; x_wconf 89' lang='lat' dir='ltr'><strong>Latina</strong></span> <span class='ocrx_word' id='word_1_159' title='bbox 1067 2367 1304 2453; x_wconf 90' lang='lat' dir='ltr'><strong>oppida</strong></span> <span class='ocrx_word' id='word_1_160' title='bbox 1347 2389 1495 2433; x_wconf 89' lang='lat' dir='ltr'><strong>cum</strong></span> <span class='ocrx_word' id='word_1_161' title='bbox 1550 2367 1779 2431; x_wconf 89' lang='lat' dir='ltr'><strong>eodem</strong></span> <span class='ocrx_word' id='word_1_162' title='bbox 1817 2367 1959 2432; x_wconf 91' lang='lat' dir='ltr'><strong>loco</strong></span> <span class='ocrx_word' id='word_1_163' title='bbox 2001 2380 2348 2447; x_wconf 89' lang='lat' dir='ltr'><strong>manerent,</strong></span> <span class='ocrx_word' id='word_1_164' title='bbox 2385 2370 2486 2447; x_wconf 89' lang='lat' dir='ltr'><strong>iis,</strong></span> 
     </span>
     <span class='ocr_line' id='line_1_20' title="bbox 155 2468 2485 2562; baseline 0.001 -23"><span class='ocrx_word' id='word_1_165' title='bbox 155 2490 324 2558; x_wconf 86' lang='lat' dir='ltr'><strong>quae</strong></span> <span class='ocrx_word' id='word_1_166' title='bbox 376 2473 700 2538; x_wconf 89' lang='lat' dir='ltr'><strong>civitatem</strong></span> <span class='ocrx_word' id='word_1_167' title='bbox 741 2472 1096 2538; x_wconf 86' lang='lat' dir='ltr'><strong>Romanam</strong></span> <span class='ocrx_word' id='word_1_168' title='bbox 1148 2472 1476 2553; x_wconf 89' lang='lat' dir='ltr'><strong>haberent,</strong></span> <span class='ocrx_word' id='word_1_169' title='bbox 1516 2468 1834 2541; x_wconf 88' lang='lat' dir='ltr'><strong>cederent.</strong></span> <span class='ocrx_word' id='word_1_170' title='bbox 1922 2474 2057 2541; x_wconf 89' lang='lat' dir='ltr'><strong>Sed</strong></span> <span class='ocrx_word' id='word_1_171' title='bbox 2102 2477 2305 2562; x_wconf 82' lang='lat' dir='ltr'><strong>quid?</strong></span> <span class='ocrx_word' id='word_1_172' title='bbox 2378 2478 2485 2542; x_wconf 85' lang='lat' dir='ltr'><strong>Ex</strong></span> 
     </span>
     <span class='ocr_line' id='line_1_21' title="bbox 157 2566 2486 2669; baseline 0.001 -21"><span class='ocrx_word' id='word_1_173' title='bbox 157 2566 429 2648; x_wconf 83' lang='lat' dir='ltr'><strong>foedere</strong></span> <span class='ocrx_word' id='word_1_174' title='bbox 469 2578 786 2647; x_wconf 85' lang='lat' dir='ltr'><strong>Cassiano</strong></span> <span class='ocrx_word' id='word_1_175' title='bbox 827 2604 982 2645; x_wconf 89' lang='lat' dir='ltr'><strong>num</strong></span> <span class='ocrx_word' id='word_1_176' title='bbox 1019 2582 1180 2646; x_wconf 87' lang='lat' dir='ltr'><strong>nihil</strong></span> <span class='ocrx_word' id='word_1_177' title='bbox 1215 2583 1475 2647; x_wconf 91' lang='lat' dir='ltr'><strong>omnino</strong></span> <span class='ocrx_word' id='word_1_178' title='bbox 1512 2592 1659 2668; x_wconf 91' lang='lat' dir='ltr'><strong>post</strong></span> <span class='ocrx_word' id='word_1_179' title='bbox 1698 2584 2179 2669; x_wconf 86' lang='lat' dir='ltr'><strong>oppressionem</strong></span> <span class='ocrx_word' id='word_1_180' title='bbox 2220 2585 2486 2651; x_wconf 90' lang='lat' dir='ltr'><strong>Latino-</strong></span> 
     </span>
     <span class='ocr_line' id='line_1_22' title="bbox 151 2678 2485 2780; baseline 0.001 -23"><span class='ocrx_word' id='word_1_181' title='bbox 151 2678 311 2757; x_wconf 28' lang='lat' dir='ltr'><strong>rum·</strong></span> <span class='ocrx_word' id='word_1_182' title='bbox 365 2700 683 2756; x_wconf 88' lang='lat' dir='ltr'><strong>mutatum</strong></span> <span class='ocrx_word' id='word_1_183' title='bbox 741 2690 882 2754; x_wconf 81' lang='lat' dir='ltr'><strong>est?</strong></span> <span class='ocrx_word' id='word_1_184' title='bbox 961 2690 1140 2755; x_wconf 89' lang='lat' dir='ltr'><strong>Nihil</strong></span> <span class='ocrx_word' id='word_1_185' title='bbox 1197 2691 1472 2755; x_wconf 88' lang='lat' dir='ltr'><strong>arbitror</strong></span> <span class='ocrx_word' id='word_1_186' title='bbox 1522 2702 1773 2775; x_wconf 87' lang='lat' dir='ltr'><strong>praeter</strong></span> <span class='ocrx_word' id='word_1_187' title='bbox 1825 2714 2029 2756; x_wconf 90' lang='lat' dir='ltr'><strong>unum</strong></span> <span class='ocrx_word' id='word_1_188' title='bbox 2080 2692 2265 2771; x_wconf 89' lang='lat' dir='ltr'><strong>illud,</strong></span> <span class='ocrx_word' id='word_1_189' title='bbox 2310 2695 2485 2780; x_wconf 91' lang='lat' dir='ltr'><strong>quod</strong></span> 
     </span>
     <span class='ocr_line' id='line_1_23' title="bbox 119 2788 2485 2886; baseline 0.001 -21"><span class='ocrx_word' id='word_1_190' title='bbox 119 2815 124 2825; x_wconf 90' lang='grc'><strong>’</strong></span> <span class='ocrx_word' id='word_1_191' title='bbox 151 2788 402 2865; x_wconf 87' lang='lat' dir='ltr'><strong>Livius</strong></span> <span class='ocrx_word' id='word_1_192' title='bbox 447 2798 786 2884; x_wconf 84' lang='lat' dir='ltr'><strong>significat,</strong></span> <span class='ocrx_word' id='word_1_193' title='bbox 825 2808 898 2863; x_wconf 93' lang='lat' dir='ltr'><strong>ut</strong></span> <span class='ocrx_word' id='word_1_194' title='bbox 929 2798 1310 2864; x_wconf 87' lang='lat' dir='ltr'><strong>Latinorum</strong></span> <span class='ocrx_word' id='word_1_195' title='bbox 1351 2800 1709 2864; x_wconf 91' lang='lat' dir='ltr'><strong>communis</strong></span> <span class='ocrx_word' id='word_1_196' title='bbox 1738 2799 2105 2886; x_wconf 89' lang='lat' dir='ltr'><strong>respublica</strong></span> <span class='ocrx_word' id='word_1_197' title='bbox 2139 2803 2485 2881; x_wconf 84' lang='lat' dir='ltr'><strong>tolleretur,</strong></span> 
     </span>
     <span class='ocr_line' id='line_1_24' title="bbox 153 2905 2485 2995; baseline 0 -22"><span class='ocrx_word' id='word_1_198' title='bbox 153 2932 292 2994; x_wconf 86' lang='lat' dir='ltr'><strong>qua</strong></span> <span class='ocrx_word' id='word_1_199' title='bbox 351 2905 604 2973; x_wconf 86' lang='lat' dir='ltr'><strong>sublata</strong></span> <span class='ocrx_word' id='word_1_200' title='bbox 663 2917 875 2973; x_wconf 87' lang='lat' dir='ltr'><strong>tamen</strong></span> <span class='ocrx_word' id='word_1_201' title='bbox 931 2930 1232 2993; x_wconf 87' lang='lat' dir='ltr'><strong>magnam</strong></span> <span class='ocrx_word' id='word_1_202' title='bbox 1294 2906 1707 2987; x_wconf 83' lang='lat' dir='ltr'><strong>mutationem</strong></span> <span class='ocrx_word' id='word_1_203' title='bbox 1768 2908 2073 2992; x_wconf 87' lang='lat' dir='ltr'><strong>consequi</strong></span> <span class='ocrx_word' id='word_1_204' title='bbox 2132 2911 2485 2995; x_wconf 86' lang='lat' dir='ltr'><strong>oportebat.</strong></span> 
     </span>
     <span class='ocr_line' id='line_1_25' title="bbox 151 3015 2487 3101; baseline 0 -18"><span class='ocrx_word' id='word_1_205' title='bbox 151 3015 378 3083; x_wconf 84' lang='lat' dir='ltr'><strong>Antea</strong></span> <span class='ocrx_word' id='word_1_206' title='bbox 421 3016 590 3081; x_wconf 90' lang='lat' dir='ltr'><strong>enim</strong></span> <span class='ocrx_word' id='word_1_207' title='bbox 635 3037 1002 3081; x_wconf 89' lang='lat' dir='ltr'><strong>communes</strong></span> <span class='ocrx_word' id='word_1_208' title='bbox 1049 3016 1428 3081; x_wconf 88' lang='lat' dir='ltr'><strong>Latinorum</strong></span> <span class='ocrx_word' id='word_1_209' title='bbox 1467 3015 1883 3101; x_wconf 85' lang='lat' dir='ltr'><strong>magistratus</strong></span> <span class='ocrx_word' id='word_1_210' title='bbox 1922 3016 2159 3101; x_wconf 88' lang='lat' dir='ltr'><strong>quique</strong></span> <span class='ocrx_word' id='word_1_211' title='bbox 2206 3018 2273 3081; x_wconf 89' lang='lat' dir='ltr'><strong>in</strong></span> <span class='ocrx_word' id='word_1_212' title='bbox 2316 3041 2487 3083; x_wconf 90' lang='lat' dir='ltr'><strong>com-</strong></span> 
     </span>
     <span class='ocr_line' id='line_1_26' title="bbox 153 3123 2489 3210; baseline 0 -21"><span class='ocrx_word' id='word_1_213' title='bbox 153 3125 342 3199; x_wconf 87' lang='lat' dir='ltr'><strong>muni</strong></span> <span class='ocrx_word' id='word_1_214' title='bbox 387 3146 610 3189; x_wconf 90' lang='lat' dir='ltr'><strong>eorum</strong></span> <span class='ocrx_word' id='word_1_215' title='bbox 657 3124 926 3189; x_wconf 89' lang='lat' dir='ltr'><strong>concilio</strong></span> <span class='ocrx_word' id='word_1_216' title='bbox 967 3134 1166 3200; x_wconf 90' lang='lat' dir='ltr'><strong>erant,</strong></span> <span class='ocrx_word' id='word_1_217' title='bbox 1209 3146 1395 3210; x_wconf 85' lang='lat' dir='ltr'><strong>pares</strong></span> <span class='ocrx_word' id='word_1_218' title='bbox 1434 3123 1620 3208; x_wconf 90' lang='lat' dir='ltr'><strong>quasi</strong></span> <span class='ocrx_word' id='word_1_219' title='bbox 1665 3124 1921 3188; x_wconf 88' lang='lat' dir='ltr'><strong>fuerant</strong></span> <span class='ocrx_word' id='word_1_220' title='bbox 1954 3124 2393 3190; x_wconf 89' lang='lat' dir='ltr'><strong>Romanorum</strong></span> <span class='ocrx_word' id='word_1_221' title='bbox 2426 3137 2489 3191; x_wconf 90' lang='lat' dir='ltr'><strong>et</strong></span> 
     </span>
     <span class='ocr_line' id='line_1_27' title="bbox 153 3230 2486 3319; baseline -0 -20"><span class='ocrx_word' id='word_1_222' title='bbox 153 3230 654 3318; x_wconf 87' lang='lat' dir='ltr'><strong>magistratibus</strong></span> <span class='ocrx_word' id='word_1_223' title='bbox 725 3241 789 3295; x_wconf 92' lang='lat' dir='ltr'><strong>et</strong></span> <span class='ocrx_word' id='word_1_224' title='bbox 853 3232 1290 3297; x_wconf 86' lang='lat' dir='ltr'><strong>senatoribus:</strong></span> <span class='ocrx_word' id='word_1_225' title='bbox 1356 3244 1545 3309; x_wconf 84' lang='lat' dir='ltr'><strong>tunc,</strong></span> <span class='ocrx_word' id='word_1_226' title='bbox 1608 3231 1911 3316; x_wconf 89' lang='lat' dir='ltr'><strong>quoniam</strong></span> <span class='ocrx_word' id='word_1_227' title='bbox 1978 3233 2155 3297; x_wconf 91' lang='lat' dir='ltr'><strong>nulla</strong></span> <span class='ocrx_word' id='word_1_228' title='bbox 2210 3234 2486 3319; x_wconf 89' lang='lat' dir='ltr'><strong>amplius</strong></span> 
     </span>
     <span class='ocr_line' id='line_1_28' title="bbox 155 3339 2487 3427; baseline 0.001 -22"><span class='ocrx_word' id='word_1_229' title='bbox 155 3340 526 3405; x_wconf 89' lang='lat' dir='ltr'><strong>communis</strong></span> <span class='ocrx_word' id='word_1_230' title='bbox 581 3340 948 3425; x_wconf 88' lang='lat' dir='ltr'><strong>respublica</strong></span> <span class='ocrx_word' id='word_1_231' title='bbox 1011 3352 1175 3419; x_wconf 87' lang='lat' dir='ltr'><strong>erat,</strong></span> <span class='ocrx_word' id='word_1_232' title='bbox 1230 3364 1302 3407; x_wconf 91' lang='lat' dir='ltr'><strong>ac</strong></span> <span class='ocrx_word' id='word_1_233' title='bbox 1363 3339 1623 3427; x_wconf 89' lang='lat' dir='ltr'><strong>singula</strong></span> <span class='ocrx_word' id='word_1_234' title='bbox 1666 3340 1905 3426; x_wconf 88' lang='lat' dir='ltr'><strong>oppida</strong></span> <span class='ocrx_word' id='word_1_235' title='bbox 1958 3340 2185 3405; x_wconf 88' lang='lat' dir='ltr'><strong>eodem</strong></span> <span class='ocrx_word' id='word_1_236' title='bbox 2227 3341 2487 3408; x_wconf 88' lang='lat' dir='ltr'><strong>foedere</strong></span> 
     </span>
     <span class='ocr_line' id='line_1_29' title="bbox 153 3447 2490 3536; baseline 0 -23"><span class='ocrx_word' id='word_1_237' title='bbox 153 3452 295 3535; x_wconf 85' lang='lat' dir='ltr'><strong>quo.</strong></span> <span class='ocrx_word' id='word_1_238' title='bbox 341 3457 531 3513; x_wconf 86' lang='lat' dir='ltr'><strong>antea</strong></span> <span class='ocrx_word' id='word_1_239' title='bbox 573 3447 882 3513; x_wconf 86' lang='lat' dir='ltr'><strong>universa</strong></span> <span class='ocrx_word' id='word_1_240' title='bbox 925 3449 1292 3534; x_wconf 88' lang='lat' dir='ltr'><strong>respublica</strong></span> <span class='ocrx_word' id='word_1_241' title='bbox 1339 3471 1487 3514; x_wconf 91' lang='lat' dir='ltr'><strong>cum</strong></span> <span class='ocrx_word' id='word_1_242' title='bbox 1531 3448 1837 3513; x_wconf 81' lang='lat' dir='ltr'><strong>Romanis</strong></span> <span class='ocrx_word' id='word_1_243' title='bbox 1878 3448 2333 3535; x_wconf 87' lang='lat' dir='ltr'><strong>iungebantur,</strong></span> <span class='ocrx_word' id='word_1_244' title='bbox 2378 3451 2490 3536; x_wconf 90' lang='lat' dir='ltr'><strong>qui</strong></span> 
     </span>
    </p>
   </div>
   <div class='ocr_carea' id='block_1_3' title="bbox 152 3554 2593 3643">
    <p class='ocr_par' dir='ltr' id='par_1_3' title="bbox 152 3554 2593 3643">
     <span class='ocr_line' id='line_1_30' title="bbox 152 3554 2593 3643; baseline 0 -20"><span class='ocrx_word' id='word_1_245' title='bbox 152 3556 482 3640; x_wconf 90' lang='lat' dir='ltr'><strong>cuiusque</strong></span> <span class='ocrx_word' id='word_1_246' title='bbox 545 3554 766 3641; x_wconf 89' lang='lat' dir='ltr'><strong>oppidi</strong></span> <span class='ocrx_word' id='word_1_247' title='bbox 829 3566 1008 3620; x_wconf 89' lang='lat' dir='ltr'><strong>erant</strong></span> <span class='ocrx_word' id='word_1_248' title='bbox 1066 3557 1483 3643; x_wconf 88' lang='lat' dir='ltr'><strong>magistratus</strong></span> <span class='ocrx_word' id='word_1_249' title='bbox 1548 3567 1609 3621; x_wconf 91' lang='lat' dir='ltr'><strong>et</strong></span> <span class='ocrx_word' id='word_1_250' title='bbox 1676 3557 2087 3633; x_wconf 89' lang='lat' dir='ltr'><strong>decuriones,</strong></span> <span class='ocrx_word' id='word_1_251' title='bbox 2146 3558 2209 3622; x_wconf 91' lang='lat' dir='ltr'><strong>in</strong></span> <span class='ocrx_word' id='word_1_252' title='bbox 2270 3558 2488 3623; x_wconf 89' lang='lat' dir='ltr'><strong>locum</strong></span> <span class='ocrx_word' id='word_1_253' title='bbox 2590 3556 2593 3559; x_wconf 67' lang='grc'><strong>’</strong></span> 
     </span>
    </p>
   </div>
   <div class='ocr_carea' id='block_1_4' title="bbox 121 3663 2495 4515">
    <p class='ocr_par' dir='ltr' id='par_1_4' title="bbox 139 3663 2491 4076">
     <span class='ocr_line' id='line_1_31' title="bbox 159 3663 2491 3751; baseline -0.001 -18"><span class='ocrx_word' id='word_1_254' title='bbox 159 3664 606 3735; x_wconf 87' lang='lat' dir='ltr'><strong>communium</strong></span> <span class='ocrx_word' id='word_1_255' title='bbox 652 3663 1146 3749; x_wconf 85' lang='lat' dir='ltr'><strong>magistratuum</strong></span> <span class='ocrx_word' id='word_1_256' title='bbox 1185 3675 1657 3731; x_wconf 89' lang='lat' dir='ltr'><strong>successerunt.</strong></span> <span class='ocrx_word' id='word_1_257' title='bbox 1722 3664 1833 3729; x_wconf 88' lang='lat' dir='ltr'><strong>Sic</strong></span> <span class='ocrx_word' id='word_1_258' title='bbox 1876 3686 1956 3729; x_wconf 83' lang='lat' dir='ltr'><strong>ex</strong></span> <span class='ocrx_word' id='word_1_259' title='bbox 1991 3665 2135 3751; x_wconf 89' lang='lat' dir='ltr'><strong>ipso</strong></span> <span class='ocrx_word' id='word_1_260' title='bbox 2178 3666 2491 3750; x_wconf 88' lang='lat' dir='ltr'><strong>antiquis—</strong></span> 
     </span>
     <span class='ocr_line' id='line_1_32' title="bbox 153 3771 2491 3861; baseline -0 -23"><span class='ocrx_word' id='word_1_261' title='bbox 153 3773 332 3860; x_wconf 80' lang='lat' dir='ltr'><strong>simo</strong></span> <span class='ocrx_word' id='word_1_262' title='bbox 387 3772 529 3837; x_wconf 90' lang='lat' dir='ltr'><strong>iure</strong></span> <span class='ocrx_word' id='word_1_263' title='bbox 587 3772 848 3837; x_wconf 83' lang='lat' dir='ltr'><strong>videtur</strong></span> <span class='ocrx_word' id='word_1_264' title='bbox 901 3796 1046 3839; x_wconf 90' lang='lat' dir='ltr'><strong>esse</strong></span> <span class='ocrx_word' id='word_1_265' title='bbox 1105 3775 1558 3861; x_wconf 90' lang='lat' dir='ltr'><strong>repetendum,</strong></span> <span class='ocrx_word' id='word_1_266' title='bbox 1603 3771 1777 3857; x_wconf 90' lang='lat' dir='ltr'><strong>quod</strong></span> <span class='ocrx_word' id='word_1_267' title='bbox 1828 3772 1999 3857; x_wconf 89' lang='lat' dir='ltr'><strong>apud</strong></span> <span class='ocrx_word' id='word_1_268' title='bbox 2054 3772 2325 3839; x_wconf 88' lang='lat' dir='ltr'><strong>Latinos</strong></span> <span class='ocrx_word' id='word_1_269' title='bbox 2378 3774 2491 3859; x_wconf 90' lang='lat' dir='ltr'><strong>qui</strong></span> 
     </span>
     <span class='ocr_line' id='line_1_33' title="bbox 158 3864 2491 3967; baseline 0.001 -22"><span class='ocrx_word' id='word_1_270' title='bbox 158 3864 618 3967; x_wconf 84' lang='lat' dir='ltr'><strong>magistratum</strong></span> <span class='ocrx_word' id='word_1_271' title='bbox 654 3893 986 3967; x_wconf 85' lang='lat' dir='ltr'><strong>gesserant</strong></span> <span class='ocrx_word' id='word_1_272' title='bbox 1026 3882 1534 3967; x_wconf 86' lang='lat' dir='ltr'><strong>decurionesque</strong></span> <span class='ocrx_word' id='word_1_273' title='bbox 1574 3893 1775 3957; x_wconf 85' lang='lat' dir='ltr'><strong>erant,</strong></span> <span class='ocrx_word' id='word_1_274' title='bbox 1818 3880 2141 3945; x_wconf 85' lang='lat' dir='ltr'><strong>civitatem</strong></span> <span class='ocrx_word' id='word_1_275' title='bbox 2168 3881 2491 3947; x_wconf 88' lang='lat' dir='ltr'><strong>Romanos</strong></span> 
     </span>
     <span class='ocr_line' id='line_1_34' title="bbox 139 3990 942 4076; baseline 0.002 -23"><span class='ocrx_word' id='word_1_276' title='bbox 139 3990 437 4076; x_wconf 73' lang='lat' dir='ltr'><strong>adeptos</strong></span> <span class='ocrx_word' id='word_1_277' title='bbox 487 4011 630 4055; x_wconf 90' lang='lat' dir='ltr'><strong>esse</strong></span> <span class='ocrx_word' id='word_1_278' title='bbox 671 4001 942 4060; x_wconf 83' lang='lat' dir='ltr'><strong>constat.</strong></span> 
     </span>
    </p>

    <p class='ocr_par' dir='ltr' id='par_1_5' title="bbox 121 4096 2495 4515">
     <span class='ocr_line' id='line_1_35' title="bbox 185 4096 2495 4182; baseline -0 -19"><span class='ocrx_word' id='word_1_279' title='bbox 185 4178 191 4182; x_wconf 26' lang='lat'>¹</span> <span class='ocrx_word' id='word_1_280' title='bbox 337 4098 646 4163; x_wconf 76' lang='lat' dir='ltr'><strong>Diximus</strong></span> <span class='ocrx_word' id='word_1_281' title='bbox 700 4098 782 4163; x_wconf 91' lang='lat' dir='ltr'><strong>de</strong></span> <span class='ocrx_word' id='word_1_282' title='bbox 826 4097 1195 4174; x_wconf 86' lang='lat' dir='ltr'><strong>Latinitate,</strong></span> <span class='ocrx_word' id='word_1_283' title='bbox 1261 4099 1377 4163; x_wconf 91' lang='lat' dir='ltr'><strong>sed</strong></span> <span class='ocrx_word' id='word_1_284' title='bbox 1431 4096 1777 4161; x_wconf 86' lang='lat' dir='ltr'><strong>dicendum</strong></span> <span class='ocrx_word' id='word_1_285' title='bbox 1834 4106 1935 4160; x_wconf 90' lang='lat' dir='ltr'><strong>est</strong></span> <span class='ocrx_word' id='word_1_286' title='bbox 1976 4096 2167 4161; x_wconf 89' lang='lat' dir='ltr'><strong>etiam</strong></span> <span class='ocrx_word' id='word_1_287' title='bbox 2211 4097 2495 4163; x_wconf 87' lang='lat' dir='ltr'><strong>breviter</strong></span> 
     </span>
     <span class='ocr_line' id='line_1_36' title="bbox 159 4197 2491 4296; baseline -0.001 -23"><span class='ocrx_word' id='word_1_288' title='bbox 159 4209 248 4296; x_wconf 85' lang='lat' dir='ltr'><strong>de</strong></span> <span class='ocrx_word' id='word_1_289' title='bbox 265 4204 280 4271; x_wconf 80' lang='grc'><strong>“.</strong></span> <span class='ocrx_word' id='word_1_290' title='bbox 305 4197 524 4279; x_wconf 71' lang='lat' dir='ltr'><strong>tribus</strong></span> <span class='ocrx_word' id='word_1_291' title='bbox 577 4206 842 4292; x_wconf 86' lang='lat' dir='ltr'><strong>reliquis</strong></span> <span class='ocrx_word' id='word_1_292' title='bbox 889 4206 1244 4283; x_wconf 85' lang='lat' dir='ltr'><strong>civitatum,</strong></span> <span class='ocrx_word' id='word_1_293' title='bbox 1300 4228 1463 4290; x_wconf 90' lang='lat' dir='ltr'><strong>quae</strong></span> <span class='ocrx_word' id='word_1_294' title='bbox 1513 4215 1659 4269; x_wconf 91' lang='lat' dir='ltr'><strong>ante</strong></span> <span class='ocrx_word' id='word_1_295' title='bbox 1712 4205 1925 4289; x_wconf 88' lang='lat' dir='ltr'><strong>legem</strong></span> <span class='ocrx_word' id='word_1_296' title='bbox 1965 4204 2197 4269; x_wconf 87' lang='lat' dir='ltr'><strong>Iuliam</strong></span> <span class='ocrx_word' id='word_1_297' title='bbox 2251 4206 2315 4268; x_wconf 91' lang='lat' dir='ltr'><strong>in</strong></span> <span class='ocrx_word' id='word_1_298' title='bbox 2358 4206 2491 4270; x_wconf 89' lang='lat' dir='ltr'><strong>Ita—</strong></span> 
     </span>
     <span class='ocr_line' id='line_1_37' title="bbox 121 4312 2495 4408; baseline -0.002 -26"><span class='ocrx_word' id='word_1_299' title='bbox 121 4318 254 4382; x_wconf 91' lang='lat' dir='ltr'><strong>·lia</strong></span> <span class='ocrx_word' id='word_1_300' title='bbox 275 4318 578 4408; x_wconf 45' lang='lat' dir='ltr'><strong>inerunt,</strong></span> <span class='ocrx_word' id='word_1_301' title='bbox 630 4314 1001 4401; x_wconf 90' lang='lat' dir='ltr'><strong>generibus,</strong></span> <span class='ocrx_word' id='word_1_302' title='bbox 1047 4336 1124 4379; x_wconf 88' lang='lat' dir='ltr'><strong>ac</strong></span> <span class='ocrx_word' id='word_1_303' title='bbox 1167 4314 1448 4401; x_wconf 86' lang='lat' dir='ltr'><strong>primum</strong></span> <span class='ocrx_word' id='word_1_304' title='bbox 1492 4312 1755 4400; x_wconf 87' lang='lat' dir='ltr'><strong>quidem</strong></span> <span class='ocrx_word' id='word_1_305' title='bbox 1798 4313 1881 4377; x_wconf 89' lang='lat' dir='ltr'><strong>de</strong></span> <span class='ocrx_word' id='word_1_306' title='bbox 1922 4312 2311 4399; x_wconf 89' lang='lat' dir='ltr'><strong>municipiis.</strong></span> <span class='ocrx_word' id='word_1_307' title='bbox 2394 4312 2495 4378; x_wconf 84' lang='lat' dir='ltr'><strong>Ea</strong></span> 
     </span>
     <span class='ocr_line' id='line_1_38' title="bbox 157 4407 2493 4515; baseline -0.003 -24"><span class='ocrx_word' id='word_1_308' title='bbox 157 4407 400 4515; x_wconf 53' lang='lat' dir='ltr'><strong>&#39;rursus</strong></span> <span class='ocrx_word' id='word_1_309' title='bbox 445 4424 732 4511; x_wconf 87' lang='lat' dir='ltr'><strong>duplicia</strong></span> <span class='ocrx_word' id='word_1_310' title='bbox 782 4424 990 4490; x_wconf 84' lang='lat' dir='ltr'><strong>fuisse</strong></span> <span class='ocrx_word' id='word_1_311' title='bbox 1033 4422 1310 4489; x_wconf 75' lang='lat' dir='ltr'><strong>scimusz</strong></span> <span class='ocrx_word' id='word_1_312' title='bbox 1373 4423 1571 4488; x_wconf 89' lang='lat' dir='ltr'><strong>altera</strong></span> <span class='ocrx_word' id='word_1_313' title='bbox 1612 4420 1780 4486; x_wconf 87' lang='lat' dir='ltr'><strong>enim</strong></span> <span class='ocrx_word' id='word_1_314' title='bbox 1830 4421 2128 4487; x_wconf 88' lang='lat' dir='ltr'><strong>carebant</strong></span> <span class='ocrx_word' id='word_1_315' title='bbox 2182 4421 2493 4507; x_wconf 85' lang='lat' dir='ltr'><strong>suffragio</strong></span> 
     </span>
    </p>
   </div>
  </div>
 </body>
</html>
