2917 5017
397 345 482 412 60
1075 349 1158 400 De
1193 347 1365 399 Gallia
1395 349 1751 399 Romanorum
1780 349 2057 414 provincia.

397 513 724 578 Antonius
755 513 996 580 bellum
1021 512 1224 599 gessit
1243 512 1312 576 in
1335 509 1573 588 Gallia,
1614 532 1772 576 num
1796 507 2077 576 Catilina
2094 511 2163 576 in
2186 533 2329 576 eam
2347 503 2715 574 invaserat?

397 620 668 686 Minime
717 644 893 688 vero.
981 621 1119 688 Sed
1163 619 1446 686 Catilina
1498 620 1761 704 quidem
1816 621 1989 686 circa
2030 620 2341 686 Faesulas
2388 612 2717 689 haerebat,

397 733 576 792 modo
617 733 706 793 ad
743 731 950 793 urbem
968 778 987 808 ,
1043 733 1220 793 modo
1271 734 1342 791 in
1388 733 1667 794 Galliam
1710 749 1917 791 versus
1960 738 2169 791 castra
2210 725 2483 788 movebat
2502 761 2511 766 -
2528 720 2721 806 (Sall.

405 833 548 902 Cat.
595 837 729 920 56),
779 838 1036 903 tandem
1075 838 1142 902 in
1185 859 1346 924 agro
1371 836 1757 902 Pistoriensi
1796 835 2111 911 consedit,
2150 836 2219 898 in
2260 854 2393 919 quo
2432 840 2725 897 extrema

401 968 625 1031 pugna
663 944 920 1011 accidit.
1003 944 1354 1030 Nunquam
1389 945 1595 1031 igitur
1634 967 1757 1010 nee
1790 942 2073 1009 Catilina
2118 965 2259 1008 eam
2294 963 2459 1026 quae
2504 937 2723 1004 Gallia

402 1049 736 1138 Cisalpina
758 1063 1024 1139 putatur
1049 1075 1216 1129 esse,
1258 1051 1475 1138 attigit
1496 1074 1618 1117 nec
1640 1052 1989 1128 Antonius,
2012 1061 2085 1115 ut
2110 1059 2431 1137 appareat,
2472 1047 2552 1114 C.
2580 1047 2719 1113 An-

401 1159 674 1236 tonium,
719 1160 826 1226 cui
866 1158 1147 1224 Galliam
1189 1161 1615 1226 communiter
1656 1183 1806 1226 cum
1844 1157 2159 1226 Cicerone
2210 1159 2534 1224 decretam
2578 1177 2719 1221 esse

400 1268 765 1345 docuimus,
809 1269 876 1332 in
897 1268 1086 1334 Italia
1125 1279 1338 1334 tamen
1379 1269 1524 1355 ipsa
1563 1269 1869 1334 habuisse
1910 1268 2251 1355 imperium
2284 1267 2725 1350 rationemque

401 1376 542 1441 eius
577 1376 882 1463 regionis,
925 1377 1178 1462 qualem
1203 1387 1350 1442 ante
1373 1375 1455 1440 L.
1482 1376 1703 1442 Sullae
1738 1387 2011 1442 aetatem
2054 1376 2257 1441 fuisse
2302 1373 2727 1450 ostendimus,

399 1507 530 1550 non
573 1507 718 1550 esse
761 1495 1070 1550 mutatam
1115 1493 1262 1570 post
1307 1505 1479 1548 eum.
1572 1483 2011 1550 Veruntamen
2050 1507 2132 1550 ne
2193 1483 2341 1568 quis
2380 1482 2505 1547 hoc
2546 1480 2728 1566 quod

401 1593 484 1658 de
521 1591 772 1658 Galliae
793 1593 1142 1677 Italiaeque
1187 1591 1428 1656 finibus
1466 1613 1735 1678 prorsus
1780 1593 2069 1658 confusis
2115 1589 2615 1678 disputavimus,
2660 1589 2733 1654 in

401 1723 479 1765 eo
517 1711 764 1766 tantum
780 1749 799 1778 ,
856 1702 969 1787 qui
1021 1703 1236 1789 ipsum
1289 1700 1695 1766 consulatum
1755 1712 2040 1785 gereret,
2092 1700 2386 1766 accidere
2435 1699 2734 1784 potuisse

403 1809 722 1895 opinetur,
767 1809 1018 1876 accedit
1061 1811 1246 1876 tertia-
1287 1833 1414 1886 res,
1455 1831 1653 1894 quam
1696 1831 1895 1894 supra
1936 1832 2017 1875 ex
2038 1809 2275 1875 Dionis
2312 1808 2525 1874 verbis
2566 1809 2735 1874 effe-

403 1919 631 1984 cimus.
725 1919 986 1985 Etenim
1041 1920 1337 2006 deposuit
1385 1917 1619 1984 Cicero
1662 1941 1855 2004 quam
1914 1941 2063 1984 cum
2106 1919 2393 1984 Antonio
2438 1941 2733 1984 commu-

401 2026 646 2092 nicarat
687 2027 1079 2109 provinciam
1123 2027 1325 2112 (Plut.
1366 2025 1513 2092 Cic.
1562 2027 1673 2103 123
1720 2024 1861 2092 Cic.
1902 2026 2075 2092 Phil.
2102 2027 2233 2104 XI,
2284 2027 2412 2109 10),
2452 2047 2731 2110 eamque

401 2133 668 2200 Metello
711 2135 990 2221 praetori
1033 2133 1505 2200 decernendam
1552 2135 1822 2200 curavit.
1903 2134 2087 2200 Idem
2144 2159 2337 2222 saepe
2382 2144 2571 2198 antea
2616 2135 2733 2199 alii

401 2243 709 2318 fecerant,
767 2242 933 2306 illud
971 2266 1174 2308 unum
1215 2243 1430 2308 minus
1468 2243 1665 2308 fuerit
1706 2243 2038 2321 usitatum,
2082 2244 2261 2329 quod
2302 2245 2443 2330 ipse
2486 2243 2605 2308 ubi
2648 2243 2727 2309 de

403 2373 482 2415 ea
524 2374 594 2416 re
630 2351 965 2437 gloriatur,
1007 2352 1168 2418 solet
1205 2352 1467 2430 addere,
1513 2351 1691 2438 quod
1732 2352 2115 2417 instructam
2152 2341 2569 2437 ornatamque
2612 2352 2717 2416 de-

401 2459 638 2544 posuit.
695 2459 1105 2546 Quamquam
1149 2461 1272 2526 tale
1315 2461 1507 2526 etiam
1544 2461 1909 2546 exemplum
1952 2461 2017 2525 in
2042 2460 2124 2525 L.
2148 2461 2403 2527 Licinio
2422 2460 2731 2536 Lucullo,

403 2567 513 2652 qui
557 2567 925 2634 Sardiniam
971 2569 1356 2654 repudiavit,
1401 2568 1655 2654 reperio
1698 2568 1860 2652 (Dio
1901 2568 2248 2647 XXXVI,
2288 2569 2422 2653 40).
2508 2566 2735 2634 Causa

403 2685 616 2739 autem
659 2697 790 2760 qua
835 2675 1217 2742 movebatur
1251 2699 1402 2742 cum
1443 2677 1555 2740 illa
1607 2687 1773 2752 erat,
1828 2699 1993 2761 quae
2048 2677 2133 2742 ab
2169 2677 2385 2742 Dione
2439 2677 2735 2754 affertur,

403 2804 572 2867 quae
613 2783 680 2847 in
724 2784 930 2870 ipsius
969 2785 1148 2851 urbis
1193 2785 1538 2851 securitate
1584 2785 1792 2869 posita
1822 2796 1979 2861 erat,
2024 2796 2164 2850 tum
2206 2786 2369 2851 aliae
2408 2784 2736 2872 quaedam

405 2889 761 2969 interioreS,
805 2916 968 2978 quas
1008 2894 1334 2979 praeclare
1380 2893 1703 2979 significat
1740 2894 1807 2957 in
1849 2892 2121 2980 epistola
2146 2894 2232 2959 ad
2256 2894 2341 2976 Q.
2362 2893 2731 2970 Metellum,

405 2999 512 3064 cui
551 3001 896 3087 imperium
937 3025 1128 3067 suum
1169 3003 1396 3078 cessit,
1453 3001 1690 3088 scripta
1730 3001 1947 3088 (epist.
1986 3002 2104 3080 IV,
2158 3002 2263 3082 2):
2331 3007 2464 3084 Ego
2521 3007 2583 3065 si
2616 3005 2729 3066 hoe

405 3109 608 3170 dicam
659 3131 754 3171 me
795 3119 908 3173 tua
961 3133 1152 3172 causa
1195 3115 1677 3192 praetermisisse
1708 3115 2101 3192 provinciam
2118 3157 2135 3186 ,
2192 3111 2310 3174 tibi
2358 3116 2483 3192 ipse
2534 3115 2738 3174 levior

408 3219 618 3280 videar
659 3239 803 3293 esse3
845 3241 1014 3281 meae
1053 3223 1216 3281 enim
1259 3223 1532 3280 rationes
1572 3223 1664 3280 ita
1706 3223 1992 3282 tulerunt
2032 3231 2215 3303 atque
2255 3227 2387 3282 eius
2422 3223 2547 3281 mei
2584 3241 2739 3282 con-

404 3328 537 3389 silii
603 3329 898 3389 maiorem
957 3333 1028 3390 in
1095 3329 1220 3389 dies
1275 3330 1553 3409 singulos
1598 3331 1905 3408 fructum
1972 3332 2467 3410 voluptatemque
2530 3333 2736 3410 capio.

413 3436 583 3496 Illud
623 3436 757 3497 dico
797 3456 924 3511 me,
977 3445 1050 3498 ut
1093 3439 1374 3518 primum
1437 3439 1507 3497 in
1548 3440 1833 3498 contione
1874 3439 2273 3518 provinciam
2330 3439 2727 3518 deposuerim,

405 3544 616 3603 statim
653 3543 1162 3624 quemadmodum
1203 3563 1337 3606 eam
1380 3544 1498 3606 tibi
1535 3545 1841 3608 traderem
1878 3548 2156 3627 cogitare
2194 3545 2467 3623 coepisse.
2552 3543 2728 3606 Nihil

411 3651 546 3712 dico
588 3652 660 3714 de
698 3654 1018 3714 sortitione
1039 3661 1275 3727 vestra3
1321 3661 1570 3715 tantum
1616 3662 1673 3713 te
1714 3656 2024 3734 suspicari
2057 3657 2213 3728 vola,
2248 3653 2414 3714 nihil
2450 3655 2521 3713 in
2564 3673 2638 3712 eu
2663 3672 2733 3713 re

397 3777 514 3837 per
554 3762 851 3839 collegam
893 3779 1096 3822 meum
1137 3781 1232 3820 me
1273 3763 1569 3822 insciente
1592 3782 1711 3822 esse
1728 3761 2013 3842 factum.
2057 3759 2491 3844 Intelligimus
2526 3758 2737 3844 igitur

403 3886 485 3930 ex
533 3866 888 3933 certissimo
935 3867 1301 3933 testimonio
1345 3889 1573 3932 verum
1629 3889 1771 3932 esse
1816 3867 1993 3953 quod
2035 3867 2171 3934 Dio
2214 3867 2538 3956 significat
2578 3867 2733 3934 Me-

403 3973 630 4038 tellum
667 3996 797 4040 non
831 3975 900 4040 in
942 3997 1172 4061 agrum
1213 3975 1410 4041 modo
1436 3975 1771 4052 Picenum,
1822 3975 1938 4041 sed
1973 3976 2041 4040 in
2084 3975 2291 4062 ipsam
2330 3977 2733 4063 provinciam

407 4079 688 4147 Galliam
735 4079 1134 4169 Cisalpinam
1170 4084 1440 4149 missum
1485 4105 1629 4149 esse
1670 4084 2112 4169 proconsulari
2148 4085 2419 4171 imperio
2465 4086 2731 4152 eodem-

407 4212 535 4275 que
573 4192 884 4268 exercitu,
935 4192 1046 4276 qui
1089 4190 1390 4257 Ciceroni
1433 4191 1731 4257 decretus
1777 4203 1930 4271 erat,
1988 4193 2395 4259 instructum.
2478 4193 2617 4260 Sed
2660 4196 2731 4261 in

405 4297 576 4366 bello
634 4311 846 4368 tamen
905 4298 1280 4367 Catilinario
1335 4299 1643 4365 Metellus
1709 4301 1915 4386 ipsam
1974 4299 2255 4368 Galliam
2318 4325 2449 4368 non
2516 4305 2727 4391 magis

405 4407 621 4496 attigit
663 4431 858 4496 quam
899 4408 1264 4485 Antonius3
1307 4405 1647 4473 obsidebat
1683 4409 1857 4474 enim
1900 4408 2092 4486 viam,
2134 4431 2265 4496 qua
2304 4431 2387 4476 ex
2426 4412 2617 4478 Italia
2656 4412 2727 4478 in
