2917 5017
459 319 583 388 328
1085 325 1172 376 De
1208 325 1577 390 propagatione
1608 324 1829 374 civitatis
1862 324 2143 376 Βοωηω.

461 487 756 555 extiterit.
853 486 1252 554 Libertatem
1320 485 1426 552 vel
1488 485 1959 552 immunitatem
2026 487 2131 554 vel
2198 482 2619 558 Latinitatem
2678 491 2777 556 vel

455 595 662 682 ipsam
707 595 986 681 denique
1039 595 1360 660 civitatem
1402 592 1820 680 accipiebant,
1862 594 1975 679 qui
2019 596 2089 662 in
2142 597 2287 684 ipso
2328 599 2601 685 imperio
2650 598 2775 664 Ro-

461 726 650 770 mano
695 703 1007 770 beneficio
1047 702 1264 788 aliquo
1307 702 1493 787 digni
1538 724 1681 768 esse
1730 701 2124 784 viderentur,
2168 707 2451 774 foederis
2498 707 2777 792 quidem,

455 835 586 898 quo
630 812 977 898 praecipua
1013 812 1226 898 aliqua
1245 811 1406 876 iura
1443 810 1711 876 concedi
1757 811 1985 890 solent,
2030 815 2175 900 ipsa
2214 825 2447 882 natura
2478 817 2643 882 haec
2668 827 2777 890 est,

455 931 528 984 ut
564 920 692 985 nisi
733 921 836 997 iis,
881 921 995 1006 qui
1035 921 1120 985 ad
1162 919 1505 1006 imperium
1544 919 1875 998 accedant,
1920 944 2049 988 non
2092 924 2305 990 detur.
2380 923 2608 1006 Quare
2648 924 2779 989 fieri

456 1040 688 1113 potest,
733 1039 806 1092 ut
847 1051 1066 1094 earum
1113 1050 1278 1114 quae
1319 1027 1385 1092 in
1432 1027 1785 1113 provinciis
1826 1039 1999 1108 sunt,
2044 1031 2375 1099 civitatum
2408 1032 2703 1108 foedera,
2732 1033 2779 1097 si

458 1158 622 1221 quae
683 1158 892 1222 poena
943 1137 1180 1222 dignae
1226 1158 1372 1202 esse
1415 1135 1780 1214 videantur,
1838 1138 2178 1216 tollantur3
2232 1154 2305 1205 ut
2356 1163 2529 1224 quae
2572 1141 2778 1206 minus

453 1241 606 1308 boni
631 1244 758 1310 sint
779 1245 959 1322 iuris,
985 1244 1268 1332 praemio
1291 1243 1573 1310 foederis
1602 1244 1943 1323 donentur,
1962 1246 2103 1312 fieri
2127 1269 2255 1312 non
2278 1259 2515 1334 potest.
2558 1249 2780 1333 Itaque

453 1351 633 1438 quod
675 1352 942 1420 Tacitus
987 1353 1312 1440 principes
1357 1353 1505 1418 illos
1550 1353 1640 1418 ait
1669 1355 1915 1435 pridem
1958 1355 2217 1420 foedere
2252 1355 2461 1422 fuisse
2490 1357 2778 1433 donatos,

454 1460 557 1524 vel
617 1461 700 1524 ad
757 1461 1131 1527 dictatorem
1197 1457 1565 1538 Caesarem,
1616 1462 1729 1546 qui
1786 1459 2067 1528 Galliam
2110 1460 2447 1530 Comatam
2504 1465 2779 1552 subegit,

454 1569 558 1634 vel
609 1567 693 1634 ad
741 1569 1144 1655 Augustum,
1191 1570 1304 1655 qui
1349 1571 1527 1656 quod
1582 1571 1691 1636 ille
1736 1571 1953 1636 facere
2004 1582 2211 1636 morte
2253 1572 2623 1656 prohibitus
2667 1587 2778 1651 est,

454 1677 722 1763 perfecit
781 1676 1248 1764 Gallorumque
1305 1679 1452 1744 iura
1506 1678 1853 1764 diligenter
1910 1680 2307 1765 composuit,
2364 1681 2779 1756 referendum

453 1797 570 1851 est.
658 1785 852 1852 Unde
896 1786 1100 1873 igitur
1139 1787 1546 1873 populorum,
1588 1810 1754 1872 quos
1796 1783 2039 1852 Caesar
2078 1789 2183 1854 vel
2222 1789 2576 1875 Augustus
2623 1790 2780 1854 ›civi-

450 1905 576 1960 tate
620 1895 906 1972 donarat,
949 1895 1232 1982 cognitio
1281 1895 1561 1982 petenda
1602 1895 1741 1962 est?
1810 1896 1916 1960 Ex
1958 1896 2175 1974 Plinii,
2214 1897 2463 1982 opinor,
2508 1898 2783 1962 naturali

450 2002 741 2079 historia,
793 2003 911 2088 qui
963 2026 1110 2070 cum
1167 2004 1236 2068 in
1293 2004 1561 2089 reliquis
1613 2004 1963 2088 provinciis
2014 2005 2389 2072 enarrandis
2448 2027 2585 2072 non
2632 2029 2779 2071 suae

449 2111 674 2176 aetatis
732 2113 1032 2188 rationes,
1089 2112 1204 2176 sed
1257 2112 1553 2198 Augusti
1609 2112 1713 2178 vel
1768 2112 1863 2176 M.
1907 2113 2241 2199 Agrippae
2286 2113 2777 2192 commentarios

450 2199 716 2304 repetat,
771 2232 908 2285 tum
959 2220 1026 2284 in
1083 2219 1294 2286 Gallia
1343 2217 1617 2286 Comata
1662 2221 1977 2306 quicquid
2016 2235 2165 2308 post
2222 2222 2611 2309 Augustum
2652 2234 2778 2288 erat

445 2327 832 2406 institutum,
869 2340 1086 2416 aperte
1121 2329 1439 2416 neglexit:
1488 2328 1811 2415 siquidem
1842 2328 2225 2396 Germanias
2251 2331 2380 2408 ille,
2430 2355 2603 2417 quae
2632 2344 2777 2397 tunc

449 2437 762 2503 maximae
783 2461 860 2504 ac
886 2439 1364 2524 potentissimae
1389 2438 1762 2525 provinciae
1788 2448 1989 2514 erant,
2018 2460 2287 2524 prorsus
2312 2440 2573 2504 silentio
2594 2463 2775 2526 prae-

449 2545 596 2610 terit
626 2567 828 2629 eaque
859 2547 1015 2622 sola,
1048 2569 1212 2630 quae
1249 2545 1330 2612 ab
1353 2547 1664 2634 Augusto
1695 2549 1865 2612 facta
1902 2541 2059 2612 esse*
2088 2559 2357 2625 constat,
2388 2569 2775 2614 commemo-

447 2662 564 2718 rat.
615 2649 718 2716 Cf.
749 2675 946 2738 supra
980 2678 1044 2741 p.
1092 2654 1224 2720 107.
1271 2655 1340 2719 Is
1377 2667 1593 2721 autem
1632 2656 1805 2738 (libr.
1834 2656 1961 2734 III,
1994 2657 2092 2734 17,
2124 2655 2236 2738 20)
2271 2655 2342 2719 in
2370 2653 2593 2722 Gallia
2628 2657 2772 2721 Bel-

449 2760 596 2842 gica
663 2773 724 2826 et
800 2761 1237 2848 Lugdunensi
1317 2775 1621 2848 quattuor
1698 2765 1984 2830 nominat
2048 2764 2325 2850 populos
2388 2765 2771 2841 foederatos,

453 2869 808 2956 Lingones,
851 2873 1112 2950 Remos,
1153 2873 1448 2950 Aeduos,
1492 2870 1841 2952 Carnutes,
1884 2876 1953 2940 in
1998 2872 2353 2958 Aquitania
2394 2874 2615 2939 nullos
2662 2875 2767 2938 ha-

449 2979 576 3045 bet.
661 2981 756 3045 Hi
811 2982 1014 3068 igitur
1063 2993 1214 3048 sunt
1269 2982 1396 3068 ipsi
1455 2982 1567 3058 illi,
1612 3005 1891 3068 quorum
1945 2985 2269 3071 principes
2322 2983 2767 3071 imperatorem

450 3085 801 3154 Claudium
843 3091 1173 3169 adierunt3
1215 3115 1364 3156 nam
1403 3113 1527 3157 nec
1564 3091 1725 3158 alios
1762 3093 1930 3158 ullos
1964 3104 2113 3180 post
2140 3095 2525 3180 Augustum
2551 3098 2766 3164 foede·

447 3208 620 3262 ratos
661 3198 802 3262 fieri
843 3200 1132 3284 potuisse
1179 3200 1467 3267 diximus
1512 3211 1577 3266 et
1604 3201 1979 3288 Lingonum
2001 3201 2482 3288 Remorumque
2512 3207 2769 3273 foedera

445 3305 800 3390 imperante
849 3305 1254 3392 Vespasiano
1301 3321 1883 3376 commemorantur
1922 3312 2001 3378 ab
2050 3312 2277 3378 Tacito
2318 3312 2495 3379 Hist.
2521 3316 2645 3394 IV,
2672 3318 2764 3396 67,

447 3413 558 3498 qui
619 3413 673 3478 si
731 3414 976 3480 tamdiu
1031 3415 1100 3478 in
1141 3427 1370 3483 vetere
1423 3418 1687 3483 foedere
1738 3431 2132 3498 manserunt,
2186 3432 2357 3487 certe
2410 3445 2495 3488 ne
2552 3425 2764 3491 Aedui

445 3521 710 3607 quidem
772 3532 836 3588 et
896 3519 1169 3588 Carnuti
1227 3525 1332 3590 ius
1396 3548 1589 3591 suum
1642 3538 2001 3594 mutarunt:
2057 3529 2129 3594 id
2183 3530 2359 3616 quod
2418 3553 2497 3598 eo
2554 3534 2763 3598 minus

448 3629 645 3695 statui
697 3631 951 3716 poterit,
1003 3632 1182 3716 quod
1237 3633 1571 3711 foederati,
1620 3635 1677 3700 si
1732 3636 1817 3701 ad
1858 3635 2037 3701 aliud
2090 3639 2195 3704 ius
2250 3639 2764 3719 transferrentur,

443 3738 768 3804 civitatem
795 3739 1148 3805 Romanam
1185 3742 1470 3828 accipere
1508 3743 1817 3822 solebant,
1848 3769 1979 3831 qua
2013 3747 2095 3811 de
2130 3769 2199 3812 re
2230 3769 2429 3834 supra
2448 3773 2515 3836 p.
2538 3751 2663 3820 316
2700 3752 2763 3816 in

445 3848 900 3914 commentario
945 3849 1026 3914 de
1079 3848 1317 3916 tabulis
1359 3851 1739 3939 Hispanicis
1792 3855 2287 3941 disputavimus,
2332 3858 2611 3924 Aeduos
2652 3883 2761 3925 au-

442 3966 572 4022 tem
617 3967 679 4022 et
728 3953 1050 4024 Carnutos
1105 3955 1366 4024 Claudii
1407 3972 1613 4028 aetate
1658 3985 1787 4029 non
1844 3986 2067 4032 omnes
2120 3966 2375 4032 civitate
2418 3989 2578 4034 usos
2626 3991 2760 4034 esse

441 4065 581 4150 ipse
621 4064 909 4142 Tacitus,
957 4067 1071 4149 qui
1113 4067 1425 4152 primores
1469 4069 1553 4134 ab
1597 4071 1783 4156 plebe
1827 4072 2206 4159 distinguat,
2252 4075 2595 4162 significat.

609 4173 1049 4241 Veruntamen
1110 4175 1386 4241 civitatis
1445 4176 1796 4256 Romanae,
1852 4202 2047 4264 quam
2090 4182 2360 4250 Tacitus
2420 4205 2573 4250 cum
2628 4187 2757 4252 foe·
2872 4167 2874 4248 ἶ

441 4279 596 4346 dere
643 4282 998 4370 coniungit,
1043 4283 1168 4350 alia
1215 4283 1410 4370 longe
1453 4295 1591 4352 erat
1628 4286 1729 4352 vis
1778 4311 1855 4354 ac
1907 4299 2155 4356 natura.
2246 4292 2349 4358 Ea
2386 4313 2521 4358 non
2570 4295 2756 4361 modo

439 4390 698 4474 populis
742 4391 1088 4468 universis,
1125 4413 1350 4456 verum
1396 4393 1589 4458 etiam
1633 4397 1875 4481 passim
1922 4399 2197 4485 singulis
2237 4399 2611 4468 hominibus
2648 4404 2753 4469 da-
