2917 5017
845 343 928 392 De
963 341 1136 394 Gallia
1168 344 1523 392 Romanorum
1566 343 1845 408 provincia.
2370 339 2493 404 105

193 513 466 577 Romano
505 533 650 576 esse
695 508 1012 574 adiectam
1051 505 1214 591 (Dio
1237 504 1420 582 LIV,
1466 505 1578 582 223
1626 504 1807 571 Suet.
1836 505 2013 592 Aug.
2043 506 2117 572 21
2162 517 2226 571 et
2249 506 2397 571 Tib.
2420 507 2493 582 93

194 621 326 684 Liv.
351 617 784 698 CXXXVI),
833 639 952 680 nec
991 625 1204 680 tamen
1240 624 1412 679 reete
1453 609 1711 678 deeius
1742 614 2289 680 administratione
2322 616 2495 680 iudi·-

193 738 344 804 cant,
387 728 499 812 qui
539 727 715 811 quod
758 725 986 791 Vellei.
1018 724 1106 798 II,
1152 722 1232 788 39
1275 723 1392 786 ait:
1470 726 1755 786 Raetiam
1794 731 1999 786 autem
2044 735 2107 787 ct
2158 729 2497 789 Vindelicos

193 836 308 922 (Ti.
345 833 616 918 Caesar)
661 856 850 898 novas
890 837 1146 914 imperio
1183 841 1394 893 nostro
1431 831 1758 893 subiunxit
1787 837 2166 912 provincias,
2210 833 2496 918 peculia-

193 968 312 1010 rem
347 944 478 1008 iam
505 943 811 1029 Augusto
849 942 1202 1026 imperante
1246 938 1641 1025 provinciam
1666 938 1957 1004 Raetiam
2002 941 2207 1006 fuisse
2248 951 2497 1026 putant.

193 1053 372 1118 Recte
431 1051 604 1117 enim
639 1049 994 1114 Fechterus
1041 1048 1109 1112 in
1153 1047 1611 1134 disputatione,
1654 1069 1849 1130 quam
1894 1069 2091 1134 supra
2136 1049 2497 1126 citavimus,

189 1185 242 1245 p.
269 1161 405 1236 338,
448 1182 592 1224 eam
627 1156 1101 1243 quodammodo
1135 1155 1357 1221 statuit
1377 1154 1595 1222 fuisse.
1614 1178 1763 1220 cum
1786 1154 2137 1222 Germania
2166 1157 2497 1242 superiore

189 1254 604 1344 coniunctam,
649 1265 840 1331 modo
879 1287 960 1330 ne
997 1264 1107 1328 illa
1145 1285 1310 1347 quae
1353 1286 1392 1326 a
1432 1262 1621 1329 nobis
1660 1265 1937 1328 refutata
1978 1275 2077 1329 est
2120 1264 2203 1330 de
2242 1265 2498 1330 militari

189 1377 438 1462 imperio
487 1375 783 1461 opinione
825 1372 1134 1437 inductus
1177 1371 1394 1457 copias
1436 1372 1653 1450 mod0,
1692 1395 1857 1456 quae
1898 1373 1967 1436 in
1991 1373 2219 1439 Raetia
2260 1387 2498 1451 essent,

185 1487 382 1570 legato
407 1482 798 1548 Germaniae
841 1481 1154 1567 paruisse,
1203 1479 1456 1544 civilem
1500 1481 1687 1564 quasi
1730 1481 2239 1547 iurisdictionem
2266 1482 2347 1548 ab
2374 1483 2499 1549 alio

189 1592 467 1678 praeside
509 1590 1018 1655 administratam
1057 1611 1202 1654 esse
1241 1598 1555 1673 putasset.
1640 1588 1871 1654 Narrat
1910 1603 2120 1656 autem
2164 1590 2245 1655 de
2288 1615 2365 1656 ea
2404 1592 2500 1656 sic

191 1701 326 1764 Tac.
364 1700 519 1765 hist.
548 1700 604 1776 I,
649 1701 718 1762 11
777 1702 1022 1772 Raetia,
1065 1700 1383 1771 Noricum,
1435 1700 1713 1760 Thracia
1752 1709 1816 1761 et
1852 1723 2009 1780 quae
2050 1703 2219 1763 aliae
2246 1704 2502 1781 provin·

188 1813 304 1879 ciac
340 1808 857 1890 procuratoribus
902 1807 1287 1881 cohibentur,
1347 1815 1422 1868 ut
1460 1805 1670 1870 Taciti
1716 1817 1995 1892 tempore
2043 1808 2083 1871 i.
2130 1830 2187 1873 e.
2226 1808 2505 1873 Traiano

189 1919 525 2002 imperante
583 1927 1032 2003 procuratores
1069 1915 1332 1980 Raetiae
1390 1916 1747 2000 praefuisse
1808 1928 2077 1983 constet.
2168 1915 2302 1981 Sed
2350 1916 2502 1980 item

189 2015 586 2108 praefuerant
647 2024 773 2087 iam
833 2020 956 2086 sub
1014 2022 1303 2100 Nerone,
1367 2024 1689 2107 siquidem
1748 2026 1814 2088 in
1871 2023 2039 2090 bello
2100 2024 2310 2100 civili,
2374 2047 2503 2108 quo

189 2132 618 2218 Vespasianus
657 2130 997 2216 imperium
1036 2133 1310 2217 adeptus
1347 2144 1469 2210 est,
1510 2133 1784 2199 Porcius
1816 2134 2213 2220 Septiminus
2238 2134 2502 2199 Raetiae

187 2253 552 2324 procurator
605 2263 644 2304 a
694 2239 852 2304 Tac.
901 2238 1074 2304 Hist.
1134 2239 1266 2316 III,
1333 2241 1372 2304 5
1431 2254 1980 2307 commemoratur.
2080 2241 2221 2306 Iam
2282 2265 2503 2306 omnes

191 2348 538 2432 provincias
557 2395 576 2426 ,
627 2369 790 2432 quae
825 2348 1354 2433 procuratoribus
1383 2361 1700 2434 parerent,
1746 2361 1995 2416 constat
2024 2352 2321 2436 quamvis
2352 2373 2503 2416 suos

193 2455 502 2544 praesides
545 2455 886 2532 haberent,
931 2456 1161 2540 legatis
1203 2466 1418 2522 tamen
1464 2455 1797 2535 Caesaris,
1842 2459 1954 2544 qui
1998 2459 2341 2524 finitimum
2384 2459 2501 2525 ali-

192 2587 361 2649 quem
403 2564 766 2630 exercitum
812 2573 1122 2642 tenerent,
1165 2566 1477 2651 paruisse,
1522 2577 1595 2630 ut
1636 2589 1757 2632 nec
1794 2589 1889 2644 ea,
1934 2568 2000 2631 in
2028 2567 2266 2652 quibus
2294 2567 2501 2654 legio-

195 2695 324 2735 num
383 2671 623 2737 robore
679 2694 844 2758 opus
893 2683 1058 2748 erat,
1123 2673 1250 2758 ipsi
1305 2674 1827 2740 administrarent
1874 2686 1939 2739 et
1988 2676 2057 2738 in
2110 2675 2501 2760 quibusdam

200 2778 716 2866 appellationibus
773 2780 998 2846 maiori
1049 2780 1306 2846 illorum
1350 2783 1652 2867 potestati
1698 2783 2018 2848 cederent.
2114 2784 2192 2848 Id
2240 2807 2388 2847 cum
2434 2784 2501 2848 in

209 2889 436 2973 reliquis
481 2888 588 2953 his
630 2888 990 2954 minoribus
1033 2890 1380 2974 provinciis
1425 2891 1583 2956 satis
1626 2892 1817 2956 certis
1863 2891 2267 2957 documentis
2312 2891 2501 2955 intel-

201 2997 442 3082 ligatur,
509 3008 652 3062 tum
701 2996 767 3060 in
813 2996 1084 3072 Iudaea,
1147 2999 1334 3063 cuius
1391 3009 1841 3085 procuratores
1895 2999 2209 3085 imprimis
2252 2999 2499 3065 nobiles

197 3114 353 3181 sunt,
412 3105 716 3191 plurimis
773 3105 970 3171 rebus
1015 3107 1444 3172 confirmatur.
1522 3107 1747 3172 Raetia
1786 3107 1989 3193 igitur
2031 3119 2095 3172 et
2135 3106 2503 3173 Vindelicia

197 3216 350 3294 (nam
383 3215 504 3280 has
549 3214 618 3278 in
651 3237 856 3278 unum
883 3214 1248 3300 provinciae
1277 3237 1513 3300 corpus
1544 3216 1919 3280 coniunctas
1946 3216 2151 3280 fuisse
2178 3214 2505 3296 existimo)

197 3321 285 3384 cui
333 3323 552 3408 legato
602 3322 858 3408 paruit?
949 3321 1334 3408 Significant
1383 3347 1490 3400 ea,
1550 3346 1717 3408 quae
1770 3347 1937 3389 anno
1981 3325 2062 3389 69
2129 3333 2315 3408 gesta
2362 3344 2505 3387 esse

195 3440 535 3495 narrantur.
633 3427 804 3494 Cum
861 3430 1032 3494 enim
1077 3432 1348 3496 Alienus
1396 3429 1711 3509 Caecina,
1781 3433 1863 3496 L.
1922 3432 2167 3498 Vitellii
2225 3431 2501 3517 legatus,

201 3535 539 3616 Helvetios,
583 3538 696 3623 qui
737 3537 806 3601 in
845 3537 1093 3604 Galbae
1135 3539 1266 3604 fide
1303 3539 1837 3625 perseverabant,
1882 3540 2110 3605 ulcisci
2152 3539 2500 3616 statuisset,

201 3647 542 3728 praefectus
609 3646 812 3733 copiis
869 3646 1262 3731 quibusdam
1323 3647 1671 3734 superioris
1720 3646 2110 3713 Germaniae
2174 3646 2349 3712 misit
2418 3645 2501 3710 ad

208 3751 444 3819 Raetica
483 3754 754 3831 auxilia,
807 3754 918 3838 qui
957 3777 1034 3820 ea
1075 3755 1522 3832 admonerent,
1566 3768 1640 3820 ut
1682 3756 1825 3820 illos
1872 3780 1911 3822 a
1930 3766 2135 3842 ‘tergo
2180 3754 2499 3840 aggrede-

209 3873 402 3926 rentur
437 3861 628 3945 (Tac.
651 3862 823 3927 Hist.
845 3863 902 3940 Ι,
929 3863 1062 3946 67).
1135 3863 1454 3929 Alacriter
1484 3875 1829 3950 postquam
1860 3887 1989 3928 non
2026 3864 2217 3928 modo
2245 3864 2504 3940 auxilia,

205 3989 404 4034 verum
475 3979 610 4035 tota
667 3970 1022 4036 Raetorum
1087 3971 1394 4038 iuventus
1461 3973 1765 4050 advenit,
1828 3973 2151 4057 utrimque
2218 3971 2506 4036 Helvetii

209 4077 396 4142 vexati
449 4088 600 4143 sunt
621 4123 638 4155 ,
698 4089 1028 4164 totumque
1085 4081 1418 4166 negotium
1459 4091 1593 4146 tam
1638 4082 1933 4147 celeriter
1976 4081 2373 4157 confectum,
2434 4091 2507 4145 ut

209 4182 274 4246 iis
307 4208 422 4250 nec
462 4186 888 4272 poenitentiae
927 4211 1048 4254 nec
1085 4188 1475 4275 deprecandi
1512 4200 1767 4276 tempus
1798 4189 2079 4255 daretur.
2150 4187 2301 4268 Qua
2332 4196 2509 4252 tanta

213 4291 506 4359 celeritate
551 4294 790 4360 auxilia
829 4295 938 4360 illa
979 4297 1284 4364 advocari
1326 4319 1454 4362 non
1500 4297 1894 4384 potuissent,
1956 4297 2081 4361 nisi
2128 4295 2335 4361 eidem
2382 4294 2505 4358 im-

215 4401 370 4483 perio
409 4405 790 4490 paruissent.
862 4404 961 4469 Ac
1000 4427 1164 4491 quae
1207 4405 1448 4470 diversi
1488 4417 1671 4472 erant
1706 4404 1955 4492 imperii
1988 4403 2211 4490 copiae
2240 4402 2507 4488 suisque
