2917 5017
457 328 574 396 126
1105 335 1184 384 ne
1223 330 1394 384 esua
1431 329 1787 380 aomanorum
1834 328 2110 393 provincia.

452 517 750 581 praeesse
795 494 1036 580 coepit,
1093 517 1220 558 non
1269 501 1591 558 constaret
1610 537 1627 565 ‚
1692 513 1773 554 ex
1822 500 2145 576 tempore,
2184 510 2317 574 quo
2353 486 2661 552 Tiberius
2702 486 2763 550 in

455 603 924 668 consortionem
965 601 1215 687 imperii
1266 609 1571 684 receptus
1606 607 1723 673 est,
1766 608 1941 662 certa
1968 597 2337 662 coniectura
2368 608 2594 681 posset
2614 594 2766 658 fieri.

455 709 590 776 Sed
634 712 760 776 iam
809 711 1026 796 ipsum
1074 709 1198 774 hoc
1244 706 1618 774 Germanici
1668 707 2009 792 imperium
2054 705 2245 788 quale
2288 704 2484 769 fuerit
2530 703 2769 766 descri-

454 821 738 885 bendum
784 831 900 884 est.
981 817 1092 882 De
1133 839 1210 882 eo
1249 815 1534 882 breviter
1572 821 2017 898 summamque
2058 836 2195 878 rem
2244 825 2547 898 spectans
2586 811 2772 876 Taci-

452 940 561 994 tus
601 929 836 994 Annal.
873 929 930 1004 I,
977 928 1014 992 3
1061 927 1180 991 ait:
1244 932 1332 987 At
1373 927 1618 987 hercule
1662 927 2103 988 Germanicum
2149 927 2351 984 Druso
2390 931 2603 984 ortum
2648 929 2775 982 octo

453 1040 626 1118 apud
687 1039 968 1099 Rhenum
1036 1035 1374 1115 legionibus
1439 1036 1733 1113 imposuit
1798 1031 2279 1118 (Augustus),
2355 1027 2777 1110 similiterque

457 1144 728 1210 Sueton.
779 1141 918 1208 Cal.
979 1165 1034 1207 c.
1089 1147 1108 1206 1
1175 1163 1322 1205 eum
1381 1143 1635 1202 missum
1692 1143 1780 1202 ad
1832 1141 2171 1202 exercitum
2236 1143 2305 1200 in
2370 1139 2771 1201 Germaniam

454 1253 610 1316 dicit
657 1253 768 1332 (cf.
813 1251 979 1315 Vell.
1019 1250 1116 1325 H,
1166 1249 1282 1314 123
1325 1259 1388 1311 et
1438 1247 1617 1328 125),
1677 1269 1959 1332 quocum
2016 1247 2151 1310 fere
2197 1245 2613 1310 consentiens
2655 1242 2780 1306 Dio

453 1359 670 1436 LVII,
713 1360 749 1422 :3
793 1359 1157 1446 praesidem
1199 1355 1585 1421 Germaniae
1628 1352 1926 1440 appellat.
2009 1351 2143 1418 Sed
2183 1353 2548 1418 accuratior
2589 1351 2783 1434 longe

453 1469 678 1532 notitia
717 1491 796 1532 ex
836 1468 914 1532 iis
958 1467 1089 1552 peti
1130 1477 1376 1551 potest,
1415 1487 1581 1548 quae
1622 1462 1775 1528 Tac.
1817 1462 2053 1528 Annal.
2094 1463 2148 1539 Ι,
2194 1463 2265 1526 31
2319 1471 2463 1548 post
2506 1471 2784 1524 mortem

455 1576 746 1660 Augusti
803 1576 978 1660 apud
1036 1574 1354 1638 exercitus
1401 1572 1827 1638 Germanicos
1884 1581 2067 1652 gesta
2120 1592 2263 1634 esse
2320 1581 2571 1645 narrat,
2637 1592 2788 1633 cum

455 1684 744 1748 nondum
787 1683 1132 1767 quicquam
1173 1703 1254 1746 ex
1295 1682 1397 1756 iis,
1441 1703 1609 1765 quae
1646 1680 1994 1764 Augustus
2029 1678 2413 1755 instituerat,
2459 1689 2789 1742 mutatum

455 1803 608 1856 erat..
679 1797 838 1867 Duo,
877 1792 1104 1876 inquit,
1149 1794 1324 1872 apud
1361 1796 1568 1870 ripam
1612 1791 1819 1852 Rheni
1836 1792 2143 1850 exercitus
2164 1798 2348 1850 erant
2364 1814 2383 1849 .-
2420 1791 2533 1850 σαι·
2556 1809 2789 1848 nomen

453 1905 788 1980 superiori,
843 1901 950 1961 sub
1011 1902 1072 1966 C.
1121 1903 1276 1962 Silio
1331 1903 1571 1979 legat0‚·
1634 1899 1999 1978 inferiorem
2044 1903 2127 1962 A.
2174 1899 2441 1962 Caecina
2492 1895 2791 1958 curabat.

457 2011 754 2087 Regimen
797 2031 1070 2070 summae
1110 2011 1207 2069 rei
1231 2027 1415 2087 penes
1460 2008 1923 2078 Germanicum,
1961 2007 2201 2086 agendo
2240 2008 2603 2068 Gallicanam
2650 2027 2791 2064 cen-
2872 1989 2875 1992 ⁴

454 2119 558 2176 sui
599 2125 730 2176 tum
777 2119 1103 2179 intentum.
1171 2114 1352 2178 Hinc
1392 2112 1705 2176 discimus
1749 2110 1965 2176 minus
2008 2123 2181 2178 recte
2222 2112 2304 2176 ab
2350 2111 2571 2176 Dione
2612 2109 2795 2175 Ger-

457 2224 782 2288 manicum
827 2223 957 2287 dici
999 2221 1384 2286 Germaniae
1429 2219 1817 2302 praesidem3
1877 2219 2143 2305 regebat
2192 2220 2361 2284 enim
2403 2242 2539 2284 non
2586 2219 2793 2284 modo
2872 2263 2875 2268 -

455 2331 779 2396 exercitus
818 2328 1164 2395 Germanis
1205 2330 1561 2415 oppositos,
1599 2328 1715 2392 sed
1756 2329 1943 2392 etiam
1969 2327 2270 2405 Galliam,
2314 2328 2503 2392 cuius
2552 2328 2791 2392 censui
2872 2371 2875 2406 ἑ

454 2440 710 2524 agendo
749 2439 1032 2504 intentus
1077 2449 1244 2514 erat,
1296 2459 1442 2502 cum
1485 2436 1753 2500 nunt-ius
1792 2437 1875 2500 de
1912 2449 2116 2502 morte
2160 2436 2449 2522 Augusti
2493 2436 2792 2502 advenit.

453 2547 594 2612 Nec
649 2547 980 2632 probabile
1037 2557 1164 2621 est,
1227 2567 1376 2610 cum
1431 2545 1685 2610 Plinius
1744 2567 1821 2610 ac
1876 2544 2112 2610 Strabo
2168 2546 2347 2610 nulla
2388 2544 2792 2612 Germaniae

455 2656 817 2740 provinciae
872 2654 1188 2718 mentione
1248 2653 1420 2718 facta
1473 2663 1774 2736 quattuor
1839 2650 2199 2718 Galliarum
2260 2654 2645 2739 provincias
2720 2655 2787 2719 ab

453 2765 762 2848 Augusto
800 2764 1124 2828 institutas
1170 2784 1314 2826 esse
1359 2763 1654 2842 referant,
1698 2761 1859 2846 ipsis
1902 2763 2207 2828 extremis
2254 2763 2552 2828 eiusdem
2596 2764 2795 2826 annis

453 2873 646 2938 aliam
681 2872 1066 2936 divisionem
1097 2894 1242 2936 esse
1277 2882 1589 2954 coeptam,
1631 2870 1817 2934 cuius
1845 2871 2513 2936 commemorationem
2542 2867 2795 2936 Strabo

457 2993 628 3046 certe
673 2981 964 3044 omittere
1007 3001 1136 3044 non
1173 2979 1403 3062 potuit.
1500 2975 1635 3042 Sed
1678 2978 2050 3044 nominabat
2096 2980 2225 3044 Dio
2266 2978 2445 3064 quod
2486 2979 2563 3042 in
2608 2980 2794 3044 omni

456 3087 828 3154 Germanici
874 3098 1190 3172 potestate
1229 3086 1424 3170 longe
1472 3087 1891 3172 praecipuum
1935 3099 2101 3164 erat,
2155 3087 2438 3170 itemque
2483 3085 2797 3163 Tacitus,

456 3219 604 3260 cum
649 3194 1016 3281 legionibus
1063 3217 1212 3258 eum
1253 3194 1615 3278 praefuisse
1658 3195 1900 3271 scribit,
1943 3196 2119 3260 unde
2161 3213 2351 3258 nemo
2392 3207 2527 3258 tam
2574 3195 2793 3281 impe-

453 3306 618 3368 ritus
658 3315 770 3370 aut
807 3325 1023 3368 rerum
1064 3313 1178 3365 aut
1217 3301 1601 3385 scriptorum
1640 3303 2079 3370 Romanorum
2126 3305 2275 3378 erit,
2334 3303 2444 3386 qui
2484 3303 2793 3389 legiones

453 3423 721 3486 tantum,
763 3433 896 3476 non
929 3412 1116 3476 etiam
1163 3409 1525 3494 provincias
1572 3411 1655 3474 ab
1696 3435 1773 3476 eo
1816 3423 2022 3477 rectas
2069 3434 2213 3478 esse
2259 3411 2575 3496 colligere
2612 3415 2785 3476 velit.

455 3519 624 3600 Quis
663 3519 861 3596 enim,
923 3520 978 3582 si
1019 3519 1360 3604 imperium
1409 3531 1725 3604 spectaret
1768 3543 1845 3584 ac
1888 3530 2199 3604 quantum
2242 3519 2525 3603 quisque
2568 3521 2633 3584 in
2676 3543 2775 3584 te-

451 3628 714 3714 publica
767 3637 984 3714 posset
1039 3627 1432 3701 intueretur,
1490 3627 1625 3690 ullo
1680 3639 1835 3692 tunc
1888 3629 1955 3692 in
1998 3649 2267 3692 numero
2312 3628 2591 3693 haberet.
2632 3651 2779 3714 pro-

455 3738 699 3802 vincias
743 3735 1063 3800 inermes?
1129 3757 1302 3819 quae
1339 3736 1583 3820 praeda
1630 3736 1841 3822 potius
1890 3747 2071 3800 erant
2109 3759 2188 3802 ac
2225 3736 2591 3821 praemium
2633 3735 2789 3802 belli

453 3867 643 3928 quam
683 3845 887 3908 ullum
926 3844 992 3906 in
1029 3842 1200 3907 bello
1245 3853 1634 3908 momentum
1678 3844 2052 3910 aflet-ebant.
2117 3844 2343 3929 Itaque
2372 3867 2524 3908 eum
2554 3867 2791 3912 omnes

453 3953 824 4038 provinciae
864 3975 980 4037 pro
1016 3972 1284 4016 numero
1326 3951 1677 4034 legionum,
1723 3975 1884 4035 quas
1924 3951 2183 4029 habent,
2228 3964 2597 4030 censentur,
2647 3966 2793 4018 tum

452 4059 752 4136 Tacitus,
811 4060 986 4146 quod
1042 4060 1235 4145 longe
1291 4070 1427 4124 erat
1485 4059 1549 4122 in
1606 4057 1977 4126 Germanici
2032 4072 2347 4146 potestate
2404 4063 2793 4140 maximum,

450 4170 786 4255 legionum
825 4180 970 4232 octo
1015 4168 1303 4252 regimen
1325 4213 1342 4242 ,
1391 4166 1460 4229 id
1509 4189 1707 4232 unum
1753 4183 2207 4234 commemorat
2243 4170 2539 4254 Dioque,
2606 4173 2793 4254 quod

453 4275 536 4340 ad
589 4275 856 4340 limitem
902 4273 1288 4340 Germaniae
1345 4275 1691 4340 collocatae
1746 4288 1929 4341 erant
1976 4277 2265 4363 legiones
2284 4325 2301 4354 ,
2362 4276 2789 4344 Germaniam

453 4383 593 4447 eius
651 4384 1047 4467 provinciam
1110 4383 1405 4468 appellat.
1498 4382 1907 4467 Quamquam
1956 4399 2209 4470 praeter
2248 4386 2545 4470 legiones
2590 4390 2785 4454 etiam
