2917 5017
455 267 495 335 8
1116 273 1199 324 De
1237 271 1408 324 Gallia
1440 274 1789 324 Romanorum
1838 273 2114 338 provincia.

425 434 521 504 in
562 433 840 516 Galliam
883 459 1139 524 quoque
1179 437 1511 524 profectus
1566 448 1790 526 gentes
1828 438 2099 525 Alpinas
2153 458 2503 522 regemque
2545 433 2777 500 Gallo-

453 565 598 606 rum
640 540 1027 610 Cincibilum
1077 557 1338 611 vexarat
1379 546 1559 632 (Liv.
1602 545 1747 611 libr.
1775 545 2035 623 XLIII,
2080 543 2168 630 5),
2213 555 2287 608 ut
2326 544 2516 608 etiam
2553 541 2621 605 in
2651 542 2781 606 hoc
2890 579 2892 622 5

453 651 787 716 videamus
816 652 1064 718 Galliae
1110 653 1424 739 quicquid
1467 652 1731 740 parebat
1767 654 2035 740 imperio
2054 653 2367 728 RomanO,
2415 673 2563 715 cum
2589 643 2827 714 Italia‘

453 757 656 822 fuisse
717 761 1148 827 coniunctum.
1247 760 1444 826 Anno
1505 761 1625 828 172
1682 763 1996 828 ambobus
2051 759 2425 827 consulibus
2484 758 2779 844 Ligures

456 866 698 932 decreti
742 881 891 933 sunt
928 869 1106 953 (Liv.
1151 869 1378 947 XLII,
1426 869 1571 954 10),
1622 870 1663 935 i.
1707 891 1797 947 e.,
1862 871 1918 934 si
1962 869 2217 956 proprie
2256 868 2434 953 loqui
2476 866 2780 942 velimuS,

451 973 656 1052 Italia,
681 975 817 1048 ‚sed
845 977 935 1041 ita
976 988 1050 1041 ut
1079 976 1321 1042 bellum
1363 977 1428 1041 in
1447 977 1808 1064 Liguribus
1848 1001 2071 1066 gerere
2106 977 2501 1042 iuberentur.
2546 976 2781 1060 Itaque

453 1084 912 1149 contendentes
964 1109 1110 1149 cum
1165 1095 1392 1150 senatu
1435 1086 1551 1150 diu
1606 1087 1674 1151 in
1727 1087 1887 1152 urbe
1932 1093 2340 1162 manserunt,
2408 1083 2568 1149 alter
2628 1095 2781 1148 ante

451 1191 694 1255 exitum
723 1193 871 1256 anni
906 1193 988 1258 ad
1008 1194 1372 1259 consularia
1391 1194 1650 1259 comitia
1676 1194 1975 1261 habenda
2005 1195 2199 1260 rediit
2210 1192 2626 1282 (Liv.XLII,
2643 1193 2782 1278 28).

447 1298 613 1363 Item
653 1322 820 1364 anno
858 1301 974 1367 173
1007 1301 1382 1367 consulibus
1415 1302 1701 1388 Ligures
1747 1303 1989 1369 decreti
2028 1313 2179 1368 sunt
2217 1303 2396 1389 (Liv.
2430 1302 2656 1379 XLII,
2690 1305 2782 1384 1),

448 1428 569 1471 nec
603 1407 838 1485 minus,
893 1419 965 1472 ut
1005 1410 1254 1495 opinor,
1307 1411 1716 1476 antecedenti
1757 1435 1958 1489 ann03
2017 1423 2364 1496 utrumque
2410 1422 2581 1478 certe
2622 1435 2782 1476 con-

451 1515 654 1580 sulem
699 1516 868 1580 circa
915 1539 1023 1582 eas
1067 1518 1366 1604 regiones
1402 1531 1734 1585 versatum
1772 1544 1915 1586 esse
1972 1520 2198 1586 scribit
2243 1520 2391 1586 Liv.
2420 1521 2628 1597 XLI,
2673 1521 2782 1587 27.

451 1623 648 1685 Anno
693 1623 808 1688 175
853 1627 1152 1691 consules
1196 1626 1262 1689 in
1288 1626 1652 1713 Liguribus
1698 1652 2001 1715 prospere
2047 1651 2378 1715 pugnasse
2422 1631 2509 1696 ait
2539 1631 2782 1695 Livius

444 1728 591 1794 libr.
629 1729 833 1808 XLI,
887 1733 996 1810 19,
1056 1757 1223 1799 anno
1279 1734 1398 1802 176
1437 1736 1627 1802 Pisas
1682 1748 1746 1801 et
1789 1737 2074 1824 Ligures
2114 1760 2257 1802 esse
2296 1738 2589 1804 decretos
2630 1739 2782 1804 libr.

445 1835 648 1915 XLI,
713 1839 784 1903 14
805 1887 822 1916 ,
885 1839 1304 1928 similiterque
1367 1845 1611 1909 factum
1674 1856 1810 1910 erat
1871 1845 2312 1933 superioribus
2364 1849 2584 1926 annis,
2647 1849 2791 1952 nisi

445 1944 622 2028 quod
665 1968 831 2011 anno
877 1948 992 2015 177
1039 1949 1139 2015 Ti.
1191 1949 1615 2038 Sempronius
1660 1952 1999 2020 Gracchus
2041 1953 2407 2022 Sardiniam
2450 1968 2633 2023 extra
2669 1981 2779 2022 or-

450 2052 666 2117 dinem
713 2057 978 2141 accepit.
1071 2056 1257 2139 Quae
1306 2081 1452 2124 cum
1502 2061 1592 2123 ita
1636 2061 1762 2124 sint
1806 2051 2047 2148 (neque
2091 2065 2262 2130 enim
2303 2066 2525 2151 plures
2569 2090 2778 2132 annos

445 2160 804 2227 examinare
848 2186 1012 2249 opus
1058 2163 1216 2249 est),
1279 2167 1553 2233 dubium
1599 2192 1741 2234 esse
1782 2193 1914 2234 non
1955 2171 2180 2250 debet,
2233 2174 2389 2258 quin
2436 2198 2644 2260 usque
2690 2177 2778 2240 ad

443 2290 680 2333 annum
729 2270 846 2336 167
888 2271 1135 2338 Galliae
1177 2274 1487 2360 quicquid
1533 2278 1726 2342 armis
1750 2279 2187 2347 Romanorum
2232 2280 2571 2348 subactum
2616 2295 2776 2362 erat,

443 2398 592 2440 cum
634 2376 820 2443 Italia
874 2379 1287 2446 coniunctum
1345 2383 1556 2448 eidem
1613 2387 1935 2471 paruerit,
2003 2391 2107 2454 cui
2167 2391 2310 2478 ipsa
2364 2391 2522 2457 urbs
2563 2391 2779 2458 Roma

441 2482 719 2568 parebat.
812 2483 990 2550 Casu
1046 2500 1261 2554 autem
1301 2491 1539 2555 accidit
1558 2539 1576 2569 ,
1635 2503 1707 2556 ut
1748 2517 1864 2580 per
1918 2496 1988 2560 id
2026 2499 2201 2582 quod
2260 2500 2773 2569 examinavimus

441 2580 696 2676 tempus
747 2616 1076 2679 nunquam
1135 2607 1407 2683 uterque
1468 2602 1697 2666 consul
1750 2603 1939 2668 Italia
1999 2605 2287 2686 abesset,
2350 2609 2469 2674 sed
2526 2610 2580 2674 si
2636 2611 2769 2677 duo

437 2723 672 2786 magna
716 2700 884 2766 bella
937 2704 1327 2783 extitissent,
1399 2708 1590 2772 etiam
1647 2709 1771 2776 hoc
1837 2712 1977 2778 fieri
2024 2716 2317 2800 potuisse
2371 2739 2635 2797 censeo,
2696 2733 2772 2785 ut

437 2818 692 2894 praetor
745 2809 857 2894 qui
900 2811 1154 2877 Italiam
1217 2825 1537 2893 tueretur,
1589 2816 1762 2882 idem
1810 2819 2059 2886 Galliae
2104 2838 2452 2909 praeesset.
2540 2827 2769 2914 Itaque
2878 2869 2885 2874 ·

437 2915 578 2982 iure
636 2917 1014 2995 mirabimur
1051 2921 1360 3006 Pighium
1412 2923 1483 2988 in
1524 2926 1761 2992 Annal.
1803 2929 1951 2995 Vol.
1996 2929 2064 2995 II
2106 2956 2169 3018 p.
2220 2933 2375 3011 140,
2438 2937 2551 3020 qui
2596 2961 2769 3004 anno

436 3024 556 3090 217
604 3049 660 3089 a.
703 3023 858 3090 Chr.
923 3023 1202 3093 Galliam
1253 3027 1651 3118 Cisalpinam
1691 3036 1759 3100 in
1802 3038 2181 3117 ordinariae,
2233 3065 2427 3126 quam
2466 3047 2766 3130 appellat,

431 3132 804 3218 provinciae
845 3134 1117 3200 formam
1157 3137 1485 3204 redactam
1531 3165 1673 3209 esse
1712 3147 2033 3238 existimet
2075 3160 2266 3234 atque
2320 3173 2400 3215 ex
2438 3151 2549 3216 illo
2592 3163 2762 3220 tem-

433 3262 590 3326 pore
630 3263 770 3305 eam
813 3241 880 3306 in
924 3245 1403 3329 provinciarum
1444 3272 1718 3324 recensu
1761 3253 2094 3321 exhibeat:
2138 3281 2332 3344 quem
2371 3262 2477 3328 ille
2518 3287 2764 3331 annum

431 3347 578 3412 ideo
635 3349 1042 3434 potissimum
1097 3352 1356 3420 videtur
1395 3358 1670 3446 elegisse
1691 3409 1710 3440 ,
1766 3366 1943 3449 quod
1986 3389 2137 3432 cum
2184 3369 2251 3434 in
2292 3370 2469 3436 Livii
2514 3376 2762 3440 annali-

434 3453 558 3520 bus
617 3479 747 3521 non
806 3472 1170 3541 enarretur,
1243 3467 1595 3533 maximum
1666 3472 2053 3542 coniecturis
2116 3499 2413 3565 campum
2473 3483 2756 3568 praebet.

431 3560 660 3649 Neque
708 3567 877 3633 enim
900 3615 916 3645 ,
980 3570 1035 3635 si
1089 3573 1201 3656 qui
1260 3595 1379 3659 per
1430 3574 1583 3641 belli
1623 3577 1856 3647 Punici
1914 3585 2305 3653 calamitates
2363 3589 2431 3653 in
2478 3589 2760 3658 Galliam

431 3671 612 3738 missi
675 3686 826 3740 sunt
875 3689 1235 3763 praetores,
1300 3682 1412 3768 qui
1470 3694 1627 3749 tunc
1678 3698 1861 3752 extra
1914 3694 2204 3761 ordinem
2263 3719 2393 3763 non
2452 3698 2648 3764 modo
2690 3701 2757 3766 in

431 3776 710 3846 Galliam
730 3828 747 3858 ,
827 3807 1053 3850 verum
1117 3789 1186 3852 in
1252 3811 1477 3856 omnes
1538 3794 1761 3862 Italiae
1826 3810 2042 3886 partes
2110 3804 2407 3872 hostibus
2484 3808 2753 3877 infestas

428 3886 863 3968 mittebantur,
890 3890 970 3957 iis
1010 3895 1105 3959 uti
1142 3895 1553 3978 debebimus3
1598 3904 1837 3988 quibus
1863 3907 1976 3992 qui
2012 3920 2249 3990 utetur,
2298 3915 2553 3995 multas,
2586 3941 2752 4006 quae

425 3995 641 4062 nullae
683 4020 966 4083 unquam
1003 4003 1285 4082 fuerunt,
1327 4009 1694 4092 provincias
1738 4013 1991 4082 efficere
2032 4021 2281 4105 poterit.

593 4104 1032 4174 Veruntamen
1084 4115 1150 4175 in
1208 4115 1632 4185 examinanda
1678 4119 1928 4190 Galliae
1980 4129 2357 4196 condicione
2410 4135 2466 4198 si
2520 4137 2605 4202 ad
2650 4139 2749 4204 in·-

424 4211 660 4278 feriora
733 4226 1022 4302 tempora
1090 4219 1561 4291 descendemus
1584 4274 1601 4304 ,
1678 4231 1838 4315 quid
1912 4237 2349 4320 reperiemus?
2451 4243 2606 4326 Qua
2680 4251 2747 4313 in

423 4321 794 4402 quaestione
846 4347 1033 4392 nemo
1071 4330 1454 4412 postulabit,
1517 4347 1590 4400 ut
1640 4360 1757 4422 per
1812 4341 2103 4426 singulos
2146 4370 2347 4415 annos
2394 4353 2499 4418 vel
2536 4357 2744 4424 fuisse
