2917 5017
479 352 598 417 188
985 355 1070 404 De
1103 354 1278 405 Gallia
1313 356 1663 406 Romanorum
1696 356 1958 421 provincia
1994 355 2270 420 appendix.

473 516 806 582 inauditus
845 528 962 594 est,
1003 515 1379 581 existimem.
1464 514 1661 596 Quod
1706 512 1843 580 Cal.
1884 516 2139 581 Martiis
2178 518 2407 604 vigiles
2448 518 2539 582 illi
2581 518 2644 581 in
2682 529 2758 583 ta-

473 624 660 691 bulas
703 625 1006 691 frumenti
1047 624 1292 711 publici
1334 634 1679 689 narrantur
1722 646 1863 689 esse
1908 624 2200 711 inscripti
2223 672 2240 701 ,
2306 626 2482 691 haud
2532 627 2657 691 scio
2696 650 2760 691 an

473 734 634 799 nihil
675 734 988 809 ostendit,
1053 735 1327 798 fortasse
1383 733 1507 797 hoc
1560 756 1797 809 unum,
1857 733 1963 797 vel
2002 732 2303 799 omnibus
2344 726 2647 799 Calendis
2678 737 2762 799 vel

476 840 614 908 Cal.
642 843 898 908 Martiis
941 845 1180 927 (neque
1221 841 1391 905 enim
1433 840 1515 905 de
1554 842 1675 905 hac
1716 864 1786 906 re
1832 864 1871 905 a
1906 842 2233 927 proposito
2276 853 2495 908 nostro
2535 843 2762 909 alienis-

475 952 638 1016 sima
696 952 819 1015 hoc
874 950 1017 1016 loco
1069 972 1376 1034 quaerere
1437 952 1819 1036 possumus)
1876 951 2129 1015 tabulas
2184 951 2490 1015 frumenti
2550 950 2763 1037 publici

475 1082 618 1125 esse
661 1069 980 1125 correctas
1033 1069 1225 1142 atque
1277 1058 1343 1121 in
1397 1058 1881 1123 demortuorum
1924 1058 2137 1122 locum
2180 1058 2341 1123 alios
2388 1058 2764 1135 substitutos,

473 1168 556 1233 de
600 1190 764 1233 anno
804 1168 1060 1231 militari
1101 1190 1182 1231 ex
1223 1165 1536 1252 vestigiis,
1580 1188 1743 1250 quae
1787 1166 1950 1231 adeo
1994 1167 2171 1231 nulla
2213 1167 2361 1245 sint,
2408 1168 2624 1252 colligi
2660 1190 2766 1231 non
2857 1155 2859 1215 ἶ

471 1276 640 1341 licet.
729 1276 820 1340 At
879 1276 1138 1340 omnino
1193 1276 1311 1351 ait,
1374 1272 1583 1339 sicubi
1622 1274 1887 1350 milites,
1947 1274 2057 1359 qui
2100 1275 2341 1360 pariter
2380 1276 2424 1339 i.
2467 1298 2523 1341 e.
2570 1277 2767 1340 eodem

475 1408 642 1449 anno
685 1384 940 1449 militari
985 1383 1304 1469 stipendia
1345 1383 1556 1447 facere
1602 1383 1949 1470 coeperint,
1992 1394 2467 1461 recenseantur,
2514 1406 2623 1448 eos
2664 1384 2769 1449 dici

475 1493 734 1559 duobus
781 1491 1222 1557 consulatibus
1265 1490 1554 1555 militiam
1602 1491 1821 1555 inisse.
1902 1490 2183 1569 Vereor,
2234 1516 2315 1557 ne
2358 1494 2459 1557 vir
2499 1492 2770 1557 doctissi-

471 1625 618 1667 mus
659 1624 776 1687 per
817 1600 1038 1665 orbem
1077 1600 1396 1684 quendam
1443 1598 1884 1665 ratiocinando
1928 1597 2009 1664 ab
2047 1622 2121 1664 eo
2155 1600 2625 1686 proficiscatur,
2666 1624 2772 1685 quo
2862 1584 2864 1587 Α

475 1710 981 1795 perveniendum
1021 1708 1103 1772 sit
1139 1730 1215 1772 ac
1247 1706 1422 1792 quod
1457 1706 2029 1771 demonstrandum
2062 1708 2163 1784 sit,
2200 1730 2319 1794 pro
2350 1719 2527 1774 certo
2556 1720 2770 1775 sumat:

473 1839 590 1881 neo
607 1816 1140 1884 consuetudinem
1156 1816 1330 1881 illam
1348 1836 1465 1900 per
1482 1816 1647 1880 duos
1668 1816 2039 1881 consulatus
2063 1818 2611 1886 recensendorum
2633 1817 2773 1881 mili-

473 1936 612 1990 tum
645 1936 1041 1991 constantem
1071 1946 1214 1989 esse
1237 1924 1376 2009 ipse
1403 1925 1599 2009 paulo
1626 1934 1771 2009 post
1797 1948 1855 2008 p.
1886 1926 1961 1989 15
1980 1926 2234 1989 fatetur.
2289 1924 2682 2009 Plerumque
2702 1924 2774 1989 sic

471 2034 612 2099 fieri
657 2034 833 2109 dicit,
879 2033 1176 2098 umbram
1225 2032 1414 2096 etiam
1459 2032 1635 2097 illam
1679 2033 1941 2097 rationis
1986 2032 2347 2098 destruens.
2430 2032 2605 2097 Nam
2646 2044 2775 2116 quot

475 2164 708 2207 causae
746 2140 1012 2227 reperiri
1051 2128 1344 2225 possunt,
1385 2162 1503 2205 cur
1541 2140 1775 2205 milites
1814 2150 2019 2206 aetate
2062 2163 2136 2206 ac
2172 2140 2647 2226 stipendiorum
2676 2164 2774 2204 nu·
2857 2144 2864 2161 ⁶

474 2271 652 2314 mero
694 2249 969 2335 proximi
1013 2250 1437 2315 communiter
1482 2248 1727 2334 aliquid
1763 2250 2093 2335 posuerint
2116 2272 2192 2314 ac
2218 2249 2630 2314 dedicarint?
2693 2250 2776 2313 Ex
2855 2254 2864 2295 ἓ

471 2358 785 2444 exemplis
825 2369 1068 2433 autem,
1125 2381 1288 2442 quae
1343 2358 1733 2435 afferuntur,
1796 2359 2073 2443 primum
2125 2368 2293 2423 certe
2351 2358 2481 2423 huc
2542 2358 2777 2422 minime
2863 2388 2864 2397 ¹

477 2468 775 2551 pertinet.
874 2466 1039 2532 Nam
1081 2467 1256 2553 apud
1300 2467 1595 2531 Henzen.
1640 2490 1703 2531 n.
1743 2467 1907 2533 6863
1954 2478 2199 2553 septem
2243 2466 2473 2531 milites
2522 2466 2778 2532 cohortis

473 2574 824 2660 praetoriae
881 2596 1048 2638 anno
1097 2574 1215 2639 150
1268 2584 1528 2659 propter
1586 2575 1954 2640 missionem
2012 2574 2345 2639 honestam
2400 2574 2601 2660 genio
2652 2597 2779 2639 cen·
2848 2573 2865 2655 l

474 2683 678 2747 turiae
735 2704 910 2747 aram
965 2681 1260 2767 posuisse
1316 2681 1653 2759 dicuntur,
1716 2705 1796 2748 ex
1839 2684 2075 2767 quibus
2120 2682 2405 2767 quinque
2444 2704 2619 2747 anno
2664 2683 2783 2757 133,
2855 2678 2857 2767 ᾗ

475 2791 608 2856 duo
653 2813 821 2855 anno
871 2790 988 2856 134
1031 2790 1302 2855 militare
1347 2801 1701 2875 coeperant.
1784 2790 1891 2855 Ex
1934 2812 2063 2873 qua
2102 2790 2519 2875 inscriptione
2564 2792 2619 2857 si
2660 2790 2781 2877 opi·
2863 2797 2864 2803 ’

472 2901 682 2965 nionis
727 2920 882 2964 suae
922 2908 1373 2984 argumentum
1417 2898 1714 2985 quamvis
1745 2910 1937 2967 tenue
1968 2922 2220 2965 sumere
2251 2900 2463 2975 vellet,
2511 2898 2779 2965 Momm·
2857 2908 2865 2983 f

475 3009 694 3074 senius
751 3009 984 3073 docere
1039 3007 1347 3084 debebat,
1408 3009 1693 3093 quinque
1737 3009 1879 3074 illos
1926 3009 2157 3073 milites
2200 3016 2351 3095 post
2395 3003 2539 3073 Cal.
2584 3008 2780 3083 Mart„
2855 2988 2865 3075 ³¹?

473 3118 640 3181 duos
701 3128 848 3182 ante
907 3114 1046 3182 Cal.
1100 3116 1292 3181 Mart.
1357 3118 1587 3208 milites
1644 3138 1786 3181 esse
1849 3117 2087 3193 factos3
2160 3116 2343 3181 aliter
2396 3116 2573 3180 enim
2634 3117 2782 3180 intra

471 3225 668 3291 unius
709 3226 892 3301 anni,
953 3246 1144 3308 quem
1187 3235 1397 3309 putat,
1457 3225 1619 3289 fines
1660 3246 1787 3287 non
1828 3235 2236 3301 coercentur,
2297 3224 2437 3301 vel,
2498 3226 2778 3311 quoniam
2862 3238 2864 3267 ὲ

472 3330 589 3395 hoc
625 3331 764 3396 fieri
803 3354 932 3395 non
969 3342 1237 3417 poterat,
1275 3332 1646 3397 missionem
1670 3334 2003 3398 honestam
2028 3346 2175 3418 post
2194 3334 2483 3420 ipsorum
2516 3333 2778 3399 sedecim
2862 3340 2865 3377 Ι

473 3462 786 3505 annorum
831 3440 1152 3526 stipendia
1191 3441 1331 3505 dari
1375 3443 1810 3519 consuevisse,
1854 3452 1929 3507 ut
1968 3441 2144 3520 inde,
2188 3442 2300 3527 qui
2336 3441 2581 3528 pariter
2617 3439 2778 3505 missi

471 3548 620 3612 facti
677 3558 927 3625 essent,
994 3549 1234 3635 pariter
1289 3550 1580 3615 militiam
1635 3551 1837 3616 inisse
1890 3551 2419 3637 intelligerentur.
2517 3551 2612 3617 At
2656 3550 2779 3635 ipse
2863 3558 2864 3593 ³

473 3678 620 3722 cum
677 3679 742 3742 p.
793 3658 868 3722 15
921 3658 1276 3723 rectissime
1320 3658 1651 3736 observet,
1714 3682 1841 3725 non
1884 3660 2087 3725 fuisse
2129 3658 2252 3724 hoc
2294 3656 2493 3723 moris
2535 3679 2778 3743 eosque,
2862 3694 2864 3700 ¹

472 3765 582 3849 qui
629 3764 948 3850 stipendia
991 3767 1448 3843 emeruissent,
1510 3768 1799 3853 potuisse
1840 3768 2171 3833 honestam
2212 3767 2584 3833 missionem
2629 3765 2779 3832 acci·

471 3894 654 3959 pere,
712 3895 842 3938 non
897 3875 1290 3961 oportuisse:
1360 3876 1549 3960 quid,
1616 3898 1893 3961 quaeso,
1949 3874 2269 3941 efficitur?
2348 3874 2621 3959 Reliqua
2662 3874 2779 3937 duo
2862 3878 2864 3917 ἓ

473 3982 764 4067 exempla
818 3993 1127 4068 petuntur
1183 4004 1262 4047 ex
1323 3982 1851 4067 inscriptionibus
1914 3981 2427 4049 Lambaesitanis
2445 4030 2464 4061 ‚
2523 4004 2778 4068 quarum

470 4090 680 4178 prima
739 4092 942 4178 (apud
997 4091 1202 4157 Leon.
1253 4091 1509 4155 Renier.
1552 4092 1846 4177 Inscript.
1890 4091 2117 4178 Alger.
2174 4115 2237 4155 n.
2288 4090 2393 4175 19)
2448 4091 2655 4177 posita
2692 4098 2779 4154 est

471 4199 552 4263 L.
593 4199 805 4265 Novio
849 4197 1152 4285 Crispino
1196 4196 1479 4266 Martiali
1522 4224 1561 4265 a
1601 4200 1919 4265 veteranis
1966 4204 2079 4281 leg.
2125 4204 2224 4264 III
2257 4204 2443 4282 Aug„
2488 4204 2599 4283 qui
2632 4201 2776 4261 mili-

471 4318 608 4371 tare
660 4319 991 4391 coeperunt
1032 4309 1362 4372 Glabrione
1415 4318 1476 4372 et
1528 4313 1845 4391 Torquato
1885 4313 2029 4373 item
2068 4312 2351 4373 Asiatico
2393 4314 2458 4373 II
2506 4318 2565 4371 et
2605 4310 2772 4389 Aqui-

473 4421 604 4481 lino
646 4439 761 4481 cos.
807 4418 850 4482 i.
895 4440 952 4483 e.
995 4424 1147 4483 ann.¹
1190 4417 1307 4484 124
1353 4428 1416 4483 et
1458 4418 1575 4483 125
1617 4440 1678 4505 p.
1724 4412 1915 4494 Chr„
1982 4418 2182 4483 altera
2222 4417 2318 4483 M.
2357 4417 2625 4484 Aurelio
2674 4415 2769 4481 de·
2863 4426 2864 4445 ³
