2917 5017
773 313 855 363 De
891 314 1148 368 dictatoris
1185 314 1422 367 Caesaris
1457 316 1755 370 honoribus.
2294 318 2417 387 225

155 478 207 539 in
244 474 600 560 Hispaniam
643 474 1088 561 proficiscens)
1147 477 1248 539 καὶ
1301 477 1527 547 ὕπατος
1578 479 1697 565 ὀψέ
1739 506 1887 545 ποτε
1930 485 2031 548 καὶ
2076 485 2176 547 ἐπ’
2223 487 2417 573 ἐξόδῳ

155 590 239 646 τοῦ
284 582 442 651 ἔτους
489 585 828 669 ἀπεδείχθη
890 588 997 646 τοῦ
1046 584 1312 647 Λεπίδου
1374 586 1436 647 ἐν
1494 592 1571 669 τῇ
1625 589 1921 675 ἱππαρχίᾳ
1965 595 2065 655 τὸν
2114 596 2305 677 δῆμον
2356 596 2418 664 ἐς

152 698 296 753 τοῦτο
341 692 808 774 συναγαγόντοςε
856 694 1146 777 profecto
1189 692 1317 757 iam
1355 690 1635 759 Caesare
1682 716 1831 761 cum
1872 698 2033 763 nulli
2071 700 2139 763 in
2179 725 2417 766 annum

147 799 552 881 insequentum
587 800 999 884 magistratus
1041 801 1298 865 curules
1335 802 1487 865 facti
1519 813 1751 881 essent,
1790 804 2083 891 Lepidus
2114 811 2414 877 extremis

147 906 339 971 diebus
377 907 658 993 reliquos
699 908 961 993 quidem
1005 908 1419 993 magistratus
1474 932 1597 973 non
1656 913 1894 976 creavit
1950 916 2191 1002 (nullos
2247 919 2415 981 enim

144 1025 265 1078 tunc
309 1016 506 1080 factos
566 1038 708 1081 esse
762 1016 1061 1081 novimus
1117 1016 1377 1101 Dioque
1427 1018 1565 1103 ipse
1620 1015 1915 1085 Caesaris
1974 1023 2169 1088 unius
2222 1048 2416 1093 causa

143 1124 408 1209 populum
455 1134 880 1189 convocatum
923 1146 1068 1190 esse
1112 1126 1261 1208 ait),
1325 1126 1440 1190 sed
1493 1150 1695 1191 unum
1740 1138 1987 1193 tantum
2031 1130 2210 1195 illum
2260 1154 2413 1197 con-

140 1231 312 1295 sulem
369 1231 752 1317 designavit.
839 1234 1100 1299 Poterat
1141 1234 1340 1318 igitur
1385 1231 1625 1300 Caesar
1670 1236 1831 1320 ipsis
1880 1238 2030 1302 Kal.
2077 1240 2212 1303 Ian.
2260 1262 2413 1305 con-

140 1338 348 1403 sulatus
404 1340 687 1425 insignia
747 1363 1035 1416 sumere,
1102 1342 1216 1405 sed
1279 1352 1616 1406 contentus
1680 1342 1999 1409 dictatura
2060 1347 2411 1425 decennali,

136 1469 268 1529 quae
318 1449 642 1533 superiore
697 1471 864 1513 anno
921 1449 1176 1513 decreta
1228 1461 1390 1526 erat,
1450 1449 1655 1513 noluit
1708 1473 1981 1516 sumere.
2076 1455 2156 1518 Id
2197 1467 2453 1542 aperte-

135 1556 444 1619 ostendunt
491 1558 635 1621 fasti
681 1554 1050 1643 Capitolini,
1093 1557 1156 1619 in
1193 1556 1429 1640 quibus
1471 1568 1737 1641 quartus
1774 1561 2143 1626 consulatus
2184 1564 2411 1628 eodem

133 1686 266 1727 anno
305 1666 654 1729 collocatur
697 1687 844 1728 cum
889 1666 1071 1730 tertia
1112 1665 1460 1742 dictatura,
1515 1689 1677 1750 quae
1722 1690 1870 1731 cum
1912 1691 2041 1733 non
2083 1671 2233 1735 Kal.
2273 1672 2409 1735 Ian.

133 1784 394 1857 suscepta
455 1774 573 1851 sit,
639 1774 1011 1838 consulatus
1067 1785 1207 1858 post
1260 1774 1411 1837 Kal.
1455 1774 1591 1838 lan.
1654 1785 1948 1859 sumptus
2007 1777 2089 1841 sit
2140 1789 2408 1864 oportet,

132 1881 554 1965 confirmatque
595 1882 906 1946 fastorum
952 1881 1479 1967 significationem
1514 1882 1943 1947 certissimum
1968 1884 2201 1949 Dionis
2228 1886 2408 1949 testi-

131 1990 401 2052 monium.
515 1989 775 2053 Etenim
829 1989 974 2053 libr.
1026 1988 1295 2065 XLIII,
1358 1990 1436 2053 45
1495 2000 1739 2066 narrat,
1799 2002 2141 2075 postquam
2200 1993 2408 2078 pridie

128 2095 332 2161 Parilia
345 2096 619 2161 Romam
640 2098 903 2162 nuntius
925 2098 1004 2162 de
1022 2098 1284 2161 victoria
1299 2096 1657 2161 Mundensi
1674 2097 1903 2163 allatus
1923 2110 2040 2175 est,
2062 2098 2409 2165 Caesarem

125 2207 423 2270 consulem
480 2207 547 2269 in
603 2206 828 2270 decem
885 2225 1076 2269 annos
1121 2226 1264 2268 esse
1307 2214 1592 2269 creatum
1641 2208 1769 2285 (καὶ
1812 2208 2036 2269 ὕπατον
2083 2209 2263 2273 αὐτὸν
2309 2210 2407 2272 ἐπὶ

127 2312 250 2374 δέκα
294 2313 418 2397 ἔτη,
469 2316 629 2375 ὥστε
671 2315 770 2375 καὶ
815 2316 1147 2395 δικτάτωρα
1190 2310 1510 2395 πρότερον,
1556 2315 2121 2397 προεχειρίσαντο),
2172 2315 2407 2380 deinde

122 2440 165 2483 0.
199 2420 270 2485 46
312 2421 478 2485 haec
530 2420 742 2485 addit:
801 2422 914 2501 ’τὴν
955 2418 1002 2481 δ’
1045 2416 1151 2480 οὖν
1200 2419 1396 2502 ἀρχὴν
1443 2420 1548 2502 τὴν
1601 2421 1826 2483 ὕπατον
1872 2428 2253 2506 παραχρῆμα
2297 2424 2403 2505 μὲν

119 2529 198 2589 καὶ
231 2530 358 2612 πρὶν
406 2530 474 2597 ἐς
505 2531 610 2611 τὴν
649 2528 824 2590 πόλιν
861 2526 1120 2593 ἐςελῧεῖν
1164 2524 1484 2612 ἀνέλαβεν,
1533 2528 1605 2591 οὐ
1652 2526 1855 2611 μέντοι
1900 2530 2001 2591 καὶ
2050 2530 2150 2591 διὰ
2191 2529 2407 2597 τέλους

121 2632 310 2717 ἔσχεν,
379 2636 524 2698 ἀλλ’
587 2637 650 2697 ἐν
708 2640 786 2719 τῇ
823 2632 1036 2715 Ῥώμη
1096 2632 1424 2714 γενόμενος
1483 2636 1704 2697 ἀπεῖπε
1761 2660 1825 2697 τε
1882 2636 2067 2719 αὐτὴν
2126 2638 2227 2700 καὶ
2284 2646 2405 2701 cet.

115 2738 307 2807 Huius
346 2743 556 2828 igitur
599 2742 745 2806 anni
785 2740 947 2805 ratio
993 2762 1112 2803 non
1148 2738 1467 2804 ‘absimilis
1518 2752 1614 2807 est
1658 2741 1740 2809 ab
1786 2765 1952 2809 anno
1998 2742 2099 2818 47,
2150 2742 2231 2807 de
2273 2765 2403 2827 quo

118 2849 410 2915 diximus:
474 2851 772 2915 decretus
815 2858 950 2913 erat
993 2847 1376 2923 consulatus,
1423 2872 1616 2932 quem
1660 2874 1788 2915 non
1833 2850 2091 2935 recepit,
2140 2848 2255 2914 sed
2299 2871 2403 2914 re-

117 2958 262 3043 cepit
298 2981 380 3023 ex
427 2958 554 3023 alia
596 2958 772 3041 lege:
840 2977 960 3019 nec
1002 2956 1276 3031 mirarer,
1323 2956 1378 3020 si
1421 2956 1547 3021 hoc
1590 2980 1846 3042 quoque
1894 2960 2205 3023 fastorum
2254 2978 2402 3022 cum

115 3067 367 3131 nummis
407 3066 682 3149 aliisque
723 3060 1080 3129 auctoribus
1125 3062 1555 3149 discrepantia
1596 3066 1897 3130 existeret
1934 3086 2143 3150 neque
2188 3064 2401 3149 suspi-

113 3173 338 3238 cionem
394 3174 598 3237 ullam
655 3194 1012 3246 moverem,
1068 3170 1247 3247 siin
1302 3172 1582 3236 nummis
1645 3173 2047 3237 consulatum
2102 3182 2401 3256 quartum

113 3302 238 3346 cum
276 3282 600 3347 dictatura
641 3280 828 3344 tertia
868 3278 1160 3364 coniungi
1200 3280 1587 3364 omninoque
1615 3281 1876 3345 ineunte
1906 3302 2072 3346 anno
2105 3281 2181 3346 45
2225 3304 2400 3346 com-

111 3390 430 3455 memorari
477 3388 784 3453 viderem.
885 3384 1018 3451 Sed
1049 3386 1208 3451 nulli
1253 3386 1410 3453 tales
1455 3388 1867 3472 reperiuntur
1879 3414 1905 3465 ,·
1945 3410 2115 3465 eam,
2155 3389 2399 3473 opinor,

108 3495 176 3560 ob
204 3520 490 3574 causam,
533 3496 708 3582 quod
746 3516 860 3581 per
887 3494 1328 3560 brevissimum
1353 3505 1611 3580 tempus
1639 3495 1745 3559 hic
1770 3496 2140 3560 consulatus
2174 3506 2399 3581 gestus

109 3616 206 3667 est.
297 3606 633 3685 Quattuor
674 3604 842 3669 enim
863 3603 1020 3667 —fere
1051 3603 1154 3667 vel
1209 3602 1494 3686 quinque
1544 3624 1797 3667 menses
1848 3599 2191 3667 Caesarem
2246 3624 2399 3665 con·

108 3714 293 3779 sulem
334 3714 440 3779 IV
487 3713 690 3777 fuisse
738 3710 1030 3785 invenio,
1075 3708 1129 3773 si
1170 3708 1518 3794 plurimum
1558 3731 1909 3773 sumamus.
1996 3708 2163 3773 Nam
2204 3709 2398 3773 facia-

109 3843 234 3885 mus
278 3822 532 3886 Romae
581 3818 793 3883 statim
837 3826 983 3902 post
1026 3818 1310 3881 mntium
1352 3816 1653 3882 victoriae
1714 3817 2119 3882 consulatum
2174 3816 2400 3880 decem

106 3953 408 3995 annorum
443 3928 501 3992 ei
531 3927 882 4000 decretum,
923 3920 1377 4007 Caesaremque
1421 3924 1635 3989 statim
1664 3935 1810 4009 post
1834 3924 2132 3988 nuntium
2158 3922 2399 3987 decreti

107 4038 357 4103 relatum
407 4035 690 4120 insignia
735 4031 1090 4099 consulatus
1143 4032 1530 4117 sumpsisse,
1580 4033 1843 4097 ineunte
1884 4032 2019 4095 fere
2057 4031 2237 4095 Maio
2273 4030 2399 4094 ini-

110 4144 251 4209 tium
291 4146 672 4211 consulatus
718 4140 928 4227 quarti
968 4138 1407 4217 constituetur3
1449 4140 1645 4205 finem
1674 4151 1888 4203 autem
1913 4138 2118 4203 fuisse
2153 4148 2401 4202 constat

106 4248 473 4329 Octobrem,
519 4274 646 4337 quo
686 4272 831 4316 eum
870 4248 1128 4312 Roman
1171 4249 1517 4315 revertisse
1554 4246 1845 4315 Velleius
1870 4246 1959 4322 II,
1999 4246 2080 4311 56
2116 4246 2231 4321 ait3
2283 4243 2401 4311 sed

105 4381 210 4424 nec
251 4362 473 4426 statim
520 4360 602 4426 de
650 4357 988 4426 consulatu
1033 4354 1242 4419 decem
1286 4380 1601 4423 annorum
1638 4356 1968 4420 decretum
2019 4376 2139 4418 nec
2187 4353 2401 4418 statim

1922 4462 1997 4526 15
