2917 5017
800 381 882 430 De
920 380 1089 432 Gallia
1124 383 1474 432 Romanorum
1504 384 1779 448 provincia.
2362 385 2443 450 85

161 541 634 624 quinquennium
695 543 1019 606 decretum
1079 553 1208 618 est,
1267 542 1495 608 eodem
1554 544 1659 608 lex
1713 547 1855 631 ipsa
1898 550 2251 614 consularis
2294 552 2443 628 lata,

162 648 353 712 eodem
405 648 684 734 denique
731 647 852 714 Cn.
897 650 1202 737 Pompeio
1245 652 1743 736 quinquennalis
1787 655 2251 741 Hispaniarum
2294 680 2443 743 pro-

160 757 499 822 consulatus
544 757 818 821 delatus.

298 866 426 929 Iam
475 866 760 950 reliquas
820 866 968 930 anni
1024 866 1106 930 50
1165 890 1222 930 a.
1272 863 1429 930 Chr.
1490 867 1771 932 actiones
1826 869 2219 954 praeteribO,
2280 895 2444 956 quae

153 996 279 1036 cum
321 974 644 1058 utrimque
685 997 936 1038 summa
975 974 1039 1038 vi
1079 974 1148 1037 in
1188 971 1547 1038 Galliarum
1590 976 2063 1043 successionem
2107 980 2444 1046 incubuis-

153 1091 300 1156 sent,
353 1082 572 1146 elusae
633 1091 782 1146 sunt
838 1080 1152 1167 imprimis
1199 1077 1504 1146 Curionis
1558 1083 1703 1148 trib.
1748 1083 1919 1169 pleb.
1965 1086 2444 1165 intercessione,

150 1189 290 1252 hanc
326 1190 712 1275 aequitatem
759 1189 1211 1277 praetexentis,
1256 1189 1432 1273 quod
1482 1189 1790 1276 Pompeio
1836 1207 1900 1256 et
1944 1191 2207 1259 Caesari
2252 1195 2445 1260 simul

151 1297 436 1362 exercitus
482 1298 865 1363 adimendus
913 1319 1449 1381 successoresque
1506 1298 1949 1365 decernendos
1992 1323 2135 1366 esse
2181 1301 2442 1367 diceret.

152 1403 277 1483 Qua
319 1405 398 1470 (16
442 1429 513 1470 1-6
559 1406 655 1471 sic
690 1418 903 1472 narrat
949 1406 1286 1492 Appianus
1329 1406 1478 1471 bell.
1526 1406 1648 1471 civ.
1674 1406 1763 1484 H,
1803 1407 1905 1484 27,
1950 1409 2185 1474 multos
2228 1421 2449 1476 contra

152 1512 390 1590 dixisse,
447 1516 634 1599 quod
687 1516 982 1600 iniquum
1033 1539 1177 1582 esse
1232 1523 1533 1600 putarent
1574 1515 1881 1600 Pompeio
1924 1527 2263 1600 antequam
2306 1518 2445 1583 eius

154 1630 370 1705 tempus
431 1623 716 1700 exisset,
777 1625 1118 1710 imperium
1174 1633 1439 1709 propter
1498 1623 1697 1686 solam
1761 1623 2195 1708 suspicionem
2250 1625 2446 1690 adimi

160 1727 556 1814 (ἐνισταμένων
604 1734 674 1794 δὲ
719 1737 988 1810 πολλῶν,
1030 1738 1114 1801 ὥς
1154 1733 1266 1795 οὐκ
1305 1729 1432 1794 ἴσον
1479 1737 1565 1815 τῷ
1610 1733 1793 1814 μήπω
1832 1733 1933 1793 τὸν
1960 1732 2185 1816 χρόνον
2216 1733 2443 1815 ἐξήκειν

165 1841 234 1919 τῷ
264 1837 622 1924 Πομπηΐῳ),
683 1862 846 1923 quae
893 1841 1130 1905 mentio
1172 1861 1318 1904 cum
1363 1839 1535 1903 facta
1572 1847 1763 1913 esset,
1815 1837 1989 1902 idem
2034 1859 2089 1902 c.
2127 1840 2208 1905 28
2249 1840 2446 1905 Pom-

57 1977 59 1984 ·
159 1943 338 2025 peium
379 1946 586 2010 tradit
628 1949 875 2012 senatui
923 1949 1290 2034 scripsisse,
1351 1967 1419 2010 se
1457 1945 1755 2030 quidem,
1812 1944 1865 2008 si
1904 1944 1996 2008 ita
2040 1966 2077 2009 6
2117 1947 2449 2032 republica

153 2071 270 2114 esse
305 2053 658 2131 videretur,
703 2057 806 2119 vel
844 2066 988 2122 ante
1031 2067 1287 2140 tempus
1325 2053 1585 2141 legibus
1621 2051 2042 2118 constitutum
2073 2066 2299 2141 sponte
2329 2079 2449 2124 sua

149 2157 567 2244 depositurum
603 2151 782 2228 ⁸esse
849 2163 1213 2249 provincias
1293 2165 1362 2244 (ἃ
1416 2163 1485 2225 δὲ
1546 2161 1710 2226 ἄκων
1778 2161 1897 2247 ἔφη
1961 2165 2204 2248 λαβεῖν,
2288 2166 2445 2228 ἑκὼν

148 2265 499 2352 ἀποθήσεται
550 2276 680 2340 τοῖς
724 2273 1058 2357 ἀπολαβεῖν
1098 2273 1418 2349 θέλουσιν,
1483 2271 1594 2334 οὐκ
1642 2271 1963 2352 ἀναμένων
2010 2272 2151 2340 τοὺς
2187 2273 2450 2357 χρόνους

147 2375 266 2443 τοὺς
301 2379 726 2461 ὡρισμένους).
813 2380 1060 2466 Dispar
1111 2379 1314 2466 igitur
1368 2401 1566 2444 causa
1622 2387 1758 2444 erat
1798 2374 2097 2444 Caesaris
2143 2389 2206 2444 et
2252 2379 2447 2444 Pom-

147 2482 279 2564 peii:
322 2485 413 2549 illi
440 2487 615 2552 Idib.
642 2487 701 2552 N
706 2488 989 2554 ovembr.
1033 2487 1184 2552 anni
1222 2487 1303 2553 50
1342 2486 1499 2551 exiit
1535 2486 2050 2572 proconsulatus,
2091 2485 2243 2551 huic
2284 2509 2448 2551 non-

149 2587 280 2654 dum
340 2594 515 2658 exiit.
641 2596 899 2660 Etenim
965 2619 1132 2661 anno
1192 2595 1273 2660 52
1340 2594 1648 2680 Pompeio
1714 2595 1975 2660 tertium
2044 2596 2449 2660 consulatum

152 2701 366 2779 gerenti
420 2703 572 2768 loco
617 2704 983 2790 provinciae
1029 2727 1108 2768 ex
1154 2703 1492 2768 consulatu
1547 2701 1991 2766 decernendae
2032 2714 2451 2788 prorogatum

158 2817 259 2868 erat
291 2807 660 2894 imperium,
706 2823 780 2875 ut
820 2811 952 2876 Dio
992 2810 1151 2887 XL,
1191 2809 1272 2875 44
1313 2820 1376 2874 et
1419 2810 1501 2875 56
1550 2809 1793 2885 scribit,
1839 2809 1907 2872 in
1950 2809 2219 2873 alterum
2258 2810 2448 2894 quin-

162 2916 503 2993 quennium,
541 2927 614 2980 ut
636 2919 1027 2984 Plutarchus
1053 2919 1281 3003 Pomp.
1322 2941 1376 2983 c.
1404 2919 1485 2984 55
1526 2917 1593 2980 111
1630 2916 2123 3001 quadriennium
2157 2915 2448 2981 alterum.

153 3016 312 3086 Hanc
378 3025 857 3090 dissensionem
921 3051 1002 3091 ne
1064 3028 1208 3110 quis
1273 3026 1527 3090 inscitia
1589 3034 1701 3088 aut
1752 3023 2149 3109 negligentia
2185 3024 2449 3090 alterius

150 3130 334 3196 utrius
371 3141 584 3197 ortam
627 3156 769 3198 esse
807 3145 1011 3220 putet,
1048 3133 1241 3220 paulo
1281 3134 1473 3199 altius
1503 3134 1662 3198 haec
1690 3154 1947 3217 quoque
1972 3155 2077 3197 res
2104 3133 2452 3219 repetenda

151 3247 249 3300 est.
333 3240 600 3305 Etenim
657 3265 825 3306 anno
870 3242 950 3307 53
1007 3265 1154 3307 cum
1211 3243 1447 3308 multae
1505 3242 2043 3327 vehementesque
2102 3240 2450 3306 seditiones

149 3345 523 3426 extitissent,
581 3350 836 3414 tandem
881 3348 1004 3415 Cn.
1044 3351 1396 3436 Pompeius
1449 3373 1506 3414 a.
1546 3350 1610 3414 d.
1648 3349 1715 3415 V
1756 3345 1895 3415 Cal.
1938 3349 2129 3413 Mart.
2178 3348 2450 3430 (Ascon.

151 3473 204 3534 p.
241 3454 312 3520 37
359 3455 603 3540 Orell.)
653 3459 830 3522 solus
879 3460 1107 3524 consul
1152 3469 1405 3524 creatus
1449 3469 1569 3536 est,
1632 3459 1745 3543 qui
1788 3458 2065 3544 primum
2109 3457 2323 3542 legem
2368 3454 2451 3521 (16

151 3558 383 3630 iudiciis
443 3565 686 3642 sanxit,
747 3589 876 3650 qua
932 3567 1094 3630 Milo
1152 3591 1206 3632 a.
1249 3567 1312 3630 (1.
1355 3566 1453 3633 VI
1495 3567 1597 3632 Id.
1637 3566 1849 3652 April.
1905 3565 2178 3648 (Ascon.
2233 3587 2293 3648 p.
2340 3565 2451 3646 31)

159 3663 598 3740 condemnatus
653 3684 779 3753 est,
841 3685 976 3739 tum
1035 3685 1296 3740 senatus
1339 3673 1652 3760 Pompeio
1708 3695 1827 3759 pro
1879 3671 2282 3736 restitutione
2326 3670 2451 3734 rei-

165 3782 430 3860 publicae
475 3792 538 3846 et
579 3783 744 3846 duas
785 3782 1076 3867 legiones
1115 3783 1198 3846 ad
1247 3805 1387 3860 eas,
1451 3805 1613 3867 quas
1660 3782 1789 3847 iam
1830 3779 2137 3857 habebat,
2200 3777 2455 3845 addidit

157 3897 206 3948 et
233 3889 576 3977 imperium
601 3891 1065 3976 Hispaniarum
1102 3890 1505 3977 prorogavit,
1545 3891 1822 3975 denique
1859 3890 1967 3954 ille
1998 3911 2077 3952 ex
2102 3885 2241 3952 Cal.
2274 3885 2453 3950 Sext.

155 3993 225 4076 Q.
252 3998 588 4064 Metellum
624 3996 994 4085 Scipionem
1033 4021 1339 4083 generum
1383 4021 1575 4063 suum
1620 3998 1931 4085 collegam
1974 3995 2235 4073 ascivit3
2279 3995 2455 4062 hunc

157 4105 305 4169 enim
346 4129 564 4171 rerum
610 4107 901 4172 ordinem
943 4116 1240 4171 accurate
1283 4106 1543 4193 singula
1582 4128 1905 4192 exponens
1936 4105 2275 4190 Appianus
2305 4099 2454 4166 bell.

158 4209 265 4275 civ.
297 4215 394 4291 Π,
455 4217 536 4280 24
589 4214 928 4300 significat.
1016 4213 1216 4280 Unde
1256 4237 1477 4280 mense
1522 4215 1657 4280 fere
1699 4213 1875 4278 Maio
1921 4211 2023 4276 vel
2062 4211 2249 4276 Iunio
2290 4209 2454 4274 illud

158 4317 228 4385 de
274 4322 598 4416 provincia
646 4322 1048 4408 proroganda
1095 4332 1352 4388 senatus
1397 4324 1762 4388 consultum
1804 4323 2045 4386 factum
2086 4340 2229 4384 esse
2274 4315 2453 4381 colli-

163 4451 388 4514 gemus.
495 4431 600 4496 De
665 4432 872 4518 ipsius
935 4443 1150 4496 autem
1215 4433 1687 4518 prorogationis
1757 4441 2039 4514 tempore
2114 4423 2457 4510 dupliciter
