2917 5017
377 354 458 422 48
1024 357 1108 406 De
1149 353 1320 406 Gallia
1358 353 1707 404 Romanorum
1759 353 2034 416 provincia.

374 522 784 611 praesidibus
811 521 1018 586 Roma
1059 516 1274 583 missis
1315 513 1682 602 regebatur,
1723 513 1835 578 illa
1868 536 1997 578 non
2033 514 2247 578 minus
2284 511 2519 578 iisdem
2554 508 2707 595 qui-

376 631 502 698 bus
546 632 732 697 Italia
765 631 908 716 ipsa
947 627 1229 714 parebat.
1303 623 1442 688 Nec
1481 621 1695 686 hercle
1734 621 2000 706 reperiri
2038 629 2283 708 potest,
2328 631 2443 685 c'ur
2488 616 2707 683 Cisal-

376 740 566 826 pinae
603 738 865 824 quidem
911 735 1072 800 ratio
1119 743 1363 798 mutata
1407 752 1551 796 esse
1602 728 1919 794 videatur.
2008 729 2171 794 Nam
2231 727 2285 793 si
2333 727 2479 814 quis
2530 725 2710 791 dicat

382 846 567 914 Sulla
608 847 918 911 dictatore
964 838 1485 908 constituendum
1528 836 1753 913 fuisse,
1798 837 1849 900 si
1896 837 2053 921 quid
2084 848 2347 922 propter
2376 835 2707 900 civitatem

377 957 735 1022 Romanam
757 952 980 1018 Italiae
1025 951 1239 1015 datam
1279 947 1346 1011 in
1387 944 1723 1031 republica
1762 944 2204 1030 imprimisque
2241 945 2309 1008 in
2352 943 2707 1030 provinciis

379 1063 760 1128 mutandum
807 1069 997 1137 esset,
1047 1067 1216 1124 certe
1260 1055 1384 1120 hoc
1427 1074 1559 1117 non
1604 1075 1679 1117 eo
1722 1052 2041 1138 pertinere
2082 1053 2313 1138 potuit,
2372 1064 2447 1117 ut
2492 1053 2713 1120 Gallia

381 1170 713 1258 Cisalpina
751 1170 834 1236 ab
877 1167 1066 1234 Italia
1109 1165 1560 1249 seiungeretur
1598 1160 2025 1246 propriaeque
2069 1161 2441 1247 provinciae
2484 1163 2589 1226 ius
2630 1185 2711 1228 ac

381 1283 653 1346 formam
715 1278 1054 1363 acciperet.
1150 1270 1485 1355 Numquid
1560 1268 1730 1332 enim
1787 1267 1977 1334 Italia
2032 1269 2293 1334 excludi
2349 1271 2709 1357 oportebat,

381 1386 690 1474 quicquid
741 1386 998 1452 civitate
1043 1380 1346 1448 carebat?
1411 1379 1505 1444 At
1549 1385 1695 1442 ante
1738 1376 1950 1461 legem
1974 1377 2207 1444 Iuliam
2248 1380 2315 1444 in
2359 1380 2502 1464 ipsa
2526 1380 2715 1446 Italia

382 1509 446 1562 et
467 1477 816 1580 municipia
841 1491 1256 1575 coloniaeque
1295 1498 1360 1552 et
1374 1486 1594 1551 Latini
1619 1496 1681 1548 et
1710 1484 2074 1550 foederatae
2109 1485 2401 1551 civitates
2432 1489 2711 1565 fuerant,

384 1603 608 1670 eadem
651 1624 917 1688 prorsus
959 1599 1119 1663 iuris
1165 1595 1558 1670 diversitate,
1599 1615 1793 1679 quam
1825 1604 1974 1678 post
1998 1594 2210 1680 legem
2230 1594 2463 1660 Iuliam
2490 1593 2713 1662 Gallia

389 1709 722 1797 Cisalpina
763 1708 1124 1774 exhibebat.
1209 1704 1429 1788 Atque
1480 1725 1561 1766 ex
1612 1701 1733 1767 hac
1788 1701 1931 1787 ipsa
1972 1712 2217 1787 partem
2260 1714 2416 1768 tunc
2452 1716 2708 1769 constat

386 1841 574 1884 usam
620 1821 762 1882 es'se
808 1816 1084 1892 civitate,
1127 1825 1371 1901 partem
1398 1809 1771 1886 Latinitate,
1813 1821 2060 1896 partem
2090 1820 2321 1876 neutra
2352 1813 2714 1898 praeditam

385 1927 707 1993 communi
752 1925 956 1990 fuisse
997 1922 1315 1988 sociorum
1361 1921 1523 1996 iure,
1566 1929 1642 1982 ut
1686 1919 1753 1982 in
1798 1941 1875 1982 ea
1914 1940 2077 2002 quae
2130 1929 2519 1984 statueretur
2554 1945 2717 2006 pro-

389 2035 600 2100 vincia
645 2033 861 2100 Gallia
904 2030 1254 2116 Cisalpina,
1301 2028 1528 2092 eadem
1567 2027 1965 2091 condicionis
2009 2027 2350 2092 diversitas
2392 2029 2717 2114 reperire-

387 2154 524 2220 tur,
581 2165 746 2229 quae
781 2163 956 2206 nunc
999 2140 1066 2203 in
1111 2137 1299 2203 Italia
1353 2135 1695 2200 invenitur.
1781 2135 2219 2200 Veruntamen
2270 2145 2419 2222 post
2460 2134 2715 2203 Sullam

387 2257 566 2339 (nam
607 2251 690 2316 ab
734 2251 876 2336 ipso
919 2270 1117 2312 unam
1163 2244 1358 2310 modo
1381 2240 1677 2308 Ciliciam
1721 2265 1927 2308 novae
1965 2244 2330 2328 provinciae
2365 2244 2508 2310 iure
2555 2269 2715 2312 con-

387 2360 674 2426 stitutam
701 2380 844 2424 esse
877 2355 1192 2439 diximus)
1235 2375 1362 2416 non
1396 2373 1641 2437 paucae
1684 2351 2034 2416 extiterunt
2075 2375 2280 2417 novae
2318 2353 2713 2438 provinciae.

389 2469 636 2533 Earum
675 2466 882 2553 prima
909 2465 1034 2530 fuit
1061 2461 1376 2550 Cyrenas,
1421 2483 1583 2546 quas
1612 2482 1759 2525 cum
1798 2459 2194 2544 aliquamdiu
2230 2459 2523 2526 libertate
2554 2486 2715 2529 usae

387 2586 637 2652 essent,
691 2597 857 2639 anno
915 2575 998 2640 75
1039 2573 1116 2637 P.
1158 2569 1442 2634 Lentulo
1485 2567 1865 2632 Marcellino
1918 2569 2243 2652 quaestori
2295 2582 2716 2655 propraetore

389 2683 656 2748 traditas
713 2704 856 2747 esse
917 2680 1232 2745 discimus
1292 2700 1373 2742 ex
1413 2675 1805 2741 Sallustiano
1861 2677 2222 2761 fragmento
2276 2677 2453 2764 apud
2496 2679 2715 2744 Kritz.

387 2789 543 2857 Sall.
585 2791 815 2874 fragm.
855 2790 890 2854 I
922 2813 986 2853 11.
1009 2789 1109 2856 47.
1171 2787 1398 2853 Altera
1431 2784 1557 2849 fuit
1592 2783 1916 2868 Bithynia,
1961 2806 2126 2868 quae
2171 2795 2511 2873 postquam
2537 2811 2714 2853 anno

386 2900 469 2966 74
510 2897 886 2964 Nicomedis
925 2903 1304 2962 testamento
1348 2893 1432 2959 ad
1476 2893 1805 2957 Romanos
1846 2891 2169 2977 pervenit,
2222 2893 2289 2957 in
2336 2896 2713 2981 provinciae

386 3008 659 3073 formam
703 3006 966 3071 redacta
1002 3015 1100 3069 est
1143 3002 1224 3069 ab
1263 3003 1344 3066 L.
1379 3001 1572 3066 Iunio
1622 2997 1864 3077 Silan0,
1919 3000 2032 3084 qui
2070 3001 2244 3066 idem
2278 3000 2479 3068 Asiae
2521 3027 2711 3091 prae-

337 3189 346 3196 ,
386 3126 554 3192 erat,
617 3115 1082 3198 coniunctaque
1140 3112 1372 3176 mansit
1428 3133 1577 3175 cum
1621 3131 1697 3174 ea
1737 3109 2071 3196 provincia
2113 3108 2234 3173 sub
2279 3109 2359 3174 L.
2406 3108 2713 3189 Octavio,

387 3233 526 3286 tum
573 3222 654 3285 L.
707 3220 989 3286 Lucullo
1055 3231 1118 3284 et
1171 3219 1267 3283 M.
1315 3218 1585 3283 Aurelio
1631 3216 1855 3296 Cotta,
1926 3217 2037 3302 qui
2096 3216 2337 3282 bellum
2394 3219 2718 3287 adversus

385 3329 830 3394 Mithridatem
875 3328 1299 3394 communiter
1335 3337 1698 3412 gesserunt,
1745 3325 1869 3390 sub
1913 3325 2028 3389 M.’
2074 3325 2291 3390 Acilio
2332 3325 2714 3407 Glabrione,

389 3437 510 3502 sub
573 3434 694 3502 Cn.
741 3439 1084 3524 Pompei0,
1157 3461 1196 3502 a
1251 3458 1380 3520 qua
1433 3445 1773 3520 postquam
1823 3434 2159 3520 provincia
2206 3434 2351 3520 lege
2402 3437 2721 3523 Pompeia

389 3547 587 3630 (Plin.
633 3547 816 3632 epist.
857 3547 952 3624 X,
995 3547 1076 3612 83
1113 3556 1176 3610 et
1220 3545 1336 3610 113
1382 3555 1446 3608 et
1496 3545 1609 3608 115
1656 3556 1719 3608 et
1740 3541 2099 3608 Comment.
2142 3542 2476 3630 epigraph.
2502 3545 2648 3610 Vol.
2676 3545 2713 3610 I

385 3678 450 3741 p.
503 3658 613 3719 111
659 3665 722 3720 et
769 3657 887 3721 123
930 3665 992 3719 et
1036 3654 1324 3739 saepius)
1369 3653 1715 3717 constituta
1746 3663 1863 3728 est,
1904 3651 2183 3737 primum
2210 3652 2542 3739 proprium
2588 3654 2715 3720 sibi

385 3773 699 3828 rectorem
737 3761 963 3827 habuit
1001 3784 1120 3847 per
1165 3760 1497 3826 biennium
1538 3759 1619 3824 ab
1662 3783 1829 3825 anno
1874 3760 1943 3826 61
1996 3783 2051 3825 a.
2079 3757 2234 3824 Chr.
2279 3757 2356 3824 C.
2376 3761 2715 3848 Papirium

387 3860 764 3936 Carbonem*
795 3869 1095 3956 (Eckhel.
1139 3867 1367 3933 Doctr.
1411 3892 1655 3933 numm.
1676 3869 1745 3933 ΙΙ
1781 3892 1843 3955 p.
1868 3869 2043 3955 369).
2105 3868 2323 3934 Tertia
2366 3869 2491 3934 fuit
2522 3871 2719 3955 Syria

387 4002 426 4044 a
469 3979 782 4064 Pompeio
835 3988 1038 4063 capta,
1077 3987 1306 4062 quarta
1351 3977 1629 4061 denique
1676 3973 1891 4054 Creta,
1937 3978 2019 4042 de
2059 4001 2187 4062 qua
2229 3977 2714 4063 disputavimus

385 4088 454 4152 in
493 4084 855 4151 Comment.
909 4085 1243 4171 epigraph.
1292 4085 1440 4150 Vol.
1486 4085 1558 4150 Π
1616 4108 1680 4171 p.
1724 4085 1867 4151 240.
1950 4083 2083 4150 Sed
2142 4085 2427 4150 omnium
2482 4087 2715 4154 harum

384 4193 867 4281 provinciarum
903 4194 1064 4260 ratio
1104 4195 1363 4260 diversa
1411 4204 1563 4259 erat.
1632 4193 1823 4259 Duae
1869 4194 2037 4259 enim
2082 4217 2164 4259 ex
2204 4193 2284 4258 iis
2328 4203 2713 4263 testamento

383 4304 692 4369 Romanis
733 4302 993 4368 relictae
1034 4314 1234 4379 erant,
1275 4302 1443 4368 duae
1483 4303 1676 4368 armis
1721 4313 2143 4389 expugnatae,
2200 4313 2275 4366 ut
2318 4325 2515 4369 causa
2556 4326 2713 4371 con-

389 4413 695 4478 stituendi
756 4422 1079 4498 appareat.
1173 4411 1354 4477 Talis
1408 4421 1625 4477 autem
1682 4433 1831 4502 cum
1898 4412 2075 4476 nulla
2126 4413 2321 4477 fuerit
2368 4412 2436 4504 in
2494 4411 2715 4478 Gallia
