2917 5017
430 338 515 405 70
1099 340 1179 388 De
1214 337 1386 388 Gallia
1424 339 1773 387 Romanorum
1825 337 2102 401 provincia.

433 506 725 572 iunctum
770 506 1011 580 fuerat,
1058 503 1139 567 ad
1182 500 1456 567 Galliam
1506 496 1902 585 Cisalpinam
1945 502 2358 576 adficeretur,
2419 508 2492 562 ut
2539 519 2615 561 ea
2664 496 2758 560 sic

436 623 623 678 aucta
661 612 988 698 provincia
1012 608 1275 675 Caesari
1316 610 1382 672 in
1428 608 1938 692 quinquennium
1979 609 2358 684 traderetur,
2403 619 2477 669 ut
2521 606 2576 669 is
2603 614 2763 688 quot

438 721 631 785 vellet
668 721 917 805 legatos
966 717 1089 783 sibi
1132 719 1271 803 ipse
1316 717 1649 803 deligeret,
1705 716 1980 800 denique
2024 716 2172 781 Vol.
2216 716 2286 779 H
2329 738 2391 799 p.
2443 712 2588 788 240,
2645 710 2764 775 ubi

435 829 658 895 eadem
698 829 845 913 lege
872 824 1130 891 Cretam
1168 824 1447 889 insulam
1493 846 1531 887 a
1553 823 1940 888 Macedonia
1977 825 2330 889 seiunctam
2375 843 2518 887 esse
2547 819 2766 885 videri

436 937 874 1024 exposuimus.
961 934 1145 998 Haec
1185 956 1349 1017 quae
1395 932 1548 996 olim
1591 956 1628 996 a
1671 931 1860 996 nobis
1908 932 2254 996 constituta
2301 940 2470 1006 sunt,
2516 950 2770 1011 nequa-

436 1068 629 1129 quam
669 1043 883 1108 hercle
941 1063 1111 1105 nunc
1159 1040 1552 1105 mutabimus
1600 1039 1966 1125 (verissima
2007 1039 2179 1105 enim
2223 1061 2366 1103 esse
2423 1036 2642 1101 omnia
2685 1059 2770 1100 ex

439 1153 659 1217 multis
696 1151 893 1236 rebus
937 1149 1435 1229 intelleximus),
1495 1148 1610 1212 sed
1653 1148 1816 1211 illud
1873 1147 2287 1225 adiiciemuS,
2348 1146 2577 1211 eadem
2621 1145 2770 1228 lege

438 1261 697 1327 Vatinia
739 1257 1017 1325 Galliam
1066 1253 1495 1341 Cisalpinam,
1559 1277 1724 1339 quae
1765 1266 1951 1320 antea
2001 1279 2148 1320 cum
2186 1256 2374 1321 Italia
2425 1253 2774 1319 coniuncta

441 1368 683 1442 fuerat,
737 1366 805 1429 in
850 1366 953 1429 ius
995 1366 1395 1449 formamque
1447 1363 1787 1450 peculiaris
1831 1363 2198 1449 provinciae
2240 1387 2384 1429 esse
2431 1370 2771 1425 mutatam.

439 1474 754 1539 Nimirum
798 1473 1325 1560 proficiscebatur
1366 1471 1688 1547 Vatinius,
1735 1492 1882 1534 cum
1925 1471 2137 1556 legem
2179 1471 2657 1549 commendaret
2699 1491 2780 1531 ac

438 1581 866 1647 necessariam
914 1603 1057 1645 esse
1100 1581 1375 1657 diceret,
1429 1580 1512 1645 ab
1554 1580 1778 1644 eadem
1828 1600 1931 1655 re,
1991 1602 2154 1664 quae
2201 1602 2329 1643 non
2379 1578 2582 1643 multo
2627 1588 2782 1642 ante

446 1701 737 1755 senatum
783 1698 1097 1764 moverat,
1140 1698 1213 1751 ut
1252 1688 1472 1753 ambos
1509 1688 1810 1753 consules
1863 1688 1932 1751 in
1970 1688 2154 1753 Italia
2196 1686 2570 1753 retinendos
2627 1708 2784 1751 esse

442 1808 732 1884 putaret,
796 1820 833 1863 a
874 1807 1048 1861 metu
1094 1795 1245 1861 belli
1292 1796 1560 1874 Gallici,
1621 1797 1796 1881 quod
1849 1806 2192 1883 postquam
2240 1796 2356 1860 diu
2409 1806 2784 1861 extractum

446 1918 613 1983 erat,
688 1916 870 1981 tunc,
932 1906 1083 1989 quia
1146 1904 1399 1969 barbari
1465 1906 1549 1969 ad
1612 1904 1774 1969 fines
1823 1904 2077 1990 imperii
2131 1902 2552 1979 accedebant,
2641 1928 2790 1968 non

442 2013 719 2099 amplius
779 2012 1123 2077 videbatur
1176 2035 1367 2097 posse
1432 2013 1677 2078 evitari.
1759 2012 1837 2076 In
1887 2034 2014 2097 quo
2072 2012 2352 2097 primum
2407 2034 2561 2097 opus
2624 2024 2788 2077 erat

442 2121 821 2206 imperatore
864 2142 995 2183 uno
1035 2130 1097 2183 et
1142 2132 1347 2195 certo,
1406 2142 1487 2183 ne
1547 2120 1721 2204 quod
1768 2142 1956 2204 saepe
2001 2120 2246 2183 factum
2291 2130 2459 2195 erat,
2511 2119 2785 2185 vicissi-

444 2228 671 2292 tudine
706 2238 814 2291 aut
854 2226 1173 2291 divisione
1215 2227 1467 2313 imperii
1519 2228 1735 2291 clades
1779 2228 2199 2314 acciperetur.
2288 2228 2427 2292 Iam
2473 2227 2567 2291 sic
2614 2250 2780 2311 quo-

445 2336 657 2401 tannis
702 2334 1121 2399 consuevisse
1159 2334 1298 2399 fieri
1342 2334 1704 2411 docuimus,
1750 2346 1822 2398 ut
1860 2335 2020 2399 alter
2065 2346 2234 2399 certe
2279 2335 2624 2399 consulum
2651 2336 2766 2399 Ita-

449 2443 601 2509 liam
626 2443 1031 2527 Galliamque
1066 2443 1401 2507 sortiretur
1415 2468 1432 2520 3
1476 2464 1674 2528 quare
1701 2465 1850 2506 cum
1879 2466 2094 2506 annua
2126 2466 2200 2507 ea
2225 2454 2394 2507 esset
2419 2444 2779 2528 provincia,

445 2572 505 2617 et
560 2549 802 2616 Caesar
842 2550 1167 2615 metuebat
1208 2573 1289 2614 ne
1332 2562 1556 2615 exacto
1601 2551 1982 2635 magistratu
2027 2551 2290 2617 inermis
2331 2551 2614 2616 inimicis
2665 2551 2785 2615 ob-

448 2660 766 2735 iiceretur,
816 2669 879 2721 et
903 2657 1203 2723 Vatinius
1249 2657 1606 2742 periculum
1651 2680 1794 2723 esse
1840 2658 2117 2736 dicebat,
2157 2681 2237 2723 ne
2279 2660 2382 2724 vel
2417 2670 2792 2723 mutaretur

446 2769 793 2854 imperator
830 2766 953 2843 vel,
1004 2765 1057 2829 si
1099 2777 1445 2851 prorogato
1486 2766 1753 2852 imperio
1783 2767 2270 2851 relinqueretur,
2317 2766 2590 2833 divisam
2623 2790 2790 2833 cum

448 2878 733 2953 consule,
774 2877 880 2941 eui
920 2875 1103 2941 Italia
1147 2872 1506 2961 obtigisset,
1557 2884 1936 2961 potestatem
1975 2887 2240 2939 teneret.
2329 2876 2558 2961 Neque
2603 2877 2786 2941 enim

447 2986 771 3075 probabile
815 2996 949 3050 erat
968 3032 985 3061 ‚
1030 2984 1443 3068 repetituram
1487 3006 1630 3049 esse
1673 2984 1998 3049 civitatem
2035 2983 2233 3061 illud,
2293 2984 2470 3068 quod
2511 2984 2666 3049 olim
2706 2986 2780 3049 in

451 3093 527 3161 C.
576 3095 787 3159 Mario
833 3093 1199 3177 usurpavit,
1264 3093 1368 3156 cui
1427 3115 1577 3158 cum
1627 3094 1968 3178 imperium
2021 3093 2388 3157 conservari
2443 3108 2780 3178 cuperent,

444 3227 561 3291 per
606 3202 985 3268 sexennium
1042 3200 1447 3265 consulatum
1507 3201 2080 3278 continuaverunt,
2149 3202 2324 3286 quod
2384 3201 2438 3265 si
2497 3222 2579 3265 ne
2637 3211 2780 3265 tum

449 3312 709 3397 quidem
763 3311 832 3374 in
891 3310 1170 3375 maxima
1212 3308 1614 3393 optimatium
1667 3308 2082 3394 depressione
2141 3331 2216 3374 ac
2269 3309 2600 3375 debilitate
2653 3313 2782 3377 nisi

452 3442 601 3483 cum
658 3440 891 3501 magno
948 3415 1192 3481 ambitu
1248 3417 1548 3503 turpique
1611 3418 1948 3503 largitione
2003 3419 2239 3481 factum
2299 3428 2467 3495 erat,
2535 3433 2784 3503 quanto

452 3525 666 3592 minus
702 3527 806 3591 vel
828 3522 1092 3591 Caesari
1132 3525 1235 3589 vel
1280 3524 1386 3589 alii
1430 3525 1646 3602 alicui,
1688 3526 1981 3611 quamvis
2023 3526 2268 3592 bonum
2314 3549 2455 3591 sese
2496 3528 2774 3613 impera-

452 3646 655 3701 torem
690 3634 1145 3721 praestitisset,
1204 3642 1297 3697 tot
1334 3633 1658 3699 nobilibus
1701 3636 2042 3719 quotannis
2089 3634 2496 3700 consulatum
2535 3636 2782 3722 cupide

454 3741 939 3829 expectantibus
983 3742 1238 3807 evenire
1286 3741 1536 3826 potuit?
1625 3740 1776 3823 Quo
1821 3752 2154 3828 praetextu
2200 3744 2432 3809 callide
2475 3744 2584 3809 ille
2629 3746 2783 3831 qui-

454 3852 622 3928 dem,
668 3850 783 3915 sed
824 3872 971 3915 cum
1020 3873 1251 3935 magna
1304 3861 1516 3913 tamen
1559 3851 1912 3915 honestatis
1957 3851 2384 3937 utilitatisque
2431 3854 2652 3939 specie
2691 3856 2782 3921 ita

452 3958 749 4025 Vatinius
794 3959 1113 4034 utebatur,
1158 3970 1231 4022 ut
1260 3954 1524 4023 Caesari
1572 3959 1944 4024 diuturnam
1990 3961 2332 4043 potentiam
2377 3975 2786 4049 compararet

450 4067 823 4153 primusque
862 4067 1035 4131 hunc
1078 4089 1320 4131 morem
1375 4066 1763 4144 introduxit,
1833 4079 1907 4131 ut
1961 4068 2020 4132 ei
2077 4069 2418 4155 imperium
2469 4071 2534 4134 in
2582 4072 2784 4157 quin-

451 4174 803 4261 quennium
845 4174 1222 4239 deferretur.
1286 4175 1443 4241 Huc
1485 4176 1651 4239 enim
1687 4176 2029 4262 pertinent,
2069 4199 2232 4260 quae
2262 4175 2492 4243 Cicero
2533 4180 2602 4243 in
2627 4182 2782 4247 Vat.

453 4305 507 4349 e.
555 4282 631 4348 15
676 4283 758 4348 de
799 4282 941 4369 ipsa
984 4282 1104 4348 hac
1148 4284 1295 4369 lege
1333 4284 1593 4349 Vatinia
1630 4284 1856 4349 habet:
1941 4290 2280 4366 Erzpueras
2331 4291 2580 4349 senatui
2620 4310 2782 4369 pro-

452 4394 695 4455 vinciae
750 4394 1161 4455 decernendae
1202 4402 1562 4473 potestatem
1575 4440 1596 4469 ,
1648 4396 2038 4475 imperatoris
2075 4388 2396 4477 *deligendi
2451 4398 2780 4477 iudicium,
