2917 5017
763 365 844 414 De
886 363 1058 414 Gallia
1087 365 1435 413 Romanorum
1474 364 1752 428 provincia.
2298 359 2417 424 123

149 531 530 598 Saturninum
588 551 734 594 cum
792 529 1046 614 legatus
1087 525 1396 612 Augusti*
1431 525 1497 589 in
1548 523 1825 591 Galliam
1870 527 2193 613 Belgicam
2240 529 2419 612 (nam

149 641 271 705 huic
319 663 457 706 eum
505 639 864 724 praefuisse
909 659 1072 721 quae
1112 634 1399 700 Velleius
1444 647 1657 698 narrat
1677 681 1695 710 ,
1759 635 2135 720 ostendunt)
2178 635 2419 700 missus

149 761 305 824 esset,
349 747 658 814 mansisse
701 767 848 810 cum
887 744 1110 810 eadem
1157 753 1468 828 potestate
1513 753 1723 808 statuo
1768 765 1975 827 usque
2006 743 2089 808 ad
2114 766 2353 807 annum
2380 743 2419 807 6

147 882 196 943 p.
229 853 366 920 Chr.
384 903 400 932 ,
457 877 584 939 quo
632 854 710 918 P.
752 852 1146 935 Quinctilius
1193 851 1406 916 Varus
1469 851 1527 914 ei
1580 852 1913 916 successit.
2013 850 2421 934 Quamquam

147 967 300 1029 etiam
336 964 441 1047 qui
467 962 900 1048 Lugdunensi
934 960 1306 1046 provinciae
1337 960 1638 1045 praefuit,
1694 961 2061 1025 coniectura
2094 981 2222 1022 non
2250 968 2423 1022 certa

144 1073 232 1136 illa
271 1072 524 1156 quidem
541 1117 558 1145 ,
626 1070 739 1134 sed
794 1092 960 1154 quae
1011 1080 1220 1132 tamen
1281 1089 1320 1130 a
1371 1066 1817 1151 probabilitate
1870 1090 1999 1133 non
2062 1065 2420 1140 abhorreat,

147 1180 366 1244 videtur
405 1201 598 1264 posse
637 1165 928 1242 inveniri.
1015 1176 1270 1240 Etenim
1314 1175 1542 1240 Vellei.
1578 1176 1665 1248 ΙΙ,
1719 1176 1854 1250 116,
1898 1198 2029 1260 quo
2074 1176 2217 1239 loco
2260 1173 2421 1238 adu-

146 1288 285 1351 landi
337 1309 532 1351 causa
593 1287 818 1352 aetatis
877 1307 1031 1350 suae
1085 1284 1386 1370 egregios
1445 1285 1619 1350 viros
1678 1283 1932 1359 laudat,
2016 1281 2096 1348 C.
2156 1280 2423 1347 Vibium

151 1395 512 1470 Postumum,
557 1395 638 1459 de
679 1417 807 1479 quo
852 1393 1157 1469 diximus,
1193 1393 1399 1470 affert,
1436 1393 1517 1457 L.
1557 1392 1940 1458 Passienum
1976 1391 2241 1466 Rufum,
2288 1411 2420 1455 cos.

149 1505 262 1567 anni
297 1504 331 1568 4
361 1527 416 1566 a.
445 1500 626 1579 Chr..
669 1500 1077 1587 Cossumque
1104 1501 1456 1566 Lentulum
1506 1503 1617 1585 (de
1658 1524 1787 1587 quo
1832 1502 1913 1566 cf.
1960 1498 2319 1564 Comment.
2356 1499 2424 1564 11

148 1637 194 1698 p.
225 1614 352 1696 9¹),
409 1611 523 1696 qui
569 1612 830 1678 Africae
884 1611 1303 1696 proconsules
1350 1611 1631 1686 fuerant,
1676 1609 1757 1674 L.
1802 1609 2183 1696 Apronium,
2230 1629 2424 1692 quem

156 1723 218 1784 ait
248 1721 600 1785 Delmatico
641 1720 810 1785 bello
852 1719 1254 1796 excelluisse,
1297 1721 1378 1783 A.
1406 1718 1731 1783 Licinium
1764 1720 2043 1784 Nervam
2084 1715 2424 1792 Silianum,

158 1853 298 1912 quem
339 1853 486 1894 cum
533 1830 774 1914 patriae
819 1829 1117 1914 dignitati
1159 1840 1471 1912 aequatus
1516 1840 1706 1903 esset,
1750 1826 1973 1891 maiori
2020 1827 2156 1911 spei
2198 1826 2423 1889 imma-

74 1931 80 1966 ἱ
154 1947 261 2001 tura
298 1948 496 2002 morte
544 1951 950 2023 praereptum
997 1959 1140 2002 esse
1184 1937 1494 2021 queritur,
1542 1936 1819 2019 denique
1864 1934 1945 1999 L.
1992 1935 2249 1998 Aelium
2293 1933 2423 1997 La-

74 2039 80 2076 ³
150 2045 320 2122 miam,
359 2046 440 2110 de
479 2069 615 2132 quo
659 2047 817 2110 haec
853 2045 1081 2109 habet:
1147 2048 1306 2108 Nam
1350 2056 1412 2106 et
1455 2049 1667 2110 Aelius
1706 2048 1937 2106 Lamia
1981 2048 2079 2105 vir
2121 2046 2422 2122 antiquis-

74 2147 82 2164 '
143 2157 258 2214 simi
302 2160 482 2217 moris
535 2166 596 2218 et
628 2159 902 2236 priscam
936 2151 1316 2235 gravitatem
1359 2175 1589 2233 semper
1632 2155 2023 2213 humanitate
2065 2161 2425 2232 temperans,

74 2269 79 2292 ⁷
145 2267 196 2323 in
221 2268 548 2326 Germania
583 2267 944 2344 Illyrieoque
984 2271 1044 2323 et
1080 2283 1223 2323 mox
1259 2265 1326 2322 in
1355 2263 1587 2340 Africa
1624 2262 2127 2341 splendidissime&
2158 2259 2427 2332 functus

74 2395 76 2400 ·
145 2375 457 2433 ministeriis
514 2393 646 2433 non
687 2375 904 2434 merito
923 2416 938 2444 ‚
997 2371 1102 2432 sed
1143 2372 1408 2432 materia
1450 2371 1836 2450 adipiscendi
1877 2370 2285 2447 triumphalia
2326 2369 2421 2430 de-

72 2475 82 2509 ’·
139 2482 310 2550 fectus
355 2490 460 2544 est.
552 2479 660 2543 Ex
705 2477 806 2543 his
850 2478 930 2542 L.
971 2476 1330 2561 Apronium
1377 2487 1440 2541 et
1481 2479 1560 2542 A.
1610 2475 1935 2542 Licinium
1990 2476 2175 2540 facile
2230 2475 2425 2540 credo

75 2583 82 2618 ³
148 2585 310 2651 fuisse
339 2587 586 2652 Tiberii
626 2588 898 2673 legatos,
941 2585 1313 2670 praesertim
1359 2607 1507 2650 cum
1548 2586 1653 2650 hic
1694 2584 1785 2650 ita
1824 2606 2022 2670 prope
2056 2585 2424 2648 nominetur

73 2691 84 2727 ³
153 2694 380 2758 aDion.
416 2695 602 2771 LVI,
655 2694 761 2770 12,
819 2715 896 2757 ac
949 2715 1098 2757 cum
1153 2704 1372 2758 essent
1425 2695 1493 2757 in
1545 2693 1666 2758 hac
1720 2693 2041 2780 legatione
2088 2693 2428 2758 consulatu

73 2828 80 2834 ·
165 2803 318 2866 ornati
369 2814 559 2879 sunt,
621 2802 728 2866 ille
785 2798 926 2866 Cal.
978 2801 1103 2865 Iul.
1160 2802 1310 2866 anni
1355 2804 1392 2867 8
1441 2825 1506 2887 p.
1548 2799 1704 2867 Chr.
1760 2802 1855 2866 M.
1901 2801 2102 2866 Furio
2154 2799 2427 2866 Camillo

73 2907 75 2912 ’
169 2910 456 2988 suffectus,
520 2910 630 2974 hic
669 2905 808 2974 Cal.
855 2910 992 2974 Ian.
1035 2910 1186 2974 anni
1223 2911 1260 2976 7
1303 2933 1367 2994 p.
1412 2907 1569 2974 Chr.
1660 2909 1797 2974 Sed
1847 2909 1949 2973 his
2003 2910 2197 2994 longe
2242 2919 2427 2974 vetu-

158 3016 274 3080 stior
321 3017 677 3086 consularis
735 3028 870 3082 erat
919 3018 1000 3084 L.
1041 3018 1304 3094 Aelius3
1369 3020 1580 3082 fuerat
1632 3018 1800 3082 enim
1855 3039 2019 3082 anno
2058 3018 2094 3081 3
2140 3040 2203 3102 p.
2247 3014 2427 3094 Chr„

72 3123 76 3156 ³
152 3136 405 3205 quattuor
461 3127 650 3192 annis
711 3127 896 3192 etiam
957 3134 1102 3190 ante
1158 3125 1252 3188 M.
1302 3126 1655 3191 Aemilium
1713 3127 2075 3211 Lepidum,
2141 3125 2428 3211 legatum

72 3241 74 3248 '
153 3231 353 3298 Tiberii
393 3235 598 3320 (Vell.
634 3235 726 3311 H,
773 3234 890 3298 114
929 3235 1094 3318 sq.),
1157 3234 1344 3299 cuius
1387 3247 1601 3300 tamen
1647 3257 1845 3300 eausa
1884 3246 2019 3300 erat
2059 3233 2427 3319 singularis,

73 3371 75 3376 ·
157 3341 275 3424 quia
321 3365 430 3429 per
483 3341 894 3410 Scriboniam
945 3341 1320 3408 affinitatem
1378 3343 1703 3427 quandam
1761 3365 1909 3408 cum
1955 3344 2261 3428 Augusto
2315 3342 2428 3405 ha-

154 3447 320 3515 bebat.
410 3450 672 3534 Quodsi
719 3449 802 3515 L.
839 3450 1070 3516 Aelius
1123 3451 1378 3537 legatus
1419 3451 1743 3538 Augusti,
1805 3474 1935 3516 non
1980 3449 2225 3515 Tiberii
2273 3459 2427 3526 erat,

160 3558 406 3638 quoniam
446 3559 720 3645 Belgica
773 3581 810 3621 a
856 3558 1080 3622 Sentio
1125 3555 1472 3624 Saturnino
1491 3607 1508 3636 ,
1568 3559 1899 3644 Illyricum
1942 3581 1981 3622 a
2024 3559 2119 3624 M.
2165 3557 2427 3623 Valerio

164 3674 202 3726 et
233 3662 297 3731 C.
336 3666 530 3733 Vibio
575 3667 886 3732 Postumo
931 3679 1318 3752 occupatur,
1375 3689 1640 3732 necesse
1684 3677 1782 3732 est
1823 3667 2101 3732 tenuerit
2144 3665 2425 3750 Lugdu-

170 3793 372 3842 nensem
413 3773 726 3851 Galliam,
781 3775 886 3840 cui
929 3775 1088 3839 dum
1135 3786 1416 3859 praeest,
1472 3775 1765 3841 accidere
1824 3774 2013 3840 facile
2062 3775 2297 3860 potuit,
2356 3782 2431 3838 ut

163 3889 204 3942 et
243 3884 460 3968 optime
515 3896 870 3950 mereretur
927 3905 1350 3970 magnamque
1406 3884 1501 3948 rei
1554 3884 1846 3949 militaris
1912 3881 2243 3948 scientiam
2298 3903 2427 3946 non

159 3989 308 4054 modo
355 3992 421 4056 in
467 3991 818 4058 Germania
875 4015 1102 4058 verum
1155 3990 1348 4058 etiam
1400 3991 1670 4057 conflato
1730 3992 1899 4060 bello
1945 3990 2317 4056 Pannonico
2360 3989 2429 4054 in

159 4093 372 4179 Illyrico
424 4100 822 4177 ostenderet,
881 4110 946 4164 et
997 4099 1332 4166 occasione
1371 4100 1679 4187 triumphi
1721 4098 2121 4185 adipiscendi
2166 4109 2427 4163 careret.

163 4199 520 4292 Quamquam
564 4209 930 4275 coniectura
971 4231 1124 4274 sane
1167 4207 1326 4274 haee
1370 4220 1499 4284 est,
1554 4232 1720 4294 quae
1760 4219 1978 4273 utrum
2019 4227 2175 4271 vera
2220 4205 2303 4271 sit
2345 4225 2427 4270 an

72 4381 74 4390 ‚
163 4309 307 4390 falsa,
346 4316 422 4380 ad
469 4339 782 4386 summam
825 4316 1326 4403 disputationem
1371 4339 1501 4382 non
1544 4317 1819 4382 multum
1864 4315 2149 4380 interest.

301 4422 696 4496 Successisse
743 4435 958 4492 autem
999 4422 1078 4490 C.
1119 4423 1342 4491 Sentio
1385 4425 1453 4490 in
1496 4424 1711 4492 Gallia
1748 4424 2017 4514 Belgica
2054 4434 2303 4491 constat
2351 4422 2427 4490 P.
