2917 5017
780 344 864 394 Do
902 344 1102 408 legibus
1141 343 1532 408 municipalibus
1570 342 1881 408 Hispanias.
2361 340 2485 408 295

161 508 334 572 Mihi
392 508 658 593 quidem
719 531 868 572 cum
929 507 1088 572 haee
1145 506 1483 574 considero
1536 505 2135 593 discordiarumque
2181 508 2487 584 civilium,

163 639 334 699 quae
389 640 470 681 ex
514 617 734 702 legum
779 618 912 680 fere
954 616 1168 698 aliqua
1207 614 1392 698 quasi
1433 613 1685 689 lacuna,
1741 615 1808 678 in
1852 637 1975 698 qua
2018 617 2491 702 interpretanda

163 726 428 809 utrique
485 748 706 790 verum
753 725 972 789 videre
1033 722 1158 788 sibi
1211 723 1573 797 videantur,
1616 722 1922 798 existunt,
1980 725 2345 790 occasiones
2387 748 2489 788 re-

168 834 426 909 cordor,
477 833 571 897 sic
616 833 1024 918 potissimum
1068 830 1274 895 videri
1329 823 1510 905 solet,
1560 830 1628 893 in
1674 831 1819 915 lege
1864 830 2067 895 fuisse
2110 832 2191 896 de
2240 833 2491 898 Latinis

161 943 224 1006 in
286 966 420 1006 una
466 941 658 1018 tribu,
698 963 864 1025 quae
916 951 1086 1005 sorte
1130 939 1326 1004 ducta
1367 949 1558 1014 esset,
1600 938 1685 1002 ad
1726 939 2107 1025 suffragium
2151 940 2492 1006 admitten-

163 1050 306 1114 dis:
357 1049 513 1112 hinc
557 1071 677 1113 nec
719 1049 772 1112 si
823 1047 936 1132 qui
990 1048 1276 1131 undique
1323 1046 1541 1112 Latini
1586 1046 1987 1112 comitiorum
2031 1059 2317 1134 tempore
2358 1050 2492 1116 Ro-

161 1182 336 1222 mam
385 1156 914 1242 commigrabant,
959 1157 1172 1241 legem
1213 1154 1559 1231 violabant,
1602 1165 1665 1218 et
1698 1155 2018 1231 consules,
2052 1156 2163 1240 qui
2192 1167 2491 1222 externos

157 1266 460 1330 homines
520 1263 678 1329 urbe
737 1265 1148 1349 expellerent,
1209 1276 1587 1327 conservata
1630 1262 1775 1348 lege
1820 1263 2117 1349 publicae
2162 1265 2491 1329 securitati

158 1374 663 1459 prospiciebant.
754 1371 1160 1456 Quamquam
1210 1372 1332 1436 hoc
1389 1372 1652 1455 quidem
1694 1372 2013 1436 incertum
2056 1382 2153 1435 est
2193 1383 2385 1456 atque
2425 1373 2493 1436 in

159 1506 281 1548 sua
321 1482 642 1564 cuiusque
675 1480 974 1566 opinione
1015 1479 1428 1562 relinquitur3
1481 1479 1645 1543 illud
1674 1491 1889 1544 autem
1918 1479 2045 1544 iam
2080 1480 2494 1545 statuendum

158 1590 312 1663 erit,
375 1589 627 1654 Latinis
691 1588 916 1652 incolis
987 1610 1156 1663 eam,
1215 1609 1408 1670 quam
1463 1587 1767 1664 diximus,
1834 1587 2127 1674 suffragii
2184 1588 2493 1654 Romanis

159 1697 444 1760 comitiis
509 1696 759 1760 ferendi
811 1706 1194 1780 potestatem
1238 1695 1463 1760 fuisse.
1544 1695 1637 1758 At
1682 1695 1851 1760 enim
1902 1717 2093 1780 saepe
2147 1695 2365 1758 Latini
2414 1719 2495 1762 ex

157 1805 326 1868 urbe
371 1805 438 1867 in
485 1827 602 1867 sua
645 1804 886 1889 oppida
926 1805 1168 1891 repulsi
1201 1815 1372 1878 sunt,
1402 1815 1827 1880 nontantum,
1855 1826 2003 1868 cum
2030 1803 2305 1880 comitia,
2332 1827 2495 1889 quae

159 1913 412 1978 turbari
489 1912 762 1987 nollent,
825 1913 1158 1976 instarent.
1256 1911 1577 1975 Nimirum
1644 1911 1809 1975 duas
1885 1933 1990 1974 res
2064 1910 2499 1997 sequebantur

159 2019 443 2086 Romani
476 2020 644 2083 inter
681 2042 750 2084 se
779 2042 1122 2096 connexas,
1161 2041 1324 2102 quae
1362 2041 1489 2084 non
1535 2019 1815 2102 antiquis
1858 2020 2053 2085 modo
2098 2019 2495 2106 temporibus
2561 2039 2570 2047 ·

159 2128 577 2202 acciderunt,
641 2128 758 2194 sed
838 2127 1032 2193 hodie
1097 2128 1288 2192 etiam
1348 2149 1477 2190 non
1540 2127 1755 2192 minus
1810 2127 2179 2215 principum
2239 2128 2499 2215 ingenia

163 2247 472 2301 exercent
535 2258 727 2319 quam
785 2237 937 2302 olim
995 2249 1256 2301 senatus
1325 2236 1621 2300 Romani.
1721 2235 2014 2308 Primum
2066 2236 2235 2301 enim
2290 2236 2500 2302 deseri

164 2344 477 2409 nolebant
520 2343 755 2428 oppida
791 2345 1196 2421 Latinorum,
1242 2367 1406 2430 quae
1453 2366 1601 2408 cum
1646 2343 1769 2407 alia
1810 2364 2007 2407 onera
2047 2345 2307 2420 ferrent,
2362 2355 2499 2410 tum

161 2454 250 2518 ad
301 2453 476 2518 bella
535 2466 781 2518 certum
833 2453 1104 2518 militum
1157 2475 1498 2518 numerum
1555 2448 1965 2537 praebebant.
2040 2451 2301 2518 Deinde
2346 2476 2499 2519 con-

165 2562 530 2628 fluentibus
572 2573 664 2625 tot
705 2560 994 2644 undique
1032 2559 1402 2626 hominibus
1445 2560 1638 2624 nimis
1664 2581 1952 2626 crescere
1984 2559 2295 2647 putabant
2319 2560 2500 2627 urbis

162 2673 416 2736 Romae
473 2668 985 2755 magnitudinem
1041 2691 1308 2754 eamque
1361 2668 1549 2754 copia
1604 2667 1871 2752 inopum
1931 2680 2121 2752 atque
2176 2668 2500 2734 inutilium

161 2780 407 2844 civium
485 2777 756 2842 onerari.
867 2777 1014 2842 Hae
1081 2799 1312 2842 causae
1397 2776 1757 2840 edictorum
1818 2776 2197 2861 legumque,
2259 2777 2499 2861 quibus

161 2888 388 2952 Latini
435 2885 690 2950 remissi
742 2897 925 2962 sunt,
969 2886 1316 2950 extiterunt
1331 2932 1350 2961 ,
1393 2882 1929 2966 nominanturque
1973 2881 2149 2946 haud
2200 2881 2497 2961 obscure,
2574 2926 2580 2931 -

165 2997 350 3060 velut
409 3019 448 3058 a
499 2994 698 3058 Livio
755 2995 1110 3071 XXXIX,
1155 2995 1213 3059 3.
1270 2990 1374 3057 Cf.
1431 2991 1623 3054 etiam
1665 2989 1859 3066 XLI,
1898 2990 1937 3055 8
1993 3001 2059 3054 et
2113 2989 2340 3068 XLII,
2400 2995 2497 3058 10.

161 3105 392 3188 Atque
447 3103 658 3188 ipsam
719 3103 911 3166 etiam
963 3103 1138 3168 illam
1192 3102 1406 3186 legem
1461 3098 1781 3163 Liciniam
1842 3108 1906 3161 et
1960 3097 2275 3174 Muciam,
2331 3122 2496 3184 quae

167 3212 454 3276 maxima
498 3210 652 3276 belli
697 3211 966 3276 Marsici
1011 3234 1206 3276 causa
1244 3210 1416 3273 facta
1459 3219 1577 3283 est,
1618 3206 1783 3270 hanc
1825 3205 2171 3292 praecipue
2212 3207 2345 3272 vim
2382 3207 2495 3272 ha-

164 3321 414 3397 buisse,
471 3332 566 3396 ut,
617 3320 790 3384 unde
836 3319 1112 3405 quisque
1155 3316 1469 3382 oriundus
1516 3326 1706 3390 esset,
1755 3335 1829 3378 eo
1876 3314 2087 3380 redire
2134 3328 2494 3402 cogeretur,

167 3430 396 3516 colligi
433 3429 585 3494 licet
627 3451 706 3492 ex
753 3429 833 3496 iis
877 3451 1041 3515 quae
1086 3424 1226 3492 Cic.
1271 3425 1456 3490 Brut.
1498 3445 1553 3488 c.
1601 3423 1677 3487 16
1722 3421 1935 3488 habet.

340 3535 476 3602 Sed
532 3559 830 3602 veremur
869 3535 1104 3609 hercle,
1148 3556 1228 3600 ne
1271 3533 1400 3597 iam
1441 3530 1757 3596 excedere
1800 3529 1996 3596 huius
2044 3528 2494 3616 disputationis

161 3646 332 3710 fines
393 3644 752 3721 videamur,
808 3644 942 3730 qui,
987 3665 1135 3708 cum
1179 3642 1262 3706 de
1305 3638 1641 3724 municipii
1682 3636 2053 3702 Malacitani
2095 3637 2237 3702 iure
2280 3637 2493 3704 dicere

166 3753 616 3830 statuerimus,
687 3751 770 3818 ad
827 3751 1262 3836 quaestionem
1321 3748 1517 3832 longe
1578 3747 1917 3811 maximam
1975 3744 2056 3809 de
2115 3744 2373 3810 civitate
2430 3756 2495 3810 et

163 3861 518 3926 Latinitate
559 3859 1047 3926 devenerimus:
1089 3858 1156 3922 in
1203 3879 1332 3942 qua
1377 3856 1432 3921 si
1476 3865 1649 3921 recte
1690 3853 1933 3920 versari
1978 3852 2492 3939 multiplicesque

165 3972 278 4054 qui
337 3969 556 4034 omnia
607 3991 809 4055 prope
863 3988 1034 4033 nunc
1093 3966 1384 4033 obtinent
1437 3985 1688 4030 errores
1746 3965 2034 4027 minuere
2076 3960 2383 4036 velimus,
2430 3971 2495 4026 et

165 4079 292 4144 alte
327 4076 757 4163 repetendum
795 4089 860 4141 et
899 4075 1103 4141 multa
1133 4073 1394 4140 omnino
1425 4071 1813 4158 quaerenda,
1850 4067 2249 4155 explicanda,
2275 4089 2491 4135 emen-

169 4187 384 4250 danda
439 4186 586 4251 sint.
669 4185 729 4249 N
734 4207 808 4250 ec
862 4196 1073 4248 tamen
1119 4183 1404 4248 animum
1448 4191 1743 4250 nostrum
1785 4178 2093 4244 inducere
2142 4177 2490 4263 potuimus,

166 4306 238 4359 ut
303 4317 436 4359 non
497 4305 560 4358 et
619 4303 926 4379 quantam
984 4291 1326 4356 utilitatem
1381 4289 1541 4356 haec
1582 4286 1969 4354 Malacitana
2020 4284 2375 4370 inscriptio,
2436 4284 2489 4350 si

166 4415 340 4470 recte
389 4403 842 4487 explicaretur,
888 4399 970 4464 ad
1011 4399 1380 4466 universam
1416 4395 1879 4484 rempublicam
1902 4393 2259 4460 Romanam
2300 4392 2490 4460 intel-
