2917 5017
802 354 885 405 De
920 356 1185 407 dictatoris
1224 354 1467 407 Caesaris
1507 356 1802 421 honoribus.
2338 352 2462 419 203

168 515 337 581 iure?
416 514 780 602 Scriptores
824 516 1025 592 enim,
1085 516 1381 600 quamvis
1420 515 1582 601 quid
1623 538 1744 601 pro
1785 540 1863 583 ea
1903 528 2218 603 potestate
2261 518 2468 603 egerit

168 624 384 700 (fleant,
426 625 638 708 qualis
678 634 963 711 potestas
1008 625 1225 700 fuerit,
1272 647 1398 689 non
1442 636 1960 691 commemorant.
2040 627 2146 691 Ae
2186 627 2467 712 primum

165 732 403 816 quidem
454 743 719 798 senatus
764 732 1059 797 consulto
1106 732 1394 797 dandum
1450 744 1618 809 erat,
1683 734 1802 799 etsi
1862 734 2088 801 urbem
2143 735 2466 812 intrasset,

162 850 227 902 ut
267 840 605 926 imperium
659 864 741 907 ne
794 842 1143 920 amitteret,
1207 842 1378 926 quod
1431 852 1650 907 utrum
1703 841 1792 907 ita
1847 842 2182 909 decretum
2227 845 2338 920 sit,
2394 854 2471 909 ut

161 948 297 1011 olim
340 946 423 1029 Q.
462 949 700 1013 Fulvio
740 950 1107 1035 proconsuli
1148 950 1482 1015 decretum
1523 972 1666 1022 esse
1707 951 1904 1016 refert
1939 951 2174 1019 Livius
2198 952 2466 1029 XXVI,

159 1056 222 1131 9,
274 1066 345 1121 ut
398 1057 459 1121 ei
517 1078 635 1143 par
690 1080 838 1123 eum
897 1059 1275 1125 oonsulibus
1316 1058 1658 1144 imperium
1701 1072 1906 1137 esset,
1971 1084 2052 1127 an
2095 1062 2218 1127 alia
2256 1062 2472 1147 aliqua

156 1164 385 1228 ratione
436 1166 767 1231 nescimus
784 1213 802 1243 ,
865 1165 981 1231 sed
1040 1168 1371 1233 decretum
1428 1190 1574 1232 esse
1627 1179 1908 1255 apparet.
1997 1168 2204 1237 Extra
2243 1170 2472 1235 urbem
2531 1248 2538 1257 Ι

157 1284 356 1337 autem
418 1273 838 1339 efficiendum
898 1285 1065 1352 erat,
1125 1285 1198 1341 ut
1250 1276 1427 1360 quod
1481 1274 1723 1341 bellum
1771 1274 2012 1343 Caesar
2057 1290 2342 1363 gereret,
2399 1278 2470 1341 id

155 1379 309 1445 iuste
364 1404 439 1447 ae
505 1382 794 1467 legitime
852 1406 1077 1469 gerere
1134 1384 1486 1449 videretur.
1584 1383 1878 1449 Primum
1941 1384 2306 1451 Sardiniam
2359 1385 2472 1470 qui

156 1487 559 1575 Pompeianis
604 1492 898 1577 eriperet,
944 1492 1121 1557 misit
1167 1489 1245 1557 C.
1282 1492 1620 1558 Valerium
1659 1491 1981 1577 legatum,
2031 1503 2168 1557 tum
2213 1491 2291 1558 C.
2333 1490 2470 1559 Cu-

156 1597 385 1665 rionem
434 1600 507 1663 in
558 1599 847 1665 Siciliam
899 1601 1188 1685 legatum
1245 1624 1363 1688 pro
1424 1612 1716 1686 praetore
1773 1597 1994 1683 (Caes,
2053 1602 2200 1667 bell.
2247 1602 2374 1667 oiv.
2415 1602 2470 1678 Ι,

159 1706 285 1786 30),
348 1730 459 1772 eas
530 1731 691 1794 quas
752 1710 867 1774 diu
927 1710 1067 1795 ipse
1128 1722 1380 1775 rexerat
1435 1708 1680 1775 Gallias
1741 1710 1891 1777 item
1955 1711 2186 1795 legatis
2255 1709 2475 1775 divisit

106 1840 117 1855 ·
160 1816 519 1897 (comment.
566 1818 897 1905 epigraph.
940 1818 1089 1884 Vol.
1124 1819 1193 1884 II
1238 1843 1299 1903 p.
1339 1819 1495 1901 224)
1520 1866 1534 1891 ,
1603 1819 1880 1903 denique
1921 1820 2145 1884 Italiae
2191 1819 2286 1883 M.
2331 1819 2473 1883 An·-

160 1923 417 2002 tonium,
467 1938 611 1991 tum
652 1928 926 1991 maxime
972 1926 1300 1991 tribunum
1341 1927 1584 2013 plebis,
1629 1927 1963 2011 praefecit,
2011 1927 2130 1991 sed
2171 1926 2368 2010 legati
2412 1938 2475 1989 et

159 2054 257 2114 pro
296 2035 619 2119 praetoris
657 2036 799 2099 iure
833 2035 1217 2121 praeditum.
1300 2035 1722 2101 Proconsulis
1750 2036 1910 2099 haee
1937 2044 2107 2110 sunt,
2153 2034 2267 2097 sed
2311 2034 2473 2111 eius,

158 2142 257 2222 qui
294 2144 599 2209 omnibus
639 2144 991 2229 provinciis
1029 2143 1335 2229 imperet:
1385 2167 1585 2229 quare
1629 2167 1757 2208 non
1799 2166 1968 2209 nova
1997 2152 2282 2229 potestas
2306 2139 2473 2207 Cae·-

160 2250 273 2312 sari
327 2251 547 2317 delata
596 2265 695 2316 est
747 2253 925 2337 (nam
980 2262 1041 2317 et
1093 2253 1439 2338 proconsul
1497 2253 1708 2317 fuerat
1765 2266 1828 2317 et
1887 2275 1968 2315 ex
2025 2253 2170 2333 lege
2214 2251 2475 2317 Vatinia

160 2366 242 2419 tot
280 2370 437 2442 quot
485 2359 610 2445 ipsi
652 2361 1001 2446 placuisset
1038 2362 1269 2445 legatis
1314 2360 1411 2423 uti
1444 2359 1719 2445 potuit),
1781 2359 1898 2423 sed
1949 2381 2054 2433 ea,
2121 2381 2312 2442 quam
2356 2360 2473 2423 ha-

158 2460 335 2530 bebat
350 2514 367 2544 ,
451 2468 697 2533 ambitu
772 2492 847 2535 ae
896 2468 1371 2555 provinciarum
1427 2490 1697 2531 numero
1749 2466 2153 2552 amplificata.
2249 2466 2474 2550 Neque

160 2570 443 2643 definitas
500 2600 645 2643 esse
701 2576 997 2643 existimo
1056 2576 1452 2661 provincias,
1518 2575 1758 2659 quibus
1802 2572 2046 2641 Caesar
2093 2578 2473 2659 imperaret:

161 2701 337 2763 quam
394 2686 571 2751 enim
620 2687 909 2751 omittere
967 2697 1078 2751 aut
1128 2694 1378 2770 poterat
1420 2693 1536 2748 aut
1574 2682 1875 2749 volebat?
1958 2683 2040 2747 In
2085 2680 2474 2759 Sardiniam,

162 2788 441 2861 Siciliam
462 2840 479 2871 ,
549 2794 844 2861 Africam
903 2795 1151 2879 legatos
1212 2791 1534 2868 mittebat,
1596 2790 2045 2857 Macedoniam
2097 2784 2474 2873 Asiamque,

162 2896 219 2961 in
243 2923 435 2985 quam
457 2903 809 2989 Pompeius
834 2906 1176 2977 invaserat,
1218 2900 1596 2986 propediem
1622 2910 1757 2963 erat
1777 2898 2190 2973 liberaturus,
2231 2897 2475 2982 Hispa-

160 3008 286 3075 nias
328 3010 625 3097 petebat:
695 3012 855 3096 quid
895 3012 1099 3097 igitur
1140 3034 1218 3075 ex
1258 3008 1526 3093 imperio
1567 3006 1905 3083 universo,
1967 3004 2142 3090 quod
2185 3026 2315 3069 non
2356 3025 2474 3068 no-

164 3119 461 3187 minatum
518 3144 663 3187 esse
710 3131 941 3205 putare
1000 3118 1360 3206 possimus,
1420 3114 1844 3199 relinquitur?
1935 3112 2122 3195 Quae
2184 3136 2332 3177 eum
2385 3113 2478 3177 ita

164 3226 297 3305 sint,
342 3231 425 3297 ab
467 3230 563 3294 M.
602 3229 889 3295 Antonio
935 3237 998 3292 et
1042 3223 1121 3291 G.
1162 3222 1392 3291 Cassio
1435 3224 1563 3289 trib
1605 3222 1810 3311 pleb.,
1857 3223 2125 3298 iisdem,
2171 3221 2284 3305 qui
2325 3220 2475 3285 reli·-

164 3354 281 3415 qua
335 3351 493 3405 tune
548 3337 862 3423 agebant,
922 3336 1137 3423 legem
1191 3335 1385 3399 latam
1442 3356 1588 3399 esse
1637 3331 2181 3407 existimabimus,
2237 3331 2305 3393 in
2350 3352 2479 3413 qua

165 3441 317 3511 duae
359 3449 481 3513 hae
522 3468 627 3511 res
666 3448 1165 3520 continerentur,
1205 3443 1486 3528 primum
1525 3450 1598 3505 ut
1639 3441 1815 3524 quod
1855 3439 2198 3524 imperium
2237 3435 2480 3502 Caesar

164 3548 447 3633 haberet,
510 3556 579 3619 id
624 3555 692 3619 in
737 3554 901 3620 urbe
948 3554 1091 3639 ipsa
1127 3552 1466 3626 retineret,
1518 3548 1754 3613 deinde
1796 3557 1870 3611 ut
1911 3557 2164 3632 praeter
2208 3544 2478 3621 Gallias,

168 3680 312 3743 quas
356 3663 657 3739 habebat,
702 3664 891 3728 Italia
934 3682 1193 3746 quoque
1236 3659 1648 3742 reliquaeque
1687 3654 2060 3739 provinciae
2107 3654 2168 3717 ei
2213 3652 2478 3737 permit-

168 3778 461 3839 terentur.
560 3773 779 3857 Atque
819 3772 977 3837 haee
1016 3770 1109 3835 ita
1152 3792 1294 3835 esse
1340 3770 1472 3833 lata
1517 3764 1840 3853 signifieat
1883 3763 2010 3829 Dio
2057 3760 2245 3828 Cass.
2287 3758 2478 3836 XLI,

175 3880 273 3945 17:
330 3881 647 3947 Τοσούτου
695 3904 761 3945 τε
806 3881 1067 3964 ἐδέησαν
1111 3879 1185 3943 τὰ
1226 3879 1514 3961 χρήματα
1563 3875 1602 3937 ἃ
1651 3872 1952 3957 ὑπέσχετο
2003 3872 2190 3955 σφίσι,
2235 3870 2372 3933 τότε
2409 3890 2478 3951 γε

171 3987 402 4075 λαβεῖν,
468 3994 626 4057 ὥστε
678 3992 779 4056 καὶ
834 3989 1032 4053 τᾶλλα
1078 3988 1137 4050 οἱ
1178 3984 1397 4062 πάνθ’,
1467 3984 1584 4045 ὅσα
1629 3980 1690 4043 ἐν
1735 3978 1824 4065 τῷ
1869 3979 2150 4063 δημοσίῳ
2190 3978 2286 4061 ἦν,
2329 3978 2481 4061 πρὸς

172 4098 263 4179 τὴν
304 4106 423 4167 τῶν
470 4106 873 4183 στρατιωτῶν,
930 4096 1035 4165 οὓς
1076 4096 1441 4180 ἐφοβοῦντο,
1483 4091 1713 4175 τροφὴν
1761 4087 2006 4153 ἔδοσαν.
2088 4086 2308 4151 Unam
2345 4106 2479 4150 rem

172 4211 459 4287 nominat,
496 4231 660 4293 quae
702 4207 897 4273 fuerit
934 4206 1000 4269 in
1039 4204 1206 4289 lege,
1254 4200 1372 4267 sed
1418 4199 1475 4265 si
1513 4199 1640 4263 fuit
1682 4198 1764 4261 de
1803 4196 2080 4282 pecunia
2115 4194 2198 4257 ad
2238 4192 2480 4257 bellum

175 4317 539 4392 necessaria,
582 4326 754 4383 certe
796 4336 925 4379 non
971 4314 1185 4377 minus
1231 4311 1315 4375 de
1354 4309 1500 4393 ipso
1541 4306 1695 4373 belli
1737 4304 2023 4388 imperio,
2070 4309 2382 4398 quantum
2417 4310 2480 4362 et

179 4429 345 4508 quale
375 4448 519 4493 esse
544 4434 885 4510 oporteret,
924 4421 1067 4497 fuit,
1104 4419 1668 4503 intelligemusque
1699 4435 1828 4479 non
1858 4409 2020 4475 illud
2049 4407 2264 4484 modo,
2300 4406 2479 4492 quod
