<?xml version="1.0" encoding="UTF-8"?>
<!DOCTYPE html PUBLIC "-//W3C//DTD XHTML 1.0 Transitional//EN"
    "http://www.w3.org/TR/xhtml1/DTD/xhtml1-transitional.dtd">
<html xmlns="http://www.w3.org/1999/xhtml" xml:lang="en" lang="en">
 <head>
  <title>
</title>
<meta http-equiv="Content-Type" content="text/html;charset=utf-8" />
  <meta name='ocr-system' content='tesseract 3.04.00' />
  <meta name='ocr-capabilities' content='ocr_page ocr_carea ocr_par ocr_line ocrx_word'/>
</head>
<body>
  <div class='ocr_page' id='page_1' title='image "augustiwilhelmi01unkngoog_0225.png"; bbox 0 0 2917 5017; ppageno 0'>
   <div class='ocr_carea' id='block_1_1' title="bbox 470 318 2131 385">
    <p class='ocr_par' dir='ltr' id='par_1_1' title="bbox 470 318 2131 385">
     <span class='ocr_line' id='line_1_1' title="bbox 470 318 2131 385; baseline -0.005 -8"><span class='ocrx_word' id='word_1_1' title='bbox 470 318 595 385; x_wconf 84' lang='lat'><strong>210</strong></span> <span class='ocrx_word' id='word_1_2' title='bbox 1131 322 1214 371; x_wconf 84' lang='lat' dir='ltr'><strong>De</strong></span> <span class='ocrx_word' id='word_1_3' title='bbox 1253 321 1515 371; x_wconf 76' lang='lat' dir='ltr'><strong>dictatoris</strong></span> <span class='ocrx_word' id='word_1_4' title='bbox 1556 318 1793 371; x_wconf 75' lang='lat' dir='ltr'><strong>Caesaris</strong></span> <span class='ocrx_word' id='word_1_5' title='bbox 1834 320 2131 369; x_wconf 75' lang='lat' dir='ltr'><strong>honoribus.</strong></span> 
     </span>
    </p>
   </div>
   <div class='ocr_carea' id='block_1_2' title="bbox 470 478 2873 4469">
    <p class='ocr_par' dir='ltr' id='par_1_2' title="bbox 470 478 2873 4469">
     <span class='ocr_line' id='line_1_2' title="bbox 477 478 2774 572; baseline -0.003 -21"><span class='ocrx_word' id='word_1_6' title='bbox 477 508 642 571; x_wconf 87' lang='lat' dir='ltr'><strong>quas</strong></span> <span class='ocrx_word' id='word_1_7' title='bbox 690 496 934 551; x_wconf 88' lang='lat' dir='ltr'><strong>statuas</strong></span> <span class='ocrx_word' id='word_1_8' title='bbox 974 486 1114 572; x_wconf 89' lang='lat' dir='ltr'><strong>ipse</strong></span> <span class='ocrx_word' id='word_1_9' title='bbox 1151 494 1378 571; x_wconf 88' lang='lat' dir='ltr'><strong>postea</strong></span> <span class='ocrx_word' id='word_1_10' title='bbox 1399 480 1644 549; x_wconf 88' lang='lat' dir='ltr'><strong>Caesar</strong></span> <span class='ocrx_word' id='word_1_11' title='bbox 1680 483 1963 547; x_wconf 77' lang='lat' dir='ltr'><strong>restituit</strong></span> <span class='ocrx_word' id='word_1_12' title='bbox 2001 481 2219 567; x_wconf 85' lang='lat' dir='ltr'><strong>(Suet.</strong></span> <span class='ocrx_word' id='word_1_13' title='bbox 2242 478 2438 547; x_wconf 87' lang='lat' dir='ltr'><strong>Caes.</strong></span> <span class='ocrx_word' id='word_1_14' title='bbox 2464 482 2586 558; x_wconf 77' lang='lat'><strong>753</strong></span> <span class='ocrx_word' id='word_1_15' title='bbox 2626 480 2774 545; x_wconf 81' lang='lat' dir='ltr'><strong>Plut</strong></span> 
     </span>
     <span class='ocr_line' id='line_1_3' title="bbox 474 590 2799 685; baseline -0.003 -28"><span class='ocrx_word' id='word_1_16' title='bbox 474 591 662 658; x_wconf 88' lang='lat' dir='ltr'><strong>Caes.</strong></span> <span class='ocrx_word' id='word_1_17' title='bbox 692 595 804 671; x_wconf 80' lang='lat'><strong>573</strong></span> <span class='ocrx_word' id='word_1_18' title='bbox 849 596 1022 659; x_wconf 84' lang='lat' dir='ltr'><strong>Plut.</strong></span> <span class='ocrx_word' id='word_1_19' title='bbox 1065 594 1147 657; x_wconf 87' lang='lat' dir='ltr'><strong>de</strong></span> <span class='ocrx_word' id='word_1_20' title='bbox 1191 592 1483 679; x_wconf 86' lang='lat' dir='ltr'><strong>capiend.</strong></span> <span class='ocrx_word' id='word_1_21' title='bbox 1530 614 1610 655; x_wconf 89' lang='lat' dir='ltr'><strong>ex</strong></span> <span class='ocrx_word' id='word_1_22' title='bbox 1650 591 1885 655; x_wconf 83' lang='lat' dir='ltr'><strong>hostib.</strong></span> <span class='ocrx_word' id='word_1_23' title='bbox 1928 592 2118 655; x_wconf 84' lang='lat' dir='ltr'><strong>utilit.</strong></span> <span class='ocrx_word' id='word_1_24' title='bbox 2160 615 2223 675; x_wconf 89' lang='lat' dir='ltr'><strong>p.</strong></span> <span class='ocrx_word' id='word_1_25' title='bbox 2250 591 2371 656; x_wconf 76' lang='lat'><strong>338</strong></span> <span class='ocrx_word' id='word_1_26' title='bbox 2406 590 2509 655; x_wconf 87' lang='lat' dir='ltr'><strong>ed.</strong></span> <span class='ocrx_word' id='word_1_27' title='bbox 2544 590 2799 685; x_wconf 76' lang='lat' dir='ltr'><strong>Reisk.3.</strong></span> 
     </span>
     <span class='ocr_line' id='line_1_4' title="bbox 471 699 2777 786; baseline -0.003 -19"><span class='ocrx_word' id='word_1_28' title='bbox 471 702 607 767; x_wconf 88' lang='lat' dir='ltr'><strong>Dio</strong></span> <span class='ocrx_word' id='word_1_29' title='bbox 638 703 900 780; x_wconf 88' lang='lat' dir='ltr'>XLIII,</span> <span class='ocrx_word' id='word_1_30' title='bbox 943 702 1054 786; x_wconf 79' lang='lat'><strong>49)</strong></span> <span class='ocrx_word' id='word_1_31' title='bbox 1070 728 1088 780; x_wconf 84' lang='lat'><em>3</em></span> <span class='ocrx_word' id='word_1_32' title='bbox 1133 712 1291 777; x_wconf 89' lang='lat' dir='ltr'><strong>tum,</strong></span> <span class='ocrx_word' id='word_1_33' title='bbox 1336 700 1452 765; x_wconf 88' lang='lat' dir='ltr'><strong>ubi</strong></span> <span class='ocrx_word' id='word_1_34' title='bbox 1492 699 1781 785; x_wconf 89' lang='lat' dir='ltr'><strong>Pompeii</strong></span> <span class='ocrx_word' id='word_1_35' title='bbox 1820 722 1991 764; x_wconf 90' lang='lat' dir='ltr'><strong>mors</strong></span> <span class='ocrx_word' id='word_1_36' title='bbox 2036 700 2329 763; x_wconf 86' lang='lat' dir='ltr'><strong>nuntiata</strong></span> <span class='ocrx_word' id='word_1_37' title='bbox 2370 710 2563 783; x_wconf 90' lang='lat' dir='ltr'><strong>atque</strong></span> <span class='ocrx_word' id='word_1_38' title='bbox 2610 700 2777 763; x_wconf 86' lang='lat' dir='ltr'><strong>anulo</strong></span> 
     </span>
     <span class='ocr_line' id='line_1_5' title="bbox 471 807 2779 896; baseline 0.001 -24"><span class='ocrx_word' id='word_1_39' title='bbox 471 809 538 873; x_wconf 90' lang='lat' dir='ltr'><strong>in</strong></span> <span class='ocrx_word' id='word_1_40' title='bbox 582 810 810 875; x_wconf 89' lang='lat' dir='ltr'><strong>urbem</strong></span> <span class='ocrx_word' id='word_1_41' title='bbox 853 812 1044 876; x_wconf 85' lang='lat' dir='ltr'><strong>allato</strong></span> <span class='ocrx_word' id='word_1_42' title='bbox 1085 811 1284 896; x_wconf 87' lang='lat' dir='ltr'><strong>vulgo</strong></span> <span class='ocrx_word' id='word_1_43' title='bbox 1329 808 1577 873; x_wconf 89' lang='lat' dir='ltr'><strong>credita</strong></span> <span class='ocrx_word' id='word_1_44' title='bbox 1615 818 1747 885; x_wconf 88' lang='lat' dir='ltr'><strong>est,</strong></span> <span class='ocrx_word' id='word_1_45' title='bbox 1807 808 2031 876; x_wconf 75' lang='grc' dir='ltr'>ὕπατος</span> <span class='ocrx_word' id='word_1_46' title='bbox 2075 844 2159 856; x_wconf 83' lang='lat'><strong>——</strong></span> <span class='ocrx_word' id='word_1_47' title='bbox 2204 807 2307 891; x_wconf 81' lang='grc' dir='ltr'>ἔτη</span> <span class='ocrx_word' id='word_1_48' title='bbox 2354 808 2537 871; x_wconf 79' lang='grc' dir='ltr'>πέντε</span> <span class='ocrx_word' id='word_1_49' title='bbox 2583 807 2779 891; x_wconf 72' lang='grc' dir='ltr'>ἐφεξῆς</span> 
     </span>
     <span class='ocr_line' id='line_1_6' title="bbox 472 916 2781 1003; baseline -0.001 -23"><span class='ocrx_word' id='word_1_50' title='bbox 472 918 760 1000; x_wconf 79' lang='grc' dir='ltr'>γενέσθαι</span> <span class='ocrx_word' id='word_1_51' title='bbox 797 922 900 983; x_wconf 82' lang='grc' dir='ltr'>καὶ</span> <span class='ocrx_word' id='word_1_52' title='bbox 941 922 1234 1003; x_wconf 80' lang='grc' dir='ltr'>δικτάτωρ</span> <span class='ocrx_word' id='word_1_53' title='bbox 1280 918 1392 981; x_wconf 81' lang='grc' dir='ltr'><strong>οὐκ</strong></span> <span class='ocrx_word' id='word_1_54' title='bbox 1439 918 1502 985; x_wconf 85' lang='grc' dir='ltr'><strong>ἐς</strong></span> <span class='ocrx_word' id='word_1_55' title='bbox 1546 917 1808 999; x_wconf 79' lang='grc' dir='ltr'>ἕκμηνον</span> <span class='ocrx_word' id='word_1_56' title='bbox 1860 916 1995 979; x_wconf 78' lang='grc' dir='ltr'>ἀλλ’</span> <span class='ocrx_word' id='word_1_57' title='bbox 2047 917 2111 985; x_wconf 85' lang='grc' dir='ltr'><strong>ἐς</strong></span> <span class='ocrx_word' id='word_1_58' title='bbox 2148 917 2421 980; x_wconf 79' lang='grc' dir='ltr'>ἐνιαυτὸν</span> <span class='ocrx_word' id='word_1_59' title='bbox 2468 918 2619 979; x_wconf 82' lang='grc' dir='ltr'>ὅλον</span> <span class='ocrx_word' id='word_1_60' title='bbox 2668 918 2781 999; x_wconf 83' lang='grc' dir='ltr'>λεχ-</span> 
     </span>
     <span class='ocr_line' id='line_1_7' title="bbox 472 993 2866 1113; baseline -0.001 -25"><span class='ocrx_word' id='word_1_61' title='bbox 472 1027 656 1109; x_wconf 82' lang='grc' dir='ltr'>θῆναι</span> <span class='ocrx_word' id='word_1_62' title='bbox 698 1026 908 1113; x_wconf 85' lang='grc' dir='ltr'>ἔλαβε,</span> <span class='ocrx_word' id='word_1_63' title='bbox 956 1037 1028 1091; x_wconf 90' lang='lat' dir='ltr'><strong>ut</strong></span> <span class='ocrx_word' id='word_1_64' title='bbox 1065 1026 1197 1091; x_wconf 94' lang='lat' dir='ltr'><strong>Dio</strong></span> <span class='ocrx_word' id='word_1_65' title='bbox 1241 1027 1358 1102; x_wconf 86' lang='lat' dir='ltr'><strong>ait3</strong></span> <span class='ocrx_word' id='word_1_66' title='bbox 1405 1025 1689 1108; x_wconf 90' lang='lat' dir='ltr'><strong>reliquos</strong></span> <span class='ocrx_word' id='word_1_67' title='bbox 1734 1025 1906 1089; x_wconf 88' lang='lat' dir='ltr'><strong>enim</strong></span> <span class='ocrx_word' id='word_1_68' title='bbox 1948 1026 2221 1089; x_wconf 81' lang='lat' dir='ltr'><strong>honores</strong></span> <span class='ocrx_word' id='word_1_69' title='bbox 2270 1025 2465 1089; x_wconf 89' lang='lat' dir='ltr'><strong>simul</strong></span> <span class='ocrx_word' id='word_1_70' title='bbox 2504 1024 2783 1088; x_wconf 82' lang='lat' dir='ltr'><strong>decretos</strong></span> <span class='ocrx_word' id='word_1_71' title='bbox 2859 993 2866 1103; x_wconf 36' lang='grc' dir='ltr'><strong>ἐὴ</strong></span> 
     </span>
     <span class='ocr_line' id='line_1_8' title="bbox 470 1130 2862 1220; baseline -0.001 -23"><span class='ocrx_word' id='word_1_72' title='bbox 470 1134 572 1198; x_wconf 91' lang='lat' dir='ltr'><strong>hic</strong></span> <span class='ocrx_word' id='word_1_73' title='bbox 614 1136 1070 1220; x_wconf 76' lang='lat' dir='ltr'><strong>praetermitto·</strong></span> <span class='ocrx_word' id='word_1_74' title='bbox 1147 1136 1252 1199; x_wconf 91' lang='lat' dir='ltr'><strong>De</strong></span> <span class='ocrx_word' id='word_1_75' title='bbox 1299 1133 1560 1198; x_wconf 84' lang='lat' dir='ltr'><strong>duobus</strong></span> <span class='ocrx_word' id='word_1_76' title='bbox 1604 1131 1808 1217; x_wconf 85' lang='lat' dir='ltr'><strong>igitur</strong></span> <span class='ocrx_word' id='word_1_77' title='bbox 1850 1132 2333 1219; x_wconf 86' lang='lat' dir='ltr'><strong>magistratibus</strong></span> <span class='ocrx_word' id='word_1_78' title='bbox 2374 1130 2646 1197; x_wconf 83' lang='lat' dir='ltr'>Caesari</span> <span class='ocrx_word' id='word_1_79' title='bbox 2690 1132 2783 1195; x_wconf 75' lang='lat' dir='ltr'><strong>de·</strong></span> <span class='ocrx_word' id='word_1_80' title='bbox 2861 1186 2862 1213; x_wconf 27' lang='grc' dir='ltr'>Ξ</span> 
     </span>
     <span class='ocr_line' id='line_1_9' title="bbox 473 1232 2864 1329; baseline -0.001 -23"><span class='ocrx_word' id='word_1_81' title='bbox 473 1242 622 1307; x_wconf 89' lang='lat' dir='ltr'><strong>latis</strong></span> <span class='ocrx_word' id='word_1_82' title='bbox 665 1243 842 1321; x_wconf 87' lang='lat' dir='ltr'><strong>dicit,</strong></span> <span class='ocrx_word' id='word_1_83' title='bbox 891 1244 972 1308; x_wconf 89' lang='lat' dir='ltr'><strong>de</strong></span> <span class='ocrx_word' id='word_1_84' title='bbox 1017 1243 1358 1308; x_wconf 82' lang='lat' dir='ltr'><strong>consulatu</strong></span> <span class='ocrx_word' id='word_1_85' title='bbox 1400 1252 1464 1305; x_wconf 93' lang='lat' dir='ltr'><strong>et</strong></span> <span class='ocrx_word' id='word_1_86' title='bbox 1502 1242 1585 1306; x_wconf 86' lang='lat' dir='ltr'><strong>de</strong></span> <span class='ocrx_word' id='word_1_87' title='bbox 1632 1241 1983 1317; x_wconf 84' lang='lat' dir='ltr'><strong>dictatura,</strong></span> <span class='ocrx_word' id='word_1_88' title='bbox 2028 1264 2303 1329; x_wconf 87' lang='lat' dir='ltr'><strong>quorum</strong></span> <span class='ocrx_word' id='word_1_89' title='bbox 2349 1252 2565 1305; x_wconf 85' lang='lat' dir='ltr'><strong>tamen</strong></span> <span class='ocrx_word' id='word_1_90' title='bbox 2610 1242 2784 1304; x_wconf 88' lang='lat' dir='ltr'><strong>ratio·</strong></span> <span class='ocrx_word' id='word_1_91' title='bbox 2861 1232 2864 1267; x_wconf 67' lang='lat'>³</span> 
     </span>
     <span class='ocr_line' id='line_1_10' title="bbox 471 1350 2781 1436; baseline -0.001 -22"><span class='ocrx_word' id='word_1_92' title='bbox 471 1373 618 1415; x_wconf 92' lang='lat' dir='ltr'><strong>nem</strong></span> <span class='ocrx_word' id='word_1_93' title='bbox 658 1350 983 1417; x_wconf 88' lang='lat' dir='ltr'><strong>diversam</strong></span> <span class='ocrx_word' id='word_1_94' title='bbox 1023 1353 1226 1416; x_wconf 89' lang='lat' dir='ltr'><strong>fuisse</strong></span> <span class='ocrx_word' id='word_1_95' title='bbox 1273 1361 1555 1436; x_wconf 87' lang='lat' dir='ltr'><strong>apparet.</strong></span> <span class='ocrx_word' id='word_1_96' title='bbox 1645 1350 1906 1413; x_wconf 83' lang='lat' dir='ltr'><strong>Etenim</strong></span> <span class='ocrx_word' id='word_1_97' title='bbox 1957 1350 2331 1415; x_wconf 89' lang='lat' dir='ltr'><strong>consulatus</strong></span> <span class='ocrx_word' id='word_1_98' title='bbox 2387 1359 2526 1413; x_wconf 90' lang='lat' dir='ltr'><strong>erat</strong></span> <span class='ocrx_word' id='word_1_99' title='bbox 2576 1371 2781 1412; x_wconf 87' lang='lat' dir='ltr'><strong>neces-</strong></span> 
     </span>
     <span class='ocr_line' id='line_1_11' title="bbox 475 1457 2785 1545; baseline -0.001 -22"><span class='ocrx_word' id='word_1_100' title='bbox 475 1460 642 1523; x_wconf 88' lang='lat' dir='ltr'><strong>sario</strong></span> <span class='ocrx_word' id='word_1_101' title='bbox 668 1484 922 1525; x_wconf 90' lang='lat' dir='ltr'><strong>annuus</strong></span> <span class='ocrx_word' id='word_1_102' title='bbox 953 1460 1054 1524; x_wconf 89' lang='lat' dir='ltr'><strong>vel</strong></span> <span class='ocrx_word' id='word_1_103' title='bbox 1079 1460 1294 1545; x_wconf 90' lang='lat' dir='ltr'><strong>potius</strong></span> <span class='ocrx_word' id='word_1_104' title='bbox 1320 1460 1487 1544; x_wconf 83' lang='lat' dir='ltr'><strong>prid.</strong></span> <span class='ocrx_word' id='word_1_105' title='bbox 1512 1458 1661 1521; x_wconf 82' lang='lat' dir='ltr'><strong>Kal.</strong></span> <span class='ocrx_word' id='word_1_106' title='bbox 1688 1459 1825 1523; x_wconf 88' lang='lat' dir='ltr'><strong>Ian.</strong></span> <span class='ocrx_word' id='word_1_107' title='bbox 1853 1457 2229 1534; x_wconf 89' lang='lat' dir='ltr'><strong>finiebatur,</strong></span> <span class='ocrx_word' id='word_1_108' title='bbox 2280 1458 2785 1541; x_wconf 81' lang='lat' dir='ltr'><strong>quandocunque</strong></span> 
     </span>
     <span class='ocr_line' id='line_1_12' title="bbox 473 1565 2787 1654; baseline -0.001 -23"><span class='ocrx_word' id='word_1_109' title='bbox 473 1579 609 1631; x_wconf 90' lang='lat' dir='ltr'><strong>erat</strong></span> <span class='ocrx_word' id='word_1_110' title='bbox 662 1581 958 1654; x_wconf 86' lang='lat' dir='ltr'><strong>coeptus3</strong></span> <span class='ocrx_word' id='word_1_111' title='bbox 1021 1592 1218 1652; x_wconf 91' lang='lat' dir='ltr'><strong>quare</strong></span> <span class='ocrx_word' id='word_1_112' title='bbox 1277 1569 1331 1633; x_wconf 92' lang='lat' dir='ltr'><strong>si</strong></span> <span class='ocrx_word' id='word_1_113' title='bbox 1375 1565 1640 1633; x_wconf 82' lang='lat' dir='ltr'><strong>Caesari</strong></span> <span class='ocrx_word' id='word_1_114' title='bbox 1694 1566 2001 1642; x_wconf 84' lang='lat' dir='ltr'><strong>dabatur,</strong></span> <span class='ocrx_word' id='word_1_115' title='bbox 2058 1578 2133 1630; x_wconf 88' lang='lat' dir='ltr'><strong>ut</strong></span> <span class='ocrx_word' id='word_1_116' title='bbox 2178 1568 2244 1630; x_wconf 92' lang='lat' dir='ltr'><strong>in</strong></span> <span class='ocrx_word' id='word_1_117' title='bbox 2288 1565 2787 1649; x_wconf 86' lang='lat' dir='ltr'><strong>quinquennium</strong></span> 
     </span>
     <span class='ocr_line' id='line_1_13' title="bbox 474 1673 2869 1765; baseline -0.002 -24"><span class='ocrx_word' id='word_1_118' title='bbox 474 1677 850 1741; x_wconf 88' lang='lat' dir='ltr'><strong>continuum</strong></span> <span class='ocrx_word' id='word_1_119' title='bbox 895 1678 1122 1741; x_wconf 91' lang='lat' dir='ltr'><strong>consul</strong></span> <span class='ocrx_word' id='word_1_120' title='bbox 1163 1677 1363 1753; x_wconf 89' lang='lat' dir='ltr'><strong>fieret,</strong></span> <span class='ocrx_word' id='word_1_121' title='bbox 1411 1677 1536 1741; x_wconf 91' lang='lat' dir='ltr'><strong>hoc</strong></span> <span class='ocrx_word' id='word_1_122' title='bbox 1577 1674 1873 1751; x_wconf 89' lang='lat' dir='ltr'><strong>dabatur,</strong></span> <span class='ocrx_word' id='word_1_123' title='bbox 1915 1675 2218 1757; x_wconf 90' lang='lat' dir='ltr'><strong>quoniam</strong></span> <span class='ocrx_word' id='word_1_124' title='bbox 2258 1696 2468 1758; x_wconf 91' lang='lat' dir='ltr'><strong>usque</strong></span> <span class='ocrx_word' id='word_1_125' title='bbox 2511 1674 2599 1737; x_wconf 84' lang='lat' dir='ltr'><strong>ad</strong></span> <span class='ocrx_word' id='word_1_126' title='bbox 2642 1673 2788 1759; x_wconf 88' lang='lat' dir='ltr'><strong>prid.</strong></span> <span class='ocrx_word' id='word_1_127' title='bbox 2867 1742 2869 1765; x_wconf 17' lang='grc' dir='ltr'>ἶ</span> 
     </span>
     <span class='ocr_line' id='line_1_14' title="bbox 471 1783 2791 1866; baseline -0.002 -17"><span class='ocrx_word' id='word_1_128' title='bbox 471 1785 622 1850; x_wconf 88' lang='lat' dir='ltr'><strong>Kal.</strong></span> <span class='ocrx_word' id='word_1_129' title='bbox 665 1786 802 1850; x_wconf 88' lang='lat' dir='ltr'><strong>Ian.</strong></span> <span class='ocrx_word' id='word_1_130' title='bbox 847 1786 997 1850; x_wconf 88' lang='lat' dir='ltr'><strong>anni</strong></span> <span class='ocrx_word' id='word_1_131' title='bbox 1037 1787 1116 1851; x_wconf 76' lang='lat'><strong>48</strong></span> <span class='ocrx_word' id='word_1_132' title='bbox 1167 1786 1394 1850; x_wconf 89' lang='lat' dir='ltr'><strong>consul</strong></span> <span class='ocrx_word' id='word_1_133' title='bbox 1437 1786 1697 1849; x_wconf 89' lang='lat' dir='ltr'><strong>futurus</strong></span> <span class='ocrx_word' id='word_1_134' title='bbox 1744 1797 1911 1858; x_wconf 87' lang='lat' dir='ltr'><strong>erat,</strong></span> <span class='ocrx_word' id='word_1_135' title='bbox 1962 1795 2036 1847; x_wconf 91' lang='lat' dir='ltr'><strong>ut</strong></span> <span class='ocrx_word' id='word_1_136' title='bbox 2077 1784 2143 1847; x_wconf 91' lang='lat' dir='ltr'><strong>in</strong></span> <span class='ocrx_word' id='word_1_137' title='bbox 2188 1806 2423 1847; x_wconf 87' lang='lat' dir='ltr'><strong>annum</strong></span> <span class='ocrx_word' id='word_1_138' title='bbox 2466 1783 2545 1848; x_wconf 80' lang='lat'><strong>47</strong></span> <span class='ocrx_word' id='word_1_139' title='bbox 2596 1805 2791 1866; x_wconf 87' lang='lat' dir='ltr'><strong>usque</strong></span> 
     </span>
     <span class='ocr_line' id='line_1_15' title="bbox 473 1891 2872 1975; baseline -0.003 -17"><span class='ocrx_word' id='word_1_140' title='bbox 473 1893 555 1958; x_wconf 88' lang='lat' dir='ltr'><strong>ad</strong></span> <span class='ocrx_word' id='word_1_141' title='bbox 613 1918 852 1959; x_wconf 89' lang='lat' dir='ltr'><strong>annum</strong></span> <span class='ocrx_word' id='word_1_142' title='bbox 896 1895 973 1959; x_wconf 73' lang='lat'><strong>44</strong></span> <span class='ocrx_word' id='word_1_143' title='bbox 1037 1896 1373 1959; x_wconf 86' lang='lat' dir='ltr'><strong>consulatu</strong></span> <span class='ocrx_word' id='word_1_144' title='bbox 1429 1902 1766 1958; x_wconf 87' lang='lat' dir='ltr'><strong>ornaretur</strong></span> <span class='ocrx_word' id='word_1_145' title='bbox 1822 1914 2032 1975; x_wconf 90' lang='lat' dir='ltr'><strong>neque</strong></span> <span class='ocrx_word' id='word_1_146' title='bbox 2076 1891 2158 1955; x_wconf 88' lang='lat' dir='ltr'><strong>de</strong></span> <span class='ocrx_word' id='word_1_147' title='bbox 2204 1916 2279 1957; x_wconf 91' lang='lat' dir='ltr'><strong>eo</strong></span> <span class='ocrx_word' id='word_1_148' title='bbox 2326 1892 2478 1956; x_wconf 91' lang='lat' dir='ltr'><strong>ullis</strong></span> <span class='ocrx_word' id='word_1_149' title='bbox 2526 1891 2789 1974; x_wconf 84' lang='lat' dir='ltr'><strong>amplius</strong></span> <span class='ocrx_word' id='word_1_150' title='bbox 2870 1942 2872 1970; x_wconf 23' lang='grc' dir='ltr'>ἶ</span> 
     </span>
     <span class='ocr_line' id='line_1_16' title="bbox 475 2000 2868 2087; baseline -0.001 -22"><span class='ocrx_word' id='word_1_151' title='bbox 475 2003 748 2067; x_wconf 88' lang='lat' dir='ltr'><strong>comitiis</strong></span> <span class='ocrx_word' id='word_1_152' title='bbox 791 2025 956 2087; x_wconf 90' lang='lat' dir='ltr'><strong>opus</strong></span> <span class='ocrx_word' id='word_1_153' title='bbox 1004 2014 1192 2067; x_wconf 86' lang='lat' dir='ltr'><strong>esset.</strong></span> <span class='ocrx_word' id='word_1_154' title='bbox 1279 2001 1505 2085; x_wconf 85' lang='lat' dir='ltr'><strong>Neque</strong></span> <span class='ocrx_word' id='word_1_155' title='bbox 1550 2000 1850 2065; x_wconf 86' lang='lat' dir='ltr'><strong>dissentit</strong></span> <span class='ocrx_word' id='word_1_156' title='bbox 1892 2000 2025 2064; x_wconf 91' lang='lat' dir='ltr'><strong>Dio</strong></span> <span class='ocrx_word' id='word_1_157' title='bbox 2063 2000 2295 2076; x_wconf 87' lang='lat' dir='ltr'>XLII,</span> <span class='ocrx_word' id='word_1_158' title='bbox 2341 2000 2423 2065; x_wconf 84' lang='lat'><strong>20</strong></span> <span class='ocrx_word' id='word_1_159' title='bbox 2472 2000 2650 2063; x_wconf 90' lang='lat' dir='ltr'><strong>inter</strong></span> <span class='ocrx_word' id='word_1_160' title='bbox 2690 2000 2790 2063; x_wconf 89' lang='lat' dir='ltr'><strong>ho·</strong></span> <span class='ocrx_word' id='word_1_161' title='bbox 2867 2006 2868 2010; x_wconf 77' lang='grc'>’</span> 
     </span>
     <span class='ocr_line' id='line_1_17' title="bbox 473 2110 2790 2193; baseline -0.003 -20"><span class='ocrx_word' id='word_1_162' title='bbox 473 2133 664 2175; x_wconf 90' lang='lat' dir='ltr'><strong>nores</strong></span> <span class='ocrx_word' id='word_1_163' title='bbox 713 2112 774 2174; x_wconf 90' lang='lat' dir='ltr'><strong>ei</strong></span> <span class='ocrx_word' id='word_1_164' title='bbox 824 2124 978 2176; x_wconf 91' lang='lat' dir='ltr'><strong>tunc</strong></span> <span class='ocrx_word' id='word_1_165' title='bbox 1018 2110 1204 2175; x_wconf 90' lang='lat' dir='ltr'><strong>datos</strong></span> <span class='ocrx_word' id='word_1_166' title='bbox 1247 2110 1529 2174; x_wconf 85' lang='lat' dir='ltr'><strong>addens:</strong></span> <span class='ocrx_word' id='word_1_167' title='bbox 1604 2110 1675 2172; x_wconf 74' lang='grc' dir='ltr'>αἵ</span> <span class='ocrx_word' id='word_1_168' title='bbox 1712 2134 1775 2173; x_wconf 87' lang='grc' dir='ltr'>τε</span> <span class='ocrx_word' id='word_1_169' title='bbox 1818 2110 1931 2193; x_wconf 74' lang='grc' dir='ltr'><strong>γὰρ</strong></span> <span class='ocrx_word' id='word_1_170' title='bbox 1980 2110 2365 2193; x_wconf 81' lang='grc' dir='ltr'>ἀρχαιρεσίαι</span> <span class='ocrx_word' id='word_1_171' title='bbox 2408 2115 2604 2171; x_wconf 83' lang='grc' dir='ltr'>πᾶσαι</span> <span class='ocrx_word' id='word_1_172' title='bbox 2650 2110 2790 2189; x_wconf 81' lang='grc' dir='ltr'>πλὴν</span> 
     </span>
     <span class='ocr_line' id='line_1_18' title="bbox 473 2216 2872 2304; baseline -0.002 -23"><span class='ocrx_word' id='word_1_173' title='bbox 473 2226 592 2283; x_wconf 84' lang='grc' dir='ltr'>τῶν</span> <span class='ocrx_word' id='word_1_174' title='bbox 634 2226 742 2282; x_wconf 80' lang='grc' dir='ltr'>τοῦ</span> <span class='ocrx_word' id='word_1_175' title='bbox 787 2220 1066 2301; x_wconf 79' lang='grc' dir='ltr'>πλήθους</span> <span class='ocrx_word' id='word_1_176' title='bbox 1119 2219 1193 2304; x_wconf 90' lang='lat' dir='ltr'><strong>(i.</strong></span> <span class='ocrx_word' id='word_1_177' title='bbox 1239 2242 1294 2282; x_wconf 90' lang='lat' dir='ltr'><strong>e.</strong></span> <span class='ocrx_word' id='word_1_178' title='bbox 1339 2229 1593 2303; x_wconf 87' lang='lat' dir='ltr'><strong>praeter</strong></span> <span class='ocrx_word' id='word_1_179' title='bbox 1636 2218 1893 2282; x_wconf 87' lang='lat' dir='ltr'><strong>comitia</strong></span> <span class='ocrx_word' id='word_1_180' title='bbox 1934 2217 2341 2282; x_wconf 87' lang='lat' dir='ltr'><strong>tribunorum</strong></span> <span class='ocrx_word' id='word_1_181' title='bbox 2384 2230 2445 2280; x_wconf 87' lang='lat' dir='ltr'><strong>et</strong></span> <span class='ocrx_word' id='word_1_182' title='bbox 2492 2216 2791 2281; x_wconf 87' lang='lat' dir='ltr'><strong>aedilium</strong></span> <span class='ocrx_word' id='word_1_183' title='bbox 2871 2268 2872 2300; x_wconf 63' lang='lat'>3</span> 
     </span>
     <span class='ocr_line' id='line_1_19' title="bbox 472 2324 2873 2411; baseline -0.001 -21"><span class='ocrx_word' id='word_1_184' title='bbox 472 2325 708 2411; x_wconf 84' lang='lat' dir='ltr'><strong>plebis)</strong></span> <span class='ocrx_word' id='word_1_185' title='bbox 763 2327 862 2389; x_wconf 80' lang='grc' dir='ltr'><strong>ἐπ’</strong></span> <span class='ocrx_word' id='word_1_186' title='bbox 911 2324 1076 2411; x_wconf 72' lang='grc' dir='ltr'>αὐτῷ</span> <span class='ocrx_word' id='word_1_187' title='bbox 1122 2326 1396 2409; x_wconf 81' lang='grc' dir='ltr'>ἐγένοντο</span> <span class='ocrx_word' id='word_1_188' title='bbox 1443 2328 1545 2389; x_wconf 88' lang='grc' dir='ltr'>καὶ</span> <span class='ocrx_word' id='word_1_189' title='bbox 1592 2326 1690 2389; x_wconf 81' lang='grc' dir='ltr'><strong>διὰ</strong></span> <span class='ocrx_word' id='word_1_190' title='bbox 1736 2332 1915 2393; x_wconf 80' lang='grc' dir='ltr'>τοῦτο</span> <span class='ocrx_word' id='word_1_191' title='bbox 1963 2328 2025 2393; x_wconf 80' lang='grc' dir='ltr'><strong>ἐς</strong></span> <span class='ocrx_word' id='word_1_192' title='bbox 2069 2328 2175 2407; x_wconf 84' lang='grc' dir='ltr'>τὴν</span> <span class='ocrx_word' id='word_1_193' title='bbox 2220 2326 2562 2408; x_wconf 85' lang='grc' dir='ltr'>παρουσίαν</span> <span class='ocrx_word' id='word_1_194' title='bbox 2616 2326 2790 2387; x_wconf 78' lang='grc' dir='ltr'>αὐτοῦ</span> <span class='ocrx_word' id='word_1_195' title='bbox 2870 2387 2873 2393; x_wconf 76' lang='grc'>,</span> 
     </span>
     <span class='ocr_line' id='line_1_20' title="bbox 475 2431 2872 2520; baseline 0 -23"><span class='ocrx_word' id='word_1_196' title='bbox 475 2434 920 2520; x_wconf 80' lang='grc' dir='ltr'>ἀναβληθεῖσαι</span> <span class='ocrx_word' id='word_1_197' title='bbox 964 2435 1059 2497; x_wconf 85' lang='grc' dir='ltr'><strong>ἐπ’</strong></span> <span class='ocrx_word' id='word_1_198' title='bbox 1105 2433 1299 2517; x_wconf 74' lang='grc' dir='ltr'>ἐξόδῳ</span> <span class='ocrx_word' id='word_1_199' title='bbox 1339 2439 1446 2497; x_wconf 77' lang='grc' dir='ltr'>τοῦ</span> <span class='ocrx_word' id='word_1_200' title='bbox 1492 2432 1667 2501; x_wconf 82' lang='grc' dir='ltr'>ἔτους</span> <span class='ocrx_word' id='word_1_201' title='bbox 1707 2433 2119 2517; x_wconf 78' lang='grc' dir='ltr'>ἐτελέσθησαν</span> <span class='ocrx_word' id='word_1_202' title='bbox 2165 2434 2207 2497; x_wconf 90' lang='lat' dir='ltr'><strong>i.</strong></span> <span class='ocrx_word' id='word_1_203' title='bbox 2249 2456 2303 2497; x_wconf 89' lang='lat' dir='ltr'><strong>e.</strong></span> <span class='ocrx_word' id='word_1_204' title='bbox 2347 2456 2495 2497; x_wconf 88' lang='lat' dir='ltr'><strong>cum</strong></span> <span class='ocrx_word' id='word_1_205' title='bbox 2538 2431 2793 2499; x_wconf 78' lang='lat' dir='ltr'><strong>Caesari</strong></span> <span class='ocrx_word' id='word_1_206' title='bbox 2871 2484 2872 2497; x_wconf 24' lang='grc' dir='ltr'>ι</span> 
     </span>
     <span class='ocr_line' id='line_1_21' title="bbox 473 2541 2872 2625; baseline 0.002 -20"><span class='ocrx_word' id='word_1_207' title='bbox 473 2542 688 2605; x_wconf 86' lang='lat' dir='ltr'><strong>omnia</strong></span> <span class='ocrx_word' id='word_1_208' title='bbox 731 2542 981 2605; x_wconf 85' lang='lat' dir='ltr'><strong>curulia</strong></span> <span class='ocrx_word' id='word_1_209' title='bbox 1026 2541 1283 2605; x_wconf 90' lang='lat' dir='ltr'><strong>comitia</strong></span> <span class='ocrx_word' id='word_1_210' title='bbox 1324 2542 1789 2625; x_wconf 90' lang='lat' dir='ltr'><strong>permisissent,</strong></span> <span class='ocrx_word' id='word_1_211' title='bbox 1840 2541 1993 2625; x_wconf 89' lang='lat' dir='ltr'><strong>quia</strong></span> <span class='ocrx_word' id='word_1_212' title='bbox 2034 2541 2143 2605; x_wconf 90' lang='lat' dir='ltr'><strong>ille</strong></span> <span class='ocrx_word' id='word_1_213' title='bbox 2188 2542 2256 2604; x_wconf 89' lang='lat' dir='ltr'><strong>in</strong></span> <span class='ocrx_word' id='word_1_214' title='bbox 2298 2542 2467 2606; x_wconf 93' lang='lat' dir='ltr'><strong>bello</strong></span> <span class='ocrx_word' id='word_1_215' title='bbox 2512 2542 2793 2605; x_wconf 85' lang='lat' dir='ltr'><strong>Alexan·</strong></span> <span class='ocrx_word' id='word_1_216' title='bbox 2870 2604 2872 2609; x_wconf 87' lang='lat'><em>.</em></span> 
     </span>
     <span class='ocr_line' id='line_1_22' title="bbox 474 2649 2872 2791; baseline 0.001 -78"><span class='ocrx_word' id='word_1_217' title='bbox 474 2650 694 2726; x_wconf 87' lang='lat' dir='ltr'><strong>drin0,</strong></span> <span class='ocrx_word' id='word_1_218' title='bbox 755 2649 990 2713; x_wconf 86' lang='lat' dir='ltr'><strong>deinde</strong></span> <span class='ocrx_word' id='word_1_219' title='bbox 1036 2649 1310 2715; x_wconf 89' lang='lat' dir='ltr'><strong>Pontico</strong></span> <span class='ocrx_word' id='word_1_220' title='bbox 1349 2650 1603 2727; x_wconf 88' lang='lat' dir='ltr'><strong>aberat,</strong></span> <span class='ocrx_word' id='word_1_221' title='bbox 1666 2651 1808 2735; x_wconf 90' lang='lat' dir='ltr'><strong>ipsa</strong></span> <span class='ocrx_word' id='word_1_222' title='bbox 1852 2650 2109 2714; x_wconf 88' lang='lat' dir='ltr'><strong>comitia</strong></span> <span class='ocrx_word' id='word_1_223' title='bbox 2150 2651 2219 2713; x_wconf 94' lang='lat' dir='ltr'><strong>in</strong></span> <span class='ocrx_word' id='word_1_224' title='bbox 2258 2651 2617 2715; x_wconf 86' lang='lat' dir='ltr'><strong>adventum</strong></span> <span class='ocrx_word' id='word_1_225' title='bbox 2666 2652 2799 2715; x_wconf 85' lang='lat' dir='ltr'><strong>eius</strong></span> <span class='ocrx_word' id='word_1_226' title='bbox 2841 2693 2872 2791; x_wconf 47' lang='lat'><strong>⁴</strong></span> 
     </span>
     <span class='ocr_line' id='line_1_23' title="bbox 473 2758 2873 2847; baseline 0.001 -26"><span class='ocrx_word' id='word_1_227' title='bbox 473 2758 515 2821; x_wconf 91' lang='lat' dir='ltr'><strong>i.</strong></span> <span class='ocrx_word' id='word_1_228' title='bbox 562 2781 616 2823; x_wconf 89' lang='lat' dir='ltr'><strong>e.</strong></span> <span class='ocrx_word' id='word_1_229' title='bbox 667 2758 733 2821; x_wconf 90' lang='lat' dir='ltr'><strong>in</strong></span> <span class='ocrx_word' id='word_1_230' title='bbox 789 2767 1130 2822; x_wconf 87' lang='lat' dir='ltr'><strong>exeuntem</strong></span> <span class='ocrx_word' id='word_1_231' title='bbox 1189 2781 1429 2823; x_wconf 88' lang='lat' dir='ltr'><strong>annum</strong></span> <span class='ocrx_word' id='word_1_232' title='bbox 1478 2760 1580 2834; x_wconf 83' lang='lat'><strong>47,</strong></span> <span class='ocrx_word' id='word_1_233' title='bbox 1644 2782 1792 2823; x_wconf 91' lang='lat' dir='ltr'><strong>cum</strong></span> <span class='ocrx_word' id='word_1_234' title='bbox 1832 2758 2165 2823; x_wconf 79' lang='lat' dir='ltr'><strong>Pharnace</strong></span> <span class='ocrx_word' id='word_1_235' title='bbox 2224 2759 2393 2823; x_wconf 89' lang='lat' dir='ltr'><strong>victo</strong></span> <span class='ocrx_word' id='word_1_236' title='bbox 2436 2760 2506 2823; x_wconf 90' lang='lat' dir='ltr'><strong>in</strong></span> <span class='ocrx_word' id='word_1_237' title='bbox 2554 2761 2799 2825; x_wconf 84' lang='lat' dir='ltr'><strong>Italiam</strong></span> <span class='ocrx_word' id='word_1_238' title='bbox 2870 2812 2873 2847; x_wconf 60' lang='lat'>7</span> 
     </span>
     <span class='ocr_line' id='line_1_24' title="bbox 473 2864 2873 2957; baseline 0.001 -27"><span class='ocrx_word' id='word_1_239' title='bbox 473 2867 684 2943; x_wconf 89' lang='lat' dir='ltr'><strong>rediit,</strong></span> <span class='ocrx_word' id='word_1_240' title='bbox 728 2867 1138 2932; x_wconf 89' lang='lat' dir='ltr'><strong>distulerunt.</strong></span> <span class='ocrx_word' id='word_1_241' title='bbox 1223 2866 1391 2931; x_wconf 89' lang='lat' dir='ltr'><strong>Nam</strong></span> <span class='ocrx_word' id='word_1_242' title='bbox 1435 2868 1683 2931; x_wconf 88' lang='lat' dir='ltr'><strong>etiamsi</strong></span> <span class='ocrx_word' id='word_1_243' title='bbox 1730 2864 1973 2931; x_wconf 88' lang='lat' dir='ltr'><strong>Caesar</strong></span> <span class='ocrx_word' id='word_1_244' title='bbox 2014 2868 2344 2933; x_wconf 89' lang='lat' dir='ltr'><strong>decretum</strong></span> <span class='ocrx_word' id='word_1_245' title='bbox 2388 2867 2517 2933; x_wconf 90' lang='lat' dir='ltr'><strong>sibi</strong></span> <span class='ocrx_word' id='word_1_246' title='bbox 2568 2892 2797 2933; x_wconf 88' lang='lat' dir='ltr'><strong>consu·</strong></span> <span class='ocrx_word' id='word_1_247' title='bbox 2870 2922 2873 2957; x_wconf 41' lang='lat'>5</span> 
     </span>
     <span class='ocr_line' id='line_1_25' title="bbox 471 2976 2797 3061; baseline 0 -21"><span class='ocrx_word' id='word_1_248' title='bbox 471 2976 673 3041; x_wconf 90' lang='lat' dir='ltr'><strong>latum</strong></span> <span class='ocrx_word' id='word_1_249' title='bbox 711 2976 860 3040; x_wconf 88' lang='lat' dir='ltr'><strong>anni</strong></span> <span class='ocrx_word' id='word_1_250' title='bbox 901 2976 978 3040; x_wconf 77' lang='lat'><strong>47</strong></span> <span class='ocrx_word' id='word_1_251' title='bbox 1023 2976 1284 3060; x_wconf 90' lang='lat' dir='ltr'><strong>recepit,</strong></span> <span class='ocrx_word' id='word_1_252' title='bbox 1330 2986 1541 3041; x_wconf 85' lang='lat' dir='ltr'><strong>tamen</strong></span> <span class='ocrx_word' id='word_1_253' title='bbox 1588 2986 1650 3039; x_wconf 89' lang='lat' dir='ltr'><strong>et</strong></span> <span class='ocrx_word' id='word_1_254' title='bbox 1694 2976 1945 3061; x_wconf 83' lang='lat' dir='ltr'><strong>collega</strong></span> <span class='ocrx_word' id='word_1_255' title='bbox 1980 2977 2121 3041; x_wconf 89' lang='lat' dir='ltr'><strong>eius</strong></span> <span class='ocrx_word' id='word_1_256' title='bbox 2166 2987 2228 3041; x_wconf 88' lang='lat' dir='ltr'><strong>et</strong></span> <span class='ocrx_word' id='word_1_257' title='bbox 2267 2976 2497 3059; x_wconf 87' lang='lat' dir='ltr'><strong>reliqui</strong></span> <span class='ocrx_word' id='word_1_258' title='bbox 2544 2979 2797 3041; x_wconf 90' lang='lat' dir='ltr'><strong>curules</strong></span> 
     </span>
     <span class='ocr_line' id='line_1_26' title="bbox 474 3083 2873 3173; baseline 0 -24"><span class='ocrx_word' id='word_1_259' title='bbox 474 3084 890 3169; x_wconf 85' lang='lat' dir='ltr'><strong>magistratus</strong></span> <span class='ocrx_word' id='word_1_260' title='bbox 933 3084 1194 3148; x_wconf 86' lang='lat' dir='ltr'><strong>creandi</strong></span> <span class='ocrx_word' id='word_1_261' title='bbox 1237 3095 1446 3161; x_wconf 82' lang='lat' dir='ltr'><strong>erant3</strong></span> <span class='ocrx_word' id='word_1_262' title='bbox 1494 3086 1611 3149; x_wconf 90' lang='lat' dir='ltr'><strong>sed</strong></span> <span class='ocrx_word' id='word_1_263' title='bbox 1650 3085 1841 3149; x_wconf 89' lang='lat' dir='ltr'><strong>etiam</strong></span> <span class='ocrx_word' id='word_1_264' title='bbox 1879 3083 2039 3149; x_wconf 88' lang='lat' dir='ltr'><strong>illud</strong></span> <span class='ocrx_word' id='word_1_265' title='bbox 2072 3085 2422 3167; x_wconf 86' lang='lat' dir='ltr'><strong>quaeritur,</strong></span> <span class='ocrx_word' id='word_1_266' title='bbox 2466 3108 2629 3149; x_wconf 90' lang='lat' dir='ltr'><strong>num</strong></span> <span class='ocrx_word' id='word_1_267' title='bbox 2657 3109 2797 3149; x_wconf 87' lang='lat' dir='ltr'><strong>con·</strong></span> <span class='ocrx_word' id='word_1_268' title='bbox 2870 3162 2873 3173; x_wconf 89' lang='lat'><strong>.</strong></span> 
     </span>
     <span class='ocr_line' id='line_1_27' title="bbox 476 3192 2873 3281; baseline 0 -24"><span class='ocrx_word' id='word_1_269' title='bbox 476 3192 756 3257; x_wconf 88' lang='lat' dir='ltr'><strong>sulatum</strong></span> <span class='ocrx_word' id='word_1_270' title='bbox 799 3202 954 3255; x_wconf 89' lang='lat' dir='ltr'><strong>tunc</strong></span> <span class='ocrx_word' id='word_1_271' title='bbox 991 3192 1325 3275; x_wconf 87' lang='lat' dir='ltr'><strong>receperit,</strong></span> <span class='ocrx_word' id='word_1_272' title='bbox 1369 3214 1497 3274; x_wconf 91' lang='lat' dir='ltr'><strong>qua</strong></span> <span class='ocrx_word' id='word_1_273' title='bbox 1540 3192 1621 3255; x_wconf 89' lang='lat' dir='ltr'><strong>de</strong></span> <span class='ocrx_word' id='word_1_274' title='bbox 1652 3216 1721 3257; x_wconf 91' lang='lat' dir='ltr'><strong>re</strong></span> <span class='ocrx_word' id='word_1_275' title='bbox 1749 3206 1973 3275; x_wconf 86' lang='lat' dir='ltr'><strong>postea</strong></span> <span class='ocrx_word' id='word_1_276' title='bbox 2003 3193 2503 3277; x_wconf 85' lang='lat' dir='ltr'><strong>disputabimus.</strong></span> <span class='ocrx_word' id='word_1_277' title='bbox 2576 3194 2797 3259; x_wconf 83' lang='lat' dir='ltr'><strong>Dicta-</strong></span> <span class='ocrx_word' id='word_1_278' title='bbox 2867 3249 2873 3281; x_wconf 84' lang='lat'><strong>·:</strong></span> 
     </span>
     <span class='ocr_line' id='line_1_28' title="bbox 474 3296 2872 3382; baseline 0.003 -21"><span class='ocrx_word' id='word_1_279' title='bbox 474 3310 656 3363; x_wconf 88' lang='lat' dir='ltr'><strong>turae</strong></span> <span class='ocrx_word' id='word_1_280' title='bbox 701 3296 965 3382; x_wconf 88' lang='lat' dir='ltr'><strong>quidem</strong></span> <span class='ocrx_word' id='word_1_281' title='bbox 1011 3297 1270 3363; x_wconf 83' lang='lat' dir='ltr'><strong>diversa</strong></span> <span class='ocrx_word' id='word_1_282' title='bbox 1310 3299 1392 3363; x_wconf 90' lang='lat' dir='ltr'><strong>ab</strong></span> <span class='ocrx_word' id='word_1_283' title='bbox 1439 3302 1780 3365; x_wconf 84' lang='lat' dir='ltr'><strong>consulatu</strong></span> <span class='ocrx_word' id='word_1_284' title='bbox 1826 3314 1961 3365; x_wconf 88' lang='lat' dir='ltr'><strong>erat</strong></span> <span class='ocrx_word' id='word_1_285' title='bbox 2002 3302 2184 3365; x_wconf 88' lang='lat' dir='ltr'><strong>ratio.</strong></span> <span class='ocrx_word' id='word_1_286' title='bbox 2254 3302 2420 3365; x_wconf 88' lang='lat' dir='ltr'><strong>Eam</strong></span> <span class='ocrx_word' id='word_1_287' title='bbox 2457 3312 2619 3367; x_wconf 86' lang='lat' dir='ltr'><strong>tunc</strong></span> <span class='ocrx_word' id='word_1_288' title='bbox 2660 3327 2795 3367; x_wconf 90' lang='lat' dir='ltr'><strong>cum</strong></span> <span class='ocrx_word' id='word_1_289' title='bbox 2870 3357 2872 3367; x_wconf 81' lang='grc'>,</span> 
     </span>
     <span class='ocr_line' id='line_1_29' title="bbox 473 3406 2872 3493; baseline 0.003 -24"><span class='ocrx_word' id='word_1_290' title='bbox 473 3408 618 3472; x_wconf 91' lang='lat' dir='ltr'><strong>illos</strong></span> <span class='ocrx_word' id='word_1_291' title='bbox 659 3406 936 3471; x_wconf 88' lang='lat' dir='ltr'><strong>honores</strong></span> <span class='ocrx_word' id='word_1_292' title='bbox 977 3407 1460 3491; x_wconf 87' lang='lat' dir='ltr'><strong>adipisceretur,</strong></span> <span class='ocrx_word' id='word_1_293' title='bbox 1508 3432 1637 3473; x_wconf 92' lang='lat' dir='ltr'><strong>non</strong></span> <span class='ocrx_word' id='word_1_294' title='bbox 1683 3409 1949 3493; x_wconf 86' lang='lat' dir='ltr'><strong>gerebat</strong></span> <span class='ocrx_word' id='word_1_295' title='bbox 1986 3433 2197 3493; x_wconf 88' lang='lat' dir='ltr'><strong>neque</strong></span> <span class='ocrx_word' id='word_1_296' title='bbox 2239 3412 2495 3491; x_wconf 85' lang='lat' dir='ltr'><strong>omnino</strong></span> <span class='ocrx_word' id='word_1_297' title='bbox 2544 3435 2623 3475; x_wconf 84' lang='lat' dir='ltr'><strong>ea</strong></span> <span class='ocrx_word' id='word_1_298' title='bbox 2667 3413 2795 3475; x_wconf 87' lang='lat' dir='ltr'><strong>eius</strong></span> <span class='ocrx_word' id='word_1_299' title='bbox 2870 3468 2872 3475; x_wconf 74' lang='grc'>,</span> 
     </span>
     <span class='ocr_line' id='line_1_30' title="bbox 477 3499 2872 3605; baseline 0.002 -26"><span class='ocrx_word' id='word_1_300' title='bbox 477 3527 615 3579; x_wconf 89' lang='lat' dir='ltr'><strong>erat</strong></span> <span class='ocrx_word' id='word_1_301' title='bbox 655 3526 916 3590; x_wconf 87' lang='lat' dir='ltr'><strong>natura,</strong></span> <span class='ocrx_word' id='word_1_302' title='bbox 978 3526 1050 3579; x_wconf 90' lang='lat' dir='ltr'><strong>ut</strong></span> <span class='ocrx_word' id='word_1_303' title='bbox 1095 3527 1206 3581; x_wconf 89' lang='lat' dir='ltr'><strong>aut</strong></span> <span class='ocrx_word' id='word_1_304' title='bbox 1251 3518 1427 3581; x_wconf 84' lang='lat' dir='ltr'><strong>exitu</strong></span> <span class='ocrx_word' id='word_1_305' title='bbox 1471 3519 1618 3581; x_wconf 90' lang='lat' dir='ltr'><strong>anni</strong></span> <span class='ocrx_word' id='word_1_306' title='bbox 1660 3518 1954 3582; x_wconf 87' lang='lat' dir='ltr'><strong>finiretur</strong></span> <span class='ocrx_word' id='word_1_307' title='bbox 1994 3529 2107 3581; x_wconf 89' lang='lat' dir='ltr'><strong>aut</strong></span> <span class='ocrx_word' id='word_1_308' title='bbox 2150 3528 2325 3583; x_wconf 89' lang='lat' dir='ltr'><strong>certa</strong></span> <span class='ocrx_word' id='word_1_309' title='bbox 2363 3518 2471 3583; x_wconf 86' lang='lat' dir='ltr'><strong>die</strong></span> <span class='ocrx_word' id='word_1_310' title='bbox 2496 3521 2795 3605; x_wconf 85' lang='lat' dir='ltr'><strong>suscipe·-</strong></span> <span class='ocrx_word' id='word_1_311' title='bbox 2871 3499 2872 3504; x_wconf 8' lang='grc' dir='ltr'>ἵ</span> 
     </span>
     <span class='ocr_line' id='line_1_31' title="bbox 473 3626 2795 3711; baseline 0.002 -24"><span class='ocrx_word' id='word_1_312' title='bbox 473 3634 683 3700; x_wconf 88' lang='lat' dir='ltr'><strong>retur,</strong></span> <span class='ocrx_word' id='word_1_313' title='bbox 741 3634 991 3708; x_wconf 87' lang='lat' dir='ltr'><strong>poterat</strong></span> <span class='ocrx_word' id='word_1_314' title='bbox 1039 3626 1242 3711; x_wconf 87' lang='lat' dir='ltr'><strong>igitur</strong></span> <span class='ocrx_word' id='word_1_315' title='bbox 1287 3627 1497 3689; x_wconf 86' lang='lat' dir='ltr'><strong>statim</strong></span> <span class='ocrx_word' id='word_1_316' title='bbox 1540 3637 1875 3711; x_wconf 87' lang='lat' dir='ltr'><strong>postquam</strong></span> <span class='ocrx_word' id='word_1_317' title='bbox 1919 3628 2181 3693; x_wconf 85' lang='lat' dir='ltr'><strong>decreta</strong></span> <span class='ocrx_word' id='word_1_318' title='bbox 2216 3638 2383 3703; x_wconf 88' lang='lat' dir='ltr'><strong>erat,</strong></span> <span class='ocrx_word' id='word_1_319' title='bbox 2436 3628 2607 3691; x_wconf 88' lang='lat' dir='ltr'><strong>iniri.</strong></span> <span class='ocrx_word' id='word_1_320' title='bbox 2702 3631 2795 3693; x_wconf 89' lang='lat' dir='ltr'><strong>Ac</strong></span> 
     </span>
     <span class='ocr_line' id='line_1_32' title="bbox 477 3732 2795 3821; baseline 0.001 -26"><span class='ocrx_word' id='word_1_321' title='bbox 477 3732 571 3795; x_wconf 83' lang='lat' dir='ltr'><strong>sic</strong></span> <span class='ocrx_word' id='word_1_322' title='bbox 629 3742 847 3795; x_wconf 82' lang='lat' dir='ltr'><strong>narrat</strong></span> <span class='ocrx_word' id='word_1_323' title='bbox 911 3732 1042 3797; x_wconf 86' lang='lat' dir='ltr'><strong>Dio</strong></span> <span class='ocrx_word' id='word_1_324' title='bbox 1094 3734 1337 3810; x_wconf 87' lang='lat' dir='ltr'><strong>XLII,</strong></span> <span class='ocrx_word' id='word_1_325' title='bbox 1395 3734 1510 3799; x_wconf 78' lang='lat'><strong>21:</strong></span> <span class='ocrx_word' id='word_1_326' title='bbox 1584 3732 1771 3797; x_wconf 80' lang='grc' dir='ltr'>Ταῦτ’</span> <span class='ocrx_word' id='word_1_327' title='bbox 1824 3734 1929 3797; x_wconf 73' lang='grc' dir='ltr'><strong>οὖν</strong></span> <span class='ocrx_word' id='word_1_328' title='bbox 1982 3738 2143 3799; x_wconf 77' lang='grc' dir='ltr'>οὕτω</span> <span class='ocrx_word' id='word_1_329' title='bbox 2191 3739 2291 3799; x_wconf 86' lang='grc' dir='ltr'>καὶ</span> <span class='ocrx_word' id='word_1_330' title='bbox 2338 3738 2658 3821; x_wconf 72' lang='grc' dir='ltr'>ἐψηφίσθη</span> <span class='ocrx_word' id='word_1_331' title='bbox 2704 3742 2795 3801; x_wconf 84' lang='grc' dir='ltr'>καὶ</span> 
     </span>
     <span class='ocr_line' id='line_1_33' title="bbox 478 3839 2791 3929; baseline 0.004 -28"><span class='ocrx_word' id='word_1_332' title='bbox 478 3839 795 3921; x_wconf 79' lang='grc' dir='ltr'>ἐκυρώθη·</span> <span class='ocrx_word' id='word_1_333' title='bbox 863 3840 1040 3903; x_wconf 82' lang='grc' dir='ltr'>καὶὸ</span> <span class='ocrx_word' id='word_1_334' title='bbox 1084 3864 1150 3905; x_wconf 82' lang='grc' dir='ltr'>τε</span> <span class='ocrx_word' id='word_1_335' title='bbox 1189 3842 1429 3924; x_wconf 84' lang='grc' dir='ltr'>Καῖσαρ</span> <span class='ocrx_word' id='word_1_336' title='bbox 1494 3844 1598 3926; x_wconf 81' lang='grc' dir='ltr'>τὴν</span> <span class='ocrx_word' id='word_1_337' title='bbox 1660 3844 2055 3926; x_wconf 82' lang='grc' dir='ltr'>δικτατωρίαν</span> <span class='ocrx_word' id='word_1_338' title='bbox 2110 3849 2525 3928; x_wconf 81' lang='grc' dir='ltr'>παραχρῆμα,</span> <span class='ocrx_word' id='word_1_339' title='bbox 2584 3850 2791 3929; x_wconf 82' lang='grc' dir='ltr'>καίπερ</span> 
     </span>
     <span class='ocr_line' id='line_1_34' title="bbox 479 3945 2795 4039; baseline 0.003 -30"><span class='ocrx_word' id='word_1_340' title='bbox 479 3945 598 4015; x_wconf 76' lang='grc' dir='ltr'><strong>ἔξω</strong></span> <span class='ocrx_word' id='word_1_341' title='bbox 634 3951 740 4027; x_wconf 76' lang='grc' dir='ltr'>τῆς</span> <span class='ocrx_word' id='word_1_342' title='bbox 769 3945 1028 4016; x_wconf 83' lang='grc' dir='ltr'>Ἰταλίας</span> <span class='ocrx_word' id='word_1_343' title='bbox 1068 3950 1174 4027; x_wconf 81' lang='grc' dir='ltr'><strong>ὢν,</strong></span> <span class='ocrx_word' id='word_1_344' title='bbox 1221 3951 1444 4033; x_wconf 83' lang='grc' dir='ltr'>ὑπέστη</span> <span class='ocrx_word' id='word_1_345' title='bbox 1478 3952 1579 4012; x_wconf 89' lang='grc' dir='ltr'>καὶ</span> <span class='ocrx_word' id='word_1_346' title='bbox 1608 3954 1707 4014; x_wconf 84' lang='grc' dir='ltr'>τὸν</span> <span class='ocrx_word' id='word_1_347' title='bbox 1740 3951 2067 4027; x_wconf 81' lang='grc' dir='ltr'>Ἀντώνιον</span> <span class='ocrx_word' id='word_1_348' title='bbox 2110 3954 2268 4034; x_wconf 85' lang='grc' dir='ltr'>μηδὲ</span> <span class='ocrx_word' id='word_1_349' title='bbox 2312 3953 2795 4039; x_wconf 79' lang='grc' dir='ltr'>ἐστρατηγηκότα</span> 
     </span>
     <span class='ocr_line' id='line_1_35' title="bbox 477 4053 2789 4144; baseline 0.003 -29"><span class='ocrx_word' id='word_1_350' title='bbox 477 4053 779 4138; x_wconf 73' lang='grc' dir='ltr'>ἵππαρχον</span> <span class='ocrx_word' id='word_1_351' title='bbox 843 4056 1319 4141; x_wconf 80' lang='grc' dir='ltr'>προςελόμενος·</span> <span class='ocrx_word' id='word_1_352' title='bbox 1387 4060 1489 4121; x_wconf 90' lang='grc' dir='ltr'>καὶ</span> <span class='ocrx_word' id='word_1_353' title='bbox 1550 4058 1749 4121; x_wconf 74' lang='grc' dir='ltr'>εἵπετο</span> <span class='ocrx_word' id='word_1_354' title='bbox 1810 4060 1981 4144; x_wconf 71' lang='grc' dir='ltr'>αὐτῷ</span> <span class='ocrx_word' id='word_1_355' title='bbox 2028 4062 2059 4122; x_wconf 84' lang='grc' dir='ltr'>ὁ</span> <span class='ocrx_word' id='word_1_356' title='bbox 2112 4061 2369 4140; x_wconf 76' lang='grc' dir='ltr'>ὕπατος,</span> <span class='ocrx_word' id='word_1_357' title='bbox 2434 4063 2633 4123; x_wconf 82' lang='grc' dir='ltr'>καίτοι</span> <span class='ocrx_word' id='word_1_358' title='bbox 2684 4068 2789 4125; x_wconf 85' lang='grc' dir='ltr'>τῶν</span> 
     </span>
     <span class='ocr_line' id='line_1_36' title="bbox 479 4163 2788 4250; baseline 0.003 -27"><span class='ocrx_word' id='word_1_359' title='bbox 479 4164 808 4225; x_wconf 82' lang='grc' dir='ltr'>οἰωνιστῶν</span> <span class='ocrx_word' id='word_1_360' title='bbox 855 4163 1242 4247; x_wconf 84' lang='grc' dir='ltr'>σφροδότατα</span> <span class='ocrx_word' id='word_1_361' title='bbox 1289 4166 1716 4242; x_wconf 82' lang='grc' dir='ltr'>ἀντειπόντων,</span> <span class='ocrx_word' id='word_1_362' title='bbox 1760 4169 1973 4250; x_wconf 80' lang='grc' dir='ltr'>μηδενὶ</span> <span class='ocrx_word' id='word_1_363' title='bbox 2020 4170 2243 4237; x_wconf 73' lang='grc' dir='ltr'>ἐξεῖναι</span> <span class='ocrx_word' id='word_1_364' title='bbox 2276 4171 2490 4231; x_wconf 83' lang='grc' dir='ltr'>πλεῖον</span> <span class='ocrx_word' id='word_1_365' title='bbox 2526 4176 2635 4233; x_wconf 77' lang='grc' dir='ltr'>τοῦ</span> <span class='ocrx_word' id='word_1_366' title='bbox 2675 4172 2788 4239; x_wconf 75' lang='grc' dir='ltr'>ἑξα-</span> 
     </span>
     <span class='ocr_line' id='line_1_37' title="bbox 479 4270 2872 4371; baseline 0.004 -41"><span class='ocrx_word' id='word_1_367' title='bbox 479 4271 672 4353; x_wconf 81' lang='grc' dir='ltr'>μήνου</span> <span class='ocrx_word' id='word_1_368' title='bbox 732 4270 958 4354; x_wconf 89' lang='grc' dir='ltr'>χρόνου</span> <span class='ocrx_word' id='word_1_369' title='bbox 1021 4274 1420 4355; x_wconf 79' lang='grc' dir='ltr'>ἱππαρχῆσαι.</span> <span class='ocrx_word' id='word_1_370' title='bbox 1508 4273 1644 4335; x_wconf 82' lang='grc' dir='ltr'>ἀλλ’</span> <span class='ocrx_word' id='word_1_371' title='bbox 1712 4276 1934 4337; x_wconf 81' lang='grc' dir='ltr'>ἐκεῖνοι</span> <span class='ocrx_word' id='word_1_372' title='bbox 1994 4277 2101 4358; x_wconf 80' lang='grc' dir='ltr'><strong>μὲν</strong></span> <span class='ocrx_word' id='word_1_373' title='bbox 2158 4276 2401 4358; x_wconf 79' lang='grc' dir='ltr'>γέλωτα</span> <span class='ocrx_word' id='word_1_374' title='bbox 2460 4278 2559 4340; x_wconf 83' lang='grc' dir='ltr'><strong>ἐπὶ</strong></span> <span class='ocrx_word' id='word_1_375' title='bbox 2605 4280 2788 4359; x_wconf 81' lang='grc' dir='ltr'>τούτῳ</span> <span class='ocrx_word' id='word_1_376' title='bbox 2871 4318 2872 4371; x_wconf 64' lang='lat'>{</span> 
     </span>
     <span class='ocr_line' id='line_1_38' title="bbox 477 4376 2872 4469; baseline 0.005 -32"><span class='ocrx_word' id='word_1_377' title='bbox 477 4376 666 4438; x_wconf 75' lang='grc' dir='ltr'>πολὺν</span> <span class='ocrx_word' id='word_1_378' title='bbox 725 4379 1149 4461; x_wconf 83' lang='grc' dir='ltr'>ὠφλίσκανον,</span> <span class='ocrx_word' id='word_1_379' title='bbox 1213 4380 1392 4441; x_wconf 84' lang='grc' dir='ltr'>αὐτὸν</span> <span class='ocrx_word' id='word_1_380' title='bbox 1457 4382 1565 4462; x_wconf 82' lang='grc' dir='ltr'><strong>μὲν</strong></span> <span class='ocrx_word' id='word_1_381' title='bbox 1624 4383 1723 4443; x_wconf 86' lang='grc' dir='ltr'>τὸν</span> <span class='ocrx_word' id='word_1_382' title='bbox 1788 4384 2127 4466; x_wconf 79' lang='grc' dir='ltr'>δικτάτωρα</span> <span class='ocrx_word' id='word_1_383' title='bbox 2178 4385 2265 4451; x_wconf 84' lang='grc' dir='ltr'><strong>εἰς</strong></span> <span class='ocrx_word' id='word_1_384' title='bbox 2311 4384 2589 4449; x_wconf 82' lang='grc' dir='ltr'>ἐνιαυτὸν</span> <span class='ocrx_word' id='word_1_385' title='bbox 2636 4385 2785 4469; x_wconf 85' lang='grc' dir='ltr'>παρὰ</span> <span class='ocrx_word' id='word_1_386' title='bbox 2870 4378 2872 4395; x_wconf 48' lang='lat'><strong>¹</strong></span> 
     </span>
    </p>
   </div>
  </div>
 </body>
</html>
