2917 5017
402 323 526 391 254
1060 328 1141 377 De
1176 328 1436 377 dictatoris
1476 327 1713 378 Caesaris
1753 326 2055 377 honoribus.

402 500 710 576 petratam
769 512 912 556 esse
971 491 1034 559 ἐς
1085 490 1277 573 ἄνδρα
1338 490 1501 575 ἱερὸν
1558 491 1659 552 καὶ
1720 489 1978 565 ἄσυλον;
2040 488 2227 553 etiam
2270 487 2507 551 Livius
2574 488 2721 573 epit.

405 596 637 664 CXVI
697 608 1172 664 sacrosanctum
1225 618 1367 661 esse
1424 596 1783 661 iudicatum
1836 595 2076 661 scribit.
2158 592 2381 674 Quid?
2461 593 2543 656 In
2588 592 2725 658 iure

403 707 745 772 tribunicio
791 728 1000 770 nonne
1046 726 1298 791 semper
1337 705 1463 770 hoc
1502 704 1910 790 potissimum
1954 724 2031 766 ac
2066 700 2251 785 quasi
2284 699 2729 764 necessarium

401 814 632 891 fuerat,
689 825 763 878 ut
829 813 910 879 ad
985 813 1116 877 vim
1180 812 1456 898 cogendi
1512 810 1901 877 sacrosancti
1960 832 2102 875 esse
2167 808 2729 873 existimarentur?

405 922 647 1003 Quare,
697 944 846 987 cum
891 922 1154 987 haberet
1193 921 1262 983 id
1301 917 1546 985 Caesar
1578 919 1707 984 iam
1736 941 1817 984 ex
1855 930 2069 983 vetere
2094 918 2203 982 illo
2231 916 2519 992 decret0,
2556 916 2733 999 quod

403 1052 572 1094 anno
602 1030 682 1094 46
723 1032 966 1094 factum
1010 1041 1164 1106 erat,
1209 1028 1533 1113 quomodo
1575 1028 1809 1092 iterum
1840 1026 2099 1091 decerni
2127 1024 2385 1111 potuit?
2442 1023 2734 1088 Necesse

403 1137 604 1223 igitur
648 1149 747 1203 est
783 1138 928 1223 plus
977 1137 1202 1202 datum
1242 1137 1302 1201 ei
1342 1138 1426 1202 sit
1468 1158 1662 1221 quam
1706 1138 1831 1221 ipsi
1869 1134 2111 1199 tribuni
2147 1132 2355 1219 plebis
2379 1131 2731 1208 habebant,

403 1268 525 1310 nec
571 1246 706 1310 scio
747 1246 903 1330 quid
943 1246 1066 1309 hoc
1111 1268 1254 1311 esse
1301 1244 1507 1331 possit
1551 1244 1678 1308 nisi
1724 1243 1899 1328 quod
1944 1244 2051 1308 lex
2092 1255 2357 1317 sacrata,
2403 1264 2579 1325 quae
2620 1242 2730 1304 tri-

407 1352 730 1417 hunorum
769 1374 1002 1438 corpus
1045 1354 1112 1416 in
1153 1352 1316 1418 urbe
1360 1354 1505 1439 ipsa
1530 1374 1815 1439 agroque
1845 1352 2137 1417 Romano
2167 1349 2521 1427 tutabatur,
2568 1346 2731 1413 Cae·

407 1462 568 1525 saris
599 1482 794 1526 causa
821 1483 936 1545 per
965 1472 1170 1525 totum
1199 1461 1537 1545 imperium
1564 1460 1927 1525 Romanum
1955 1472 2311 1545 propagata
2334 1470 2454 1523 est.
2498 1457 2729 1542 Neque

401 1571 572 1636 enim
615 1571 888 1636 dubium
933 1580 1050 1646 est,
1097 1569 1256 1655 quin
1297 1568 1702 1633 tribunorum
1746 1580 1819 1633 ut
1858 1579 1991 1633 tota
2028 1579 2315 1655 potestas
2358 1568 2545 1633 urbis
2590 1568 2730 1631 fini-

405 1679 530 1743 bus
573 1679 1014 1753 coercebatur,
1075 1686 1256 1741 extra
1296 1699 1493 1761 quam
1551 1676 1605 1741 si
1649 1677 1808 1761 quid
1858 1677 2204 1761 aliquando
2251 1676 2543 1762 gessisse
2586 1698 2729 1739 nar-

401 1798 644 1864 rantur,
691 1810 773 1851 an
815 1787 1072 1873 propria
1108 1786 1254 1869 lege
1303 1784 1402 1849 vel
1447 1796 1705 1849 senatus
1748 1787 2043 1850 consulto
2082 1786 2287 1863 orn-ati
2340 1786 2471 1849 sint
2516 1784 2729 1850 nesci-

402 1920 568 1972 mus,
622 1897 710 1961 ita
759 1894 1046 1979 corporis
1102 1893 1404 1962 sanctitas
1457 1894 1541 1957 ad
1591 1895 1874 1971 eosdem,
1934 1894 2177 1979 quibus
2236 1904 2525 1980 potestas
2574 1916 2727 1959 con-

399 2004 746 2080 tinebatur,
791 2003 952 2067 fines
1009 2002 1408 2087 pertinuerit,
1465 2024 1673 2087 neque
1724 2002 1779 2067 si
1821 2024 2009 2067 nemo
2052 2013 2345 2067 veterum
2396 2001 2467 2065 id
2506 2002 2727 2078 tradit,

399 2135 657 2177 movere
709 2133 826 2177 nos
878 2110 1106 2187 debet;
1169 2112 1488 2195 siquidem
1534 2134 1683 2176 cum
1734 2134 1815 2175 ne
1875 2111 2187 2176 excedere
2237 2110 2502 2195 quidem
2561 2110 2727 2175 urbe

397 2220 674 2285 tribunis
718 2220 954 2295 liceret,
999 2219 1483 2284 commemorari
1526 2220 1702 2304 quod
1743 2220 2037 2285 accidere
2082 2242 2415 2305 nunquam
2449 2232 2727 2306 poterat,

396 2328 622 2392 inutile
667 2342 820 2393 erat.
897 2325 1243 2393 Caesarem
1290 2350 1440 2393 vero
1490 2329 1679 2394 etiam
1719 2342 1899 2393 extra
1940 2326 2168 2393 urbem
2202 2329 2545 2393 sanctitate
2584 2351 2729 2395 cor-

395 2438 570 2521 poris
627 2438 842 2503 ornari
896 2459 1062 2522 opus
1119 2448 1276 2511 erat,
1333 2437 1711 2520 praesertim
1760 2458 1909 2501 cum
1963 2449 2119 2502 tunc
2176 2448 2398 2502 contra
2441 2437 2729 2502 Parthos

394 2546 714 2629 proficisci
765 2566 842 2608 ac
895 2543 1010 2607 diu
1063 2543 1144 2606 ab
1191 2542 1354 2607 urbe
1407 2543 1635 2609 abesse
1680 2544 2011 2630 cogitaret.
2098 2544 2409 2631 Reliquos
2457 2546 2729 2630 quidem

394 2653 812 2739 imperatores
857 2674 970 2737 per
1010 2661 1216 2715 totum
1247 2652 1587 2737 imperium
1617 2654 1979 2719 Romanum
2028 2667 2471 2719 sacrosanctos
2512 2654 2729 2719 fuisse

394 2760 562 2825 infra
603 2760 932 2824 luculento
967 2759 1212 2825 Tiberii
1245 2761 1539 2845 exemplo
1574 2763 2011 2827 ostendemus.
2078 2762 2488 2847 Quamquam
2526 2785 2731 2849 aegre

393 2869 532 2933 fero
575 2869 857 2934 Dionem
913 2871 1126 2933 minus
1185 2880 1481 2933 accurate
1526 2870 1769 2935 dixisse
1813 2893 2021 2955 neque
2062 2872 2231 2937 hanc
2272 2870 2729 2956 amplificatio-

392 3000 540 3043 nem
571 2978 734 3043 iuris
763 2977 1112 3053 tribunicii,
1129 2998 1294 3061 quae
1315 2988 1471 3042 tunc
1494 2990 1741 3063 reperta
1766 2991 1883 3056 est,
1904 2990 2123 3064 aperte
2150 2980 2535 3065 significare.
2584 2980 2731 3047 Nec

395 3086 602 3171 magis
643 3087 940 3162 alterum,
992 3084 1168 3169 quod
1207 3086 1275 3148 in
1318 3108 1489 3151 nova
1529 3086 1935 3171 imperatoris
1974 3099 2289 3173 potestate
2332 3099 2490 3165 erat,
2534 3090 2727 3174 quod

393 3194 582 3258 etiam
621 3194 830 3259 maius
879 3194 1083 3258 fuisse
1133 3194 1404 3276 reperio,
1449 3194 1711 3260 indicat.
1795 3196 1962 3261 Nam
2004 3196 2246 3261 tribuni
2289 3197 2500 3283 plebis
2544 3210 2728 3263 eate-

391 3324 514 3365 nus
577 3312 756 3365 erant
802 3300 1192 3365 sacrosancti
1209 3346 1228 3375 ,
1267 3312 1595 3405 'quatenus
1658 3303 1818 3387 quid
1866 3327 1983 3391 pro
2036 3316 2353 3391 potestate
2400 3304 2727 3391 agebant:

388 3408 688 3494 privatim
727 3430 853 3473 non
897 3418 1075 3499 erant
1111 3408 1519 3494 legimusque
1564 3410 1647 3475 L.
1676 3409 1933 3477 Cottam
1976 3436 2015 3477 a
2038 3414 2468 3480 creditoribus
2509 3416 2583 3479 in
2614 3417 2725 3481 ius

393 3529 695 3581 vocatum
749 3516 994 3601 (Valer.
1033 3517 1210 3581 Max.
1257 3517 1373 3594 VI,
1419 3519 1481 3595 5,
1520 3521 1607 3600 4),
1664 3520 1760 3583 Μ.
1808 3518 2157 3586 Claudium
2195 3524 2589 3590 MarceUum
2634 3526 2723 3591 de

391 3634 614 3711 stupro
665 3637 1040 3693 accusatum
1101 3626 1221 3709 (id.
1267 3627 1350 3703 V,
1398 3633 1451 3705 ’1,
1500 3628 1591 3713 7),
1646 3626 1769 3692 Cn.
1824 3628 2271 3707 Tremellium,
2326 3634 2505 3717 quod
2566 3656 2722 3699 cum

386 3733 688 3819 pontifice
749 3734 1026 3799 maximo
1098 3735 1407 3802 iniuriose
1464 3737 1935 3815 contendisset,
1977 3740 2279 3825 punitum
2333 3741 2513 3825 (Liv.
2562 3744 2721 3828 epit.

383 3840 712 3926 XLVII).
802 3841 988 3924 Quae
1033 3844 1326 3930 exempla
1367 3847 1735 3921 ostendunt,
1791 3846 1864 3909 id
1913 3847 2088 3931 quod
2144 3848 2211 3912 in
2264 3848 2409 3935 ipsa
2456 3851 2551 3915 rei
2597 3875 2719 3917 na·-

384 3961 530 4015 tura
569 3951 850 4036 positum
902 3962 1021 4028 est,
1073 3974 1220 4017 cum
1273 3953 1533 4039 publice
1582 3956 1962 4042 impunitate
2014 3966 2367 4035 uterentur,
2410 3958 2719 4044 privatim

382 4058 452 4123 in
488 4059 570 4122 iis
615 4081 778 4143 quae
823 4071 1005 4124 extra
1059 4073 1438 4146 potestatem
1497 4087 1680 4131 suam
1724 4067 2029 4142 facerent,
2088 4087 2200 4130 eos
2258 4066 2717 4134 communibus

383 4166 670 4233 omnium
707 4167 947 4231 civium
984 4168 1242 4255 legibus
1281 4172 1487 4239 fuisse
1534 4174 1878 4240 subiectos.
1936 4175 2112 4239 Illud
2146 4186 2393 4241 tantum
2422 4177 2716 4244 dubitari

380 4288 646 4361 poterat,
705 4275 864 4361 quid
920 4288 1091 4341 esset
1135 4278 1392 4364 publice
1447 4282 1529 4347 ab
1569 4282 1652 4348 iis
1705 4294 1942 4360 actum,
1991 4284 2153 4369 quid
2204 4284 2287 4350 ad
2330 4288 2528 4352 vitam
2574 4290 2716 4374 pri-

380 4396 594 4449 vatam
664 4386 1044 4469 pertineret,
1122 4410 1326 4475 eaque
1387 4392 1673 4478 cognitio
1734 4394 1820 4459 ad
1890 4395 2238 4482 collegium
2296 4396 2715 4465 tribunorum
