2917 5017
449 305 572 372 306
1057 307 1138 356 De
1175 303 1378 368 legibus
1417 304 1812 370 municipalibus
1850 303 2159 370 Hispanicis.

455 471 530 536 13
575 481 640 534 et
681 471 826 554 37),
889 465 1326 533 Narbonensis
1379 465 1529 542 (IV,
1576 465 1719 550 43),
1778 463 2003 531 Sicilia
2056 463 2203 548 (IV,
2246 463 2397 548 43),
2460 476 2605 530 tum
2662 464 2789 528 sub

451 576 728 644 Claudio
771 589 836 643 et
877 576 1130 642 Nerone
1175 573 1338 640 Asia
1379 573 1574 658 (XII,
1617 574 1697 638 58
1738 585 1803 638 et
1844 574 1979 657 61),
2025 573 2329 639 Sardinia
2366 573 2607 658 (XIII,
2652 575 2789 655 30),

452 687 678 752 Sicilia
721 686 947 771 (XIII,
995 683 1126 762 49),
1165 681 1609 748 Narbonensis
1648 681 1840 766 (XII,
1866 681 2000 763 23),
2048 678 2345 766 Cyrenas
2386 681 2617 765 (XIV,
2656 681 2787 765 18),

449 793 756 878 Bithynia
804 793 1028 875 (XIV,
1075 793 1220 874 46),
1285 789 1401 855 sed
1461 789 1641 854 nulla
1698 811 1963 874 prorsus
2020 800 2117 854 est
2164 789 2571 874 imperatoris
2632 811 2789 875 pro-

451 902 697 977 vincia,
759 900 840 965 de
891 900 1078 964 cuius
1121 899 1318 965 rebus
1363 898 1430 961 in
1478 908 1705 961 senatu
1746 909 1964 962 actum
2004 909 2065 960 et
2106 898 2435 961 decretum
2476 919 2625 960 esse
2668 919 2788 960 au·-

451 1009 724 1074 diamus.
793 1008 956 1073 Nam
1001 1007 1176 1092 quod
1217 1005 1485 1070 Tacitus
1530 1005 1765 1068 Annal.
1806 1005 1860 1080 Ι,
1898 1005 1980 1070 78
2023 1004 2628 1069 Tarraconensibus
2672 1026 2788 1088 pe-

450 1116 756 1192 tentibus,
799 1127 872 1180 ut
913 1115 1034 1180 sibi
1077 1114 1388 1201 templum
1425 1113 1715 1198 Augusti
1760 1125 2054 1177 extruere
2098 1113 2341 1188 liceret,
2386 1111 2785 1196 permissum

450 1245 594 1288 esse
640 1223 882 1300 scribit,
929 1245 1058 1286 non
1099 1221 1280 1287 addit
1320 1220 1705 1306 permissum
1754 1243 1897 1285 esse
1936 1219 2014 1286 ab
2063 1233 2288 1285 senatu
2321 1241 2535 1303 neque
2566 1220 2786 1294 crede,

451 1332 605 1417 quia
659 1332 846 1397 etiam
904 1353 1070 1416 quae
1129 1330 1560 1414 insequuntur
1613 1329 1696 1393 de
1747 1329 1959 1394 edicto
2007 1327 2315 1413 principis
2358 1339 2529 1390 sunt.
2616 1323 2786 1390 Cum

455 1452 666 1505 autem
712 1438 962 1505 Galliae
1006 1435 1314 1502 Comatae
1359 1435 1654 1501 civitates
1703 1459 1869 1501 anno
1901 1437 1979 1502 48
2020 1460 2080 1522 p.
2108 1433 2265 1500 Chr.
2307 1435 2413 1498 ius
2462 1435 2789 1499 honorum

454 1560 764 1635 peterent,
807 1569 910 1610 res
957 1569 1084 1610 non
1127 1556 1270 1610 acta
1305 1556 1406 1610 est
1441 1544 1511 1608 in
1549 1554 1798 1619 senatu,
1846 1544 1961 1608 sed
2002 1544 2177 1628 apud
2210 1543 2593 1629 principem.
2676 1543 2793 1608 Sic

453 1657 622 1722 enim
667 1656 756 1720 ait
795 1654 1061 1720 Tacitus
1105 1652 1342 1718 Annal.
1383 1652 1526 1728 XI,
1569 1653 1649 1717 23
1710 1652 1943 1717 studiis
1995 1651 2271 1716 diversis
2318 1651 2493 1737 apud
2540 1651 2794 1737 princi-

452 1786 600 1849 pem
647 1786 790 1827 esse
837 1774 1171 1838 certatum,
1213 1761 1326 1846 qui
1365 1783 1515 1826 cum
1562 1761 1775 1826 varios
1818 1783 2111 1825 rumores
2158 1782 2233 1824 ea
2278 1759 2359 1824 de
2398 1781 2471 1823 re
2519 1781 2793 1844 sparsos

453 1870 832 1956 extinguere
877 1870 1089 1944 vellet,
1135 1871 1274 1955 ipse
1314 1891 1448 1932 rem
1496 1869 1580 1933 ad
1614 1880 1907 1935 senatum
1933 1867 2167 1932 detulit
2192 1867 2460 1950 eiusque
2486 1869 2795 1931 consulto

452 1979 628 2063 quod
669 1978 810 2064 ipse
843 1978 1233 2053 decreverat,
1277 1976 1787 2042 confirmandum
1828 1976 2097 2041 curavit.
2173 1975 2543 2060 Singularis
2586 1976 2797 2062 igitur

453 2087 768 2170 quaedam
823 2087 963 2151 eius
1019 2086 1113 2150 rei
1168 2098 1303 2148 erat
1357 2085 1521 2149 ratio
1576 2108 1697 2149 nec
1750 2085 1911 2169 quid
1962 2083 2103 2148 fieri
2160 2085 2263 2148 vel
2326 2082 2633 2148 debuerit
2688 2086 2795 2148 vel

453 2193 776 2258 consuerit
815 2192 1151 2278 significat.
1227 2192 1408 2275 Quid
1443 2193 1701 2258 autem?
1770 2191 1845 2256 In
1882 2202 1976 2254 tot
2008 2191 2381 2277 provinciis,
2418 2214 2589 2276 quae
2620 2189 2793 2256 Cae-

455 2302 582 2368 sari
617 2301 950 2388 parebant,
995 2325 1148 2366 num
1190 2299 1349 2364 nihil
1391 2323 1509 2386 per
1534 2313 1627 2364 tot
1662 2322 1865 2365 annos
1895 2300 2207 2364 accidisse
2238 2310 2563 2384 putamus,
2610 2302 2795 2384 quod

453 2411 762 2475 memoria
806 2410 1078 2494 dignum
1123 2421 1312 2484 esset,
1361 2409 1416 2472 si
1459 2409 1543 2473 ad
1590 2420 1849 2473 senatus
1876 2407 2301 2492 cognitionem
2332 2409 2793 2493 pervenisset?

453 2515 714 2581 Nihilne
753 2518 819 2580 in
866 2515 1080 2600 Syria,
1123 2516 1400 2581 maxima
1440 2517 1795 2603 provincia,
1838 2515 1997 2580 nihil
2038 2539 2153 2601 per
2192 2515 2463 2591 Gallias,
2504 2539 2793 2601 quarum

453 2623 656 2687 maior
701 2647 851 2708 pars
893 2621 1194 2689 Caesaris
1239 2637 1408 2700 erat,
1470 2624 1629 2688 nihil
1670 2626 1737 2688 in
1782 2624 2073 2688 citeriore
2119 2624 2433 2709 Hispania
2482 2639 2599 2690 aut
2644 2626 2794 2690 Lu-

455 2732 684 2796 sitania
733 2733 974 2797 factum
1031 2732 1173 2796 est?
1263 2731 1456 2798 Certe
1502 2732 1806 2819 plurima,
1871 2732 1986 2798 sed
2029 2755 2105 2796 ea
2152 2732 2369 2798 omnia
2417 2732 2543 2798 sihi
2592 2758 2789 2820 sepo·

455 2851 671 2903 suerat
719 2839 1093 2924 imperator:
1159 2840 1318 2905 nihil
1359 2863 1583 2906 eorum
1626 2840 1711 2904 ad
1756 2852 2047 2906 senatum
2092 2841 2455 2926 pertinebat
2498 2855 2613 2906 aut
2660 2867 2793 2928 pu-

453 2946 619 3011 blice
664 2948 1010 3032 agebatur,
1077 2961 1183 3024 ut,
1247 2948 1360 3033 qui
1415 2948 1743 3014 historiam
1794 2947 2130 3025 scriberet,
2190 2949 2519 3034 quomodo
2564 2961 2791 3014 actum

455 3065 645 3130 esset,
691 3077 948 3120 narrare
990 3068 1227 3140 posset.
1315 3055 1483 3120 Nam
1523 3056 1801 3141 plurima
1844 3080 1924 3121 ex
1966 3080 2041 3122 eo
2086 3080 2321 3142 genere
2368 3080 2573 3143 prope
2618 3080 2789 3143 quo-

457 3161 615 3227 tidie
662 3163 742 3226 ad
787 3164 1239 3248 imperatorem
1279 3165 1653 3250 pervenisse
1697 3165 1776 3230 ab
1824 3188 2029 3250 eoque
2075 3166 2334 3230 decreta
2378 3189 2523 3230 esse
2564 3179 2791 3231 osten-

454 3268 618 3332 dunt
663 3269 852 3334 Plinii
900 3272 1204 3354 epistolae
1249 3273 1331 3336 ad
1372 3272 1723 3338 Traianum
1780 3274 2087 3358 scriptae,
2154 3273 2393 3358 quibus
2454 3276 2785 3359 quomodo

453 3377 556 3441 ius
611 3377 942 3442 civitatum
1005 3379 1516 3457 observandum,
1577 3382 1756 3466 leges
1814 3405 2033 3446 earum
2094 3382 2615 3467 interpretandae
2670 3397 2783 3448 aut

453 3484 889 3550 immutandae
937 3487 1083 3562 sint,
1131 3488 1424 3553 consulit.
1505 3489 1670 3554 Mihi
1708 3491 1971 3574 quidem
1999 3491 2461 3575 proconsulum
2488 3514 2529 3555 a
2554 3504 2783 3556 senatu

453 3592 798 3658 missorum
843 3595 1316 3678 quodammodo
1341 3598 1547 3662 maior
1588 3599 1903 3682 quaedam
1948 3599 2151 3664 fuisse
2194 3598 2453 3662 videtur
2493 3612 2783 3684 potestas

451 3722 644 3783 quam
666 3701 1026 3786 legatorum
1053 3701 1384 3779 Caesaris3
1420 3703 1487 3767 hi
1508 3704 1589 3770 de
1623 3706 1921 3770 omnibus
1956 3706 2174 3784 rebus,
2204 3707 2285 3770 de
2310 3705 2551 3790 quibus
2576 3707 2781 3772 ambi-

455 3821 712 3892 gerent,
777 3811 964 3875 facile
1019 3812 1469 3896 imperatorem
1530 3811 1829 3890 adibant,
1893 3815 2252 3899 multaque,
2308 3835 2471 3898 quae
2526 3815 2781 3880 Plinius

453 3918 727 4000 quaerit,
771 3930 901 3982 tam
942 3942 1144 4004 parva
1181 3931 1351 3994 sunt,
1394 3931 1469 3982 ut
1507 3919 1886 3985 Traianus
1869 3944 2009 4006 lpse
2047 3944 2247 4007 prope
2288 3921 2675 4007 indignetur
2714 3947 2782 3988 se

452 4024 736 4101 consuli,
799 4039 1091 4103 senatuS,
1149 4028 1260 4112 qui
1317 4039 1380 4092 et
1433 4028 1647 4092 minus
1696 4028 2067 4113 frequenter
2108 4030 2479 4095 conveniret
2522 4044 2585 4094 et
2632 4055 2779 4096 cum
2880 4031 2882 4107 1

452 4132 890 4208 convenisset,
955 4133 1158 4197 multa
1209 4135 1469 4217 negotia
1520 4135 1813 4212 haberet,
1876 4137 1958 4201 de
2012 4137 2202 4202 tantis
2264 4137 2553 4203 minutiis
2612 4139 2775 4203 adiri

449 4238 627 4302 nullo
673 4239 865 4304 modo
908 4252 1172 4324 poterat.
1252 4240 1440 4322 Quae
1490 4265 1639 4307 cum
1682 4244 1773 4308 ita
1816 4245 1964 4321 sint,
2016 4245 2081 4308 in
2112 4229 2569 4329 imperatoriis
2630 4270 2775 4333 pro·

452 4345 698 4422 vinciis,
747 4348 801 4411 si
846 4369 976 4431 qua
1017 4370 1181 4411 nova
1224 4349 1370 4434 lege
1411 4372 1575 4435 opus
1614 4363 1767 4428 erat,
1813 4352 1951 4438 ipse
1988 4353 2336 4438 imperator
2372 4354 2513 4418 sine
2553 4369 2772 4422 senatu
