2917 5017
833 321 917 371 De
952 322 1121 374 Gallia
1149 322 1502 373 Romanorum
1544 324 1822 388 provincia.
2447 322 2486 388 5

162 482 391 551 Gallia
444 509 575 572 quo
630 497 918 574 tempore
976 500 1113 553 orta
1162 488 1273 565 sit,
1340 511 1506 573 quos
1549 490 1890 577 ,praesides
1943 488 2269 568 habuerit,
2329 512 2492 576 quas

161 592 400 658 finium
444 596 831 661 mutationes
872 596 1160 673 subierit,
1202 598 1689 683 explicabimus.

348 703 454 767 Ac
502 702 586 768 de
640 704 887 790 origine
944 704 1205 788 quidem
1260 704 1626 790 provinciae
1670 704 1920 772 Galliae
1966 705 2304 769 maximam
2350 728 2493 771 esse

164 808 364 874 video
405 810 698 876 virorum
740 812 1075 877 doctorum
1118 812 1609 878 dissensionem.
1679 810 1850 877 Cum
1889 812 2059 878 enim
2105 810 2254 877 Car.
2299 810 2493 900 Sigo-

162 917 317 981 nius
358 918 472 1001 (dc
520 919 780 1003 antiquo
811 919 950 985 iure
992 920 1217 1006 populi
1238 919 1423 985 Rom.
1465 920 1608 985 libr.
1645 920 1694 984 1.
1733 943 1788 985 c.
1823 920 1934 1008 26)
1970 920 2266 1006 quamvis
2297 921 2496 985 multa

166 1025 252 1089 de
290 1025 555 1112 populis
600 1049 677 1092 ac
720 1026 903 1093 bellis
932 1026 1203 1094 Gallicis
1236 1039 1472 1105 narret,
1516 1029 1597 1094 de
1637 1039 1922 1115 tempore
1950 1029 2315 1115 provinciae
2343 1052 2495 1095 con-

166 1134 431 1199 stitutae
488 1134 651 1199 nihil
706 1136 921 1201 tradat
938 1184 957 1213 ,
1023 1137 1101 1202 P.
1156 1137 1512 1202 Fonteinus
1573 1137 1698 1223 (de
1759 1138 2109 1223 provinciis
2166 1137 2493 1215 Romanis,

164 1242 344 1307 Trai.
389 1244 476 1307 ad
499 1243 705 1309 Rhen.
736 1244 896 1310 1843
935 1267 999 1329 p.
1028 1244 1139 1329 39)
1184 1268 1223 1309 a
1262 1245 1574 1312 dictatore
1607 1243 1886 1311 Caesare
1932 1246 2192 1311 demum
2219 1245 2496 1313 Galliam

167 1349 571 1438 Cisalpinam
609 1352 969 1417 institutam
1016 1374 1161 1418 esse
1197 1364 1382 1439 putat
1396 1402 1413 1431 ,
1460 1354 1674 1419 Ioach.
1712 1353 2111 1439 Marquardt.
2156 1355 2254 1442 (in
2295 1354 2496 1420 Beck.

170 1460 559 1547 compendio
592 1461 789 1546 antiq.
820 1461 1004 1525 Rom.
1032 1461 1180 1525 Vol.
1208 1460 1310 1527 III
1348 1484 1412 1546 p.
1438 1462 1550 1545 47)
1593 1462 1865 1527 eandem
1909 1463 2036 1527 iam
2074 1485 2240 1528 anno
2279 1464 2392 1528 191
2440 1486 2496 1528 a.

167 1566 328 1633 Chr.
370 1569 439 1633 in
477 1568 849 1653 provinciae
892 1570 1161 1634 formam
1201 1568 1531 1636 redactam
1589 1593 1734 1635 esse
1775 1582 2030 1647 censet,
2086 1571 2318 1656 reliqui
2363 1592 2498 1635 me-

167 1678 355 1741 dium
402 1677 664 1763 aliquod
710 1687 963 1763 tempus
1008 1678 1259 1763 eligunt
1276 1725 1293 1754 ,
1354 1688 1427 1741 ut
1479 1701 1561 1743 ex
1600 1679 1745 1764 ipsa
1793 1680 1915 1743 hac
1952 1678 2380 1763 discrepantia
2425 1700 2500 1743 ac

166 1787 325 1873 plus
374 1797 631 1851 centum
670 1809 985 1851 annorum
1030 1787 1236 1871 spatio
1281 1796 1344 1849 et
1384 1785 1690 1851 incertam
1733 1796 1795 1851 et
1828 1786 2157 1851 difficilem
2191 1810 2328 1852 rem
2355 1808 2500 1853 esse

170 1895 637 1981 intelligamus.
716 1892 853 1961 Sed
905 1906 978 1959 ut
1017 1895 1146 1981 ipsi
1190 1893 1351 1979 quid
1396 1917 1628 1960 verum
1671 1896 1753 1959 sit
1793 1895 2196 1960 inveniamus
2240 1918 2360 1960 nec
2399 1897 2500 1960 in-

164 2017 355 2071 certa
412 2015 637 2069 nostra
689 2015 963 2090 vagetur
1019 2002 1312 2088 quaestio
1331 2050 1350 2079 ,
1411 2002 1574 2067 fines
1642 2004 1958 2087 quosdam
2013 2005 2500 2080 constituamus,

162 2115 345 2179 intra
380 2136 549 2198 quos
594 2110 877 2178 Galliam
919 2111 1319 2198 provinciam
1377 2111 1670 2177 extitisse
1731 2122 2050 2200 appareat,
2136 2114 2330 2201 Anno
2373 2112 2500 2199 igi-

162 2234 275 2286 tur
324 2222 445 2287 167
490 2244 545 2285 a.
597 2219 789 2298 Chr„
830 2221 898 2285 in
937 2243 1066 2306 quo
1116 2220 1291 2285 Livii
1336 2222 1597 2287 annales
1640 2221 1828 2287 nobis
1873 2222 2177 2286 desinunt
2196 2268 2214 2299 ,
2259 2222 2501 2287 nullam

163 2331 379 2396 fuisse
426 2328 710 2396 Galliam
758 2329 1160 2417 provinciam
1216 2351 1299 2393 ex
1354 2330 1570 2395 verbis
1620 2332 1760 2395 eius
1814 2330 2158 2415 perspicue
2205 2329 2505 2394 videmur

167 2450 591 2527 cognoscere.
673 2439 933 2504 Etenim
984 2461 1150 2502 anno
1202 2438 1320 2503 166
1358 2437 1508 2503 Liv.
1553 2438 1777 2515 XLV,
1819 2437 1898 2501 44
1943 2436 2344 2523 praetoribus
2388 2458 2503 2503 sex

164 2551 259 2616 ait
306 2548 605 2615 decretas
648 2571 791 2613 esse
820 2547 937 2612 has
968 2545 1356 2632 provincias,
1403 2545 1568 2611 duas
1597 2543 1899 2623 urbanas,
1944 2545 2108 2610 duas
2131 2544 2502 2631 Hispanias,

168 2660 493 2736 Siciliam,
541 2654 937 2723 Sardiniam:
979 2657 1047 2721 in
1089 2656 1329 2741 quibus
1374 2655 1554 2719 nulla
1597 2651 1848 2719 Galliae
1891 2653 2130 2718 mentio
2167 2665 2284 2719 est.
2365 2654 2505 2719 Nec

167 2768 353 2854 quod
404 2767 559 2832 Liv.
622 2766 775 2852 epit.
816 2764 1052 2830 XLVI
1102 2774 1317 2829 narrat
1374 2762 1674 2829 consules
1728 2758 2079 2827 Claudium
2121 2760 2506 2827 Marcellum

178 2876 415 2942 Gallos
476 2854 789 2961 Alpinos,
866 2870 945 2938 C.
1018 2872 1383 2959 Sulpicium
1463 2871 1726 2937 Gallum
1787 2870 2072 2956 Ligures
2145 2868 2507 2955 subegisse,

168 2996 524 3074 propterea
582 2982 861 3050 Galliam
927 2993 1083 3047 tunc
1147 2980 1546 3067 provinciam
1602 2979 1840 3043 factam
1901 2998 2044 3042 esse
2115 2987 2504 3043 statuemus:

175 3106 355 3161 certe
375 3093 544 3159 duas
572 3091 955 3157 deberemus
984 3100 1284 3166 statuere,
1308 3088 1423 3154 sed
1447 3087 1601 3153 belli
1625 3097 1874 3153 tantum
1896 3086 2186 3172 gerendi,
2208 3108 2334 3151 non
2357 3108 2508 3171 pro-

174 3205 433 3271 vinciae
467 3225 627 3290 pace
653 3199 1197 3265 administrandae
1228 3220 1425 3264 causa
1448 3196 1746 3262 consules
1789 3195 1857 3260 in
1881 3194 2165 3281 Ligures
2191 3208 2255 3258 et
2281 3192 2506 3260 Gallos

190 3313 462 3399 Alpinos
501 3310 826 3396 profectos
882 3330 1025 3375 esse
1066 3330 1215 3373 cum
1254 3307 1379 3372 hoc
1415 3305 1637 3382 docet,
1690 3302 1868 3389 quod
1911 3302 2173 3367 eosdem
2213 3303 2508 3367 consules

187 3422 248 3486 in
297 3421 488 3486 Italia
529 3418 773 3484 versari
812 3416 1166 3503 oportebat,
1212 3426 1351 3480 tum
1393 3436 1600 3479 annus
1651 3412 1766 3478 167
1805 3435 1862 3475 a.
1900 3408 2078 3488 Chr„
2121 3433 2250 3495 quo
2276 3409 2511 3477 Livius

179 3532 327 3597 libr.
368 3528 595 3605 XLV,
646 3527 723 3593 16
771 3537 987 3592 narrat
1035 3523 1440 3612 praetoribus
1497 3545 1642 3589 esse
1687 3522 1976 3587 decretas
2023 3520 2186 3584 duas
2233 3517 2512 3584 urbanas

186 3638 558 3726 provincias
576 3685 593 3715 ‚
656 3635 819 3701 duas
860 3634 1211 3721 Hispanias
1227 3680 1244 3710 ‚
1315 3632 1603 3698 Siciliam
1617 3678 1634 3708 ,
1689 3628 2083 3704 Sardiniam,
2139 3623 2514 3691 consulibus

191 3750 384 3815 Pisas
440 3758 506 3813 et
548 3745 828 3812 Galliam
889 3766 1038 3809 cum
1089 3742 1258 3807 binis
1316 3740 1684 3827 legionibus
1752 3736 2040 3824 peditum
2099 3745 2164 3799 et
2229 3734 2516 3818 equitum

187 3855 713 3945 quadringentis,
765 3851 1006 3939 quibus
1052 3858 1224 3915 certe
1266 3870 1397 3913 non
1450 3859 1662 3913 tantae
1707 3846 1928 3933 copiae
1967 3852 2184 3909 essent
2223 3841 2515 3917 traditae,

191 3970 249 4035 si
308 3976 609 4054 pacatam
680 3962 924 4046 diuque
989 3956 1182 4024 armis
1248 3956 1579 4023 subactam
1641 3952 2032 4042 provinciam
2102 3950 2518 4037 accepissent.

192 4078 425 4163 Itaque
469 4096 640 4139 anno
690 4072 807 4137 168
852 4094 908 4135 a.
955 4064 1112 4133 Chr.
1147 4066 1381 4133 Livius
1435 4063 1583 4129 libr.
1619 4062 1874 4140 XLIV,
1926 4060 1998 4127 17
2044 4058 2204 4124 nihil
2262 4058 2521 4125 omnino

192 4185 391 4252 habet
428 4184 515 4250 de
540 4182 759 4249 Gallia
791 4176 1154 4266 provincia:
1198 4174 1509 4241 urbanam
1539 4180 1992 4239 commemorat
2021 4179 2084 4234 et
2117 4167 2524 4254 peregrinam

201 4307 265 4360 et
311 4294 591 4359 classem
638 4301 703 4355 et
744 4286 1030 4355 Siciliam
1074 4294 1137 4353 et
1182 4280 1567 4359 Sardiniam,
1621 4302 1741 4346 nec
1785 4276 2133 4365 superioris
2179 4276 2328 4341 anni
2367 4296 2522 4343 con-

210 4404 331 4470 suli
346 4451 365 4481 ,
424 4402 543 4488 qui
603 4401 673 4465 in
716 4397 930 4465 Gallia
988 4405 1283 4463 versatus
1326 4403 1461 4459 erat
1475 4437 1492 4467 ,
1549 4401 1962 4476 prorogatum
2005 4409 2147 4453 esse
2187 4384 2528 4472 imperium
