2917 5017
507 317 626 383 146
1151 322 1235 372 De
1275 319 1446 370 Gallia
1483 319 1831 368 Romanorum
1881 318 2155 381 provincia.

503 485 588 550 ad
640 486 857 550 littora
907 482 1180 548 tutanda
1229 482 1489 546 miserat
1552 479 1735 563 (Tac.
1778 479 1952 543 Hist.
1992 479 2093 554 11,
2138 479 2249 561 58)
2312 476 2769 560 senatoriamque

505 594 897 679 provinciam
921 592 1098 656 haud
1129 591 1326 654 dubie
1356 589 1807 653 coniunxerat:
1854 587 1967 650 sed
1994 587 2065 650 id
2094 599 2155 649 et
2184 587 2247 649 in
2280 585 2458 671 copia
2486 584 2773 668 legionum

503 712 568 766 et
613 703 679 765 in
721 701 894 765 civili
935 700 1214 764 tumultu
1238 683 1529 771 iecerat,
1588 717 1735 758 cum
1776 695 2121 780 imperator
2156 705 2269 758 aut
2306 693 2461 757 nihil
2500 693 2774 778 praescri-

504 809 686 874 beret
726 818 839 874 aut
877 809 971 884 ei,
1035 807 1224 871 cuius
1267 805 1467 868 fidem
1514 803 1711 868 semel
1752 804 2109 888 probasset,
2156 802 2449 886 quamvis
2490 801 2775 885 ingentem

505 918 902 1003 provinciam
959 915 1354 980 committere
1411 933 1541 976 non
1587 920 1935 976 vereretur.
2030 909 2253 991 Quare
2298 911 2381 974 de
2420 909 2515 972 M.
2552 908 2779 971 Aurelio

507 1027 600 1090 sic
639 1025 956 1100 existimo,
999 1047 1168 1099 eum,
1213 1032 1288 1086 ut
1327 1021 1597 1084 Mauros
1642 1017 2020 1103 depelleret,
2063 1019 2388 1102 legionem
2426 1016 2556 1081 VII
2596 1013 2782 1079 Gemi-

505 1158 654 1199 nam
711 1134 778 1197 in
824 1133 1147 1198 Baeticam
1207 1129 1613 1194 transtulisse
1666 1137 1859 1212 atque
1914 1127 2068 1191 huic
2112 1125 2515 1210 provinciae,
2573 1125 2783 1206 qualem

507 1239 588 1305 ab
617 1251 844 1306 senatu
871 1249 1220 1324 acceperat,
1253 1237 1641 1321 peculiarem
1672 1237 1958 1322 legatum
1990 1233 2391 1299 consularem
2420 1233 2786 1318 praefecisse.

507 1349 602 1414 Ut
633 1359 848 1412 autem
871 1345 1340 1412 Tarraconensi
1369 1345 1700 1429 provincia
1728 1346 1887 1428 quid
1914 1342 2165 1408 interim
2193 1343 2437 1406 factum
2472 1340 2557 1403 sit
2586 1361 2788 1423 cogno-

508 1479 788 1532 scamus,
832 1457 1262 1530 z‘uridicomm,
1305 1453 1418 1536 qui
1455 1452 1581 1516 hoc
1610 1454 1883 1517 maxime
1916 1464 2202 1537 tempore
2234 1457 2787 1520 commemorantur,

507 1576 736 1629 natura
777 1561 1224 1648 perspicienda
1263 1561 1402 1625 erit.

673 1670 779 1735 De
819 1670 1058 1754 quibus
1101 1691 1248 1733 cum
1289 1669 1397 1733 alii
1431 1679 1649 1744 antea,
1696 1677 1833 1730 tum
1878 1690 2088 1752 nuper
2130 1667 2549 1754 disputarunt
2585 1664 2793 1728 Theod.

507 1777 980 1842 Mommsenius
1043 1778 1259 1862 script.
1315 1786 1586 1863 gromat.
1638 1776 1707 1840 II
1765 1798 1828 1860 p.
1876 1776 2028 1851 192,
2097 1776 2273 1841 Bart.
2317 1773 2714 1859 Borghesius
2747 1773 2793 1835 in

509 1887 742 1950 Annal.
785 1888 946 1951 Inst.
983 1885 1157 1950 arch.
1209 1886 1362 1950 1853
1407 1909 1469 1970 p.
1517 1884 1669 1960 195,
1728 1905 1842 1948 nos
1900 1884 2023 1968 ipsi
2076 1885 2141 1947 in
2190 1881 2796 1948 commentationibus

509 1995 936 2080 epigraphicis
965 1994 1034 2057 ΙΙ
1073 2015 1136 2078 p.
1166 1993 1244 2056 40
1273 2015 1366 2076 sq.
1434 1994 1537 2056 Ac
1562 1991 1961 2076 Borghesius
2002 1992 2264 2077 quidem
2308 1993 2431 2056 hoc
2481 2002 2711 2076 egerat,
2748 2001 2798 2050 ut
2846 2065 2848 2068 Α

509 2125 850 2167 numerum
908 2102 1328 2165 iuridicorum
1384 2100 1607 2164 Italiae
1668 2099 2307 2186 provinciarumque,
2374 2123 2545 2185 quae
2606 2099 2797 2179 cuique
2846 2095 2848 2178 l

509 2210 814 2276 obvenire
855 2219 1265 2283 consuesset,
1311 2197 1473 2272 fines
1518 2208 1947 2285 describeret,
1992 2231 2113 2272 nos
2154 2209 2273 2272 hac
2316 2209 2599 2283 ratione,
2644 2229 2798 2289 quam
2846 2179 2848 2258 Ῑ

507 2319 650 2383 aliis
710 2317 1104 2401 temporibus
1158 2317 1346 2380 aliam
1399 2317 1603 2382 fuisse
1646 2327 2053 2400 putaremus,
2114 2317 2411 2401 neglecta
2452 2327 2799 2402 potestatem

509 2449 734 2490 eorum
787 2425 994 2510 qualis
1053 2425 1256 2490 fuisse
1317 2424 1681 2501 videretur,
1746 2425 2246 2509 explicavimus:
2312 2447 2443 2508 quo
2490 2426 2557 2489 in
2601 2446 2801 2510 genere

507 2533 668 2598 haec
707 2534 832 2598 tria
871 2533 1324 2608 intelleximus,
1369 2533 1529 2596 nihil
1572 2555 1837 2618 prorsus
1882 2556 1991 2598 eos
2029 2533 2325 2598 diversos
2364 2533 2577 2597 fuisse
2616 2557 2654 2596 a
2684 2531 2803 2596 reli-

507 2664 779 2726 quarum
823 2641 1298 2726 provinciarum
1341 2640 1699 2706 rectoribus
1719 2687 1739 2716 ,
1802 2641 2009 2727 ipsius
2032 2641 2449 2726 ,imperatoris
2469 2687 2488 2716 ,
2550 2665 2673 2704 non
2711 2641 2802 2703 ali-

511 2749 718 2825 cuius,
756 2749 869 2834 qui
907 2749 1302 2834 superiorem
1339 2759 1719 2834 potestatem
1757 2749 2041 2824 haberet,
2080 2749 2279 2834 legati
2318 2749 2525 2814 fuisse
2562 2750 2802 2834 legatos,

510 2857 826 2941 denique,
889 2877 1038 2920 cum
1093 2857 1479 2922 exercitibus
1538 2868 1857 2933 carerent,
1926 2858 2279 2942 praetorios
2336 2857 2565 2922 fuisse.
2670 2856 2803 2920 Inde

511 2965 702 3028 etiam
759 2964 1038 3028 nominis
1095 2965 1304 3049 ipsius
1357 2965 1539 3049 quasi
1601 2966 2035 3052 interpretatio
2078 2965 2357 3050 petenda
2398 2967 2541 3030 erit.
2615 2967 2803 3030 Incre-

509 3071 684 3136 bruit
742 3072 910 3136 enim
966 3072 1164 3136 altero
1223 3096 1284 3157 p.
1325 3069 1482 3137 Chr.
1538 3074 1829 3151 saecu10,
1892 3086 1965 3138 ut
2016 3085 2273 3160 praeter
2316 3095 2427 3140 eos
2480 3072 2803 3139 Caesarum

508 3180 793 3265 legatos,
833 3179 946 3263 qui
990 3179 1442 3263 imperatorum
1492 3181 1843 3265 provinciis
1880 3182 2456 3268 praeficiebantur,
2503 3183 2613 3246 alii
2650 3180 2803 3246 multi

509 3287 594 3352 ad
637 3287 814 3352 varia
856 3287 1115 3371 negotia
1152 3285 1674 3352 administranda
1721 3289 2181 3366 mitterentur,
2220 3291 2334 3375 qui
2377 3289 2458 3354 ab
2504 3291 2627 3354 hoc
2668 3291 2800 3374 ipso,

509 3395 687 3478 quod
717 3395 1088 3480 impositum
1117 3405 1268 3472 erat,
1294 3395 1802 3481 appellabantur,
1831 3397 2029 3472 velut,
2047 3398 2159 3482 qui
2186 3401 2274 3460 ad
2294 3422 2510 3462 census
2536 3403 2799 3480 accipien-

509 3503 614 3564 dos
657 3502 964 3566 dicuntur
1003 3504 1140 3568 sive
1181 3525 1469 3566 censuum
1504 3509 2021 3585 accipiendorum,
2068 3515 2127 3570 et
2156 3506 2267 3590 qui
2292 3509 2380 3569 ad
2397 3508 2786 3588 corrigendum

411 3611 414 3614 ⁴
507 3619 738 3672 statum
775 3611 880 3676 vel
914 3613 1003 3673 ad
1033 3615 1304 3674 rationes
1333 3613 1655 3691 putandas
1698 3613 2027 3677 civitatum
2066 3614 2429 3691 mittuntur,
2472 3616 2557 3680 de
2596 3613 2791 3698 quibus

508 3718 823 3802 Borghes.
862 3719 929 3782 in
955 3719 1192 3784 Annal.
1215 3719 1378 3784 Inst.
1413 3719 1587 3783 arch.
1628 3719 1783 3785 1853
1820 3744 1884 3806 p.
1912 3721 2034 3788 209
2076 3734 2141 3786 et
2162 3721 2421 3786 Renier.
2460 3724 2527 3787 in
2556 3719 2798 3788 Miscell.

509 3825 838 3911 epigraph.
883 3850 946 3912 p.
991 3825 1068 3892 47
1116 3825 1561 3911 disputarunt3
1626 3851 1746 3892 nec
1790 3829 2091 3894 diversus
2138 3842 2235 3895 est
2280 3831 2387 3895 ille
2432 3831 2513 3894 T.
2558 3828 2801 3896 Caeser-

507 3934 656 3998 nius
703 3931 950 3999 Statius
999 3932 1310 4015 Quintius
1355 3941 1575 3998 missus
1616 3939 1704 3999 ad
1744 3940 2035 4000 dilectum
2080 3943 2399 4002 iuniorum
2440 3964 2481 4002 a
2524 3942 2659 4002 divo
2691 3941 2801 3999 Ha-

507 4043 733 4104 driano
766 4046 835 4104 in
865 4046 1174 4123 regionem
1211 4046 1741 4123 Transpadanam
1778 4047 1954 4131 apud
1980 4047 2242 4112 Renier.
2268 4047 2459 4112 Misc.
2494 4043 2800 4132 epigraph-

507 4169 568 4230 p.
623 4148 706 4213 75
767 4148 1096 4235 (Inscript.
1149 4150 1375 4235 Alger.
1437 4175 1501 4215 n.
1562 4153 1773 4236 1817).
1874 4154 2135 4236 Quibus
2197 4178 2411 4220 nonne
2472 4153 2800 4220 simillimos

507 4275 650 4320 esse
699 4254 1070 4340 putabimus
1114 4279 1248 4334 eos,
1293 4259 1404 4342 qui
1448 4260 1517 4323 in
1560 4260 1921 4345 provincias
1966 4263 2356 4328 exercitibus
2398 4286 2635 4329 vacuas
2676 4261 2798 4326 mit-

507 4372 811 4439 terentur,
838 4364 1076 4447 quibus
1103 4388 1252 4429 cum
1273 4365 1635 4430 iurisdictio
1664 4368 1801 4434 sola
1830 4368 2181 4446 obveniret,
2210 4380 2381 4436 recte
2405 4371 2795 4436 iuridicorum
