2917 5017
797 306 878 353 De
914 273 1178 356 dictatoris
1217 305 1458 355 Caesaris
1498 308 1794 358 honoribus.
2326 306 2450 374 263

182 464 464 551 pendebat
521 464 690 529 enim
748 487 828 529 ex
881 487 958 529 ea
1009 487 1136 528 non
1193 464 1386 529 modo
1442 476 1577 530 tota
1633 464 1981 531 maiestatis
2032 468 2170 548 lex,
2224 493 2452 537 verum

181 594 342 659 saepe
381 572 566 637 etiam
608 572 1022 659 imperatores
1080 594 1158 637 eo
1197 573 1374 656 quod
1425 574 1566 637 eius
1622 574 1879 659 insigne
1933 586 2087 654 erat,
2142 578 2452 645 subsellio

178 681 486 746 tribunicio
529 680 892 757 utebantur,
939 704 1088 745 cum
1133 680 1276 745 aliis
1318 681 1481 745 locis
1522 680 1824 766 publicis,
1872 683 2049 748 velut
2088 684 2171 751 de
2204 686 2451 753 theatro

179 812 345 875 supra
385 788 688 865 diximus,
737 800 874 853 tum
918 788 986 853 in
1028 801 1272 853 senatu.
1349 786 1699 854 Claudium
1738 791 2001 876 quidem
2048 792 2228 859 Suet.
2272 818 2327 859 c.
2370 796 2451 861 23

177 897 242 961 de
287 896 510 961 maiore
569 898 824 983 negotio
876 908 1170 961 acturum
1215 898 1281 962 in
1335 898 1515 963 curia
1570 898 1853 963 medium
1904 900 2072 965 inter
2116 902 2453 967 consulum

175 1004 334 1069 sellas
373 1004 716 1069 tribunicio
761 1004 1068 1070 subsellio
1115 1006 1340 1071 sedere
1384 1007 1802 1073 consuevisse
1844 1018 2057 1073 narrat
2100 1009 2214 1091 (cf.
2258 1009 2451 1075 Dion.

171 1112 303 1189 LX,
351 1113 474 1195 16),
517 1124 712 1197 atque
751 1113 940 1177 etiam
979 1113 1338 1179 Pertinacis
1384 1125 1446 1178 et
1489 1111 1803 1180 Caracalli
1844 1127 2047 1180 aetate
2096 1118 2209 1182 illa
2248 1118 2452 1205 impe-

169 1220 368 1283 ratoris
400 1220 588 1285 sedes
632 1220 907 1285 maxime
945 1221 1293 1307 putabatur
1335 1244 1480 1287 esse
1504 1224 1835 1309 popularis
1872 1224 2032 1307 (Dio
2053 1224 2389 1301 LXXIII,
2412 1226 2451 1292 3

169 1338 221 1392 et
257 1327 608 1405 LXXVII,
654 1329 744 1411 3).
831 1329 1050 1410 Quare
1095 1330 1270 1416 apud
1315 1328 1498 1395 Suet.
1537 1330 1683 1395 Tib.
1726 1355 1781 1396 c.
1826 1334 1920 1409 17,
1967 1333 2081 1398 ubi
2116 1332 2452 1399 Tiberium

169 1458 234 1498 ex
271 1434 612 1501 Germania
651 1437 957 1503 reducem
993 1438 1062 1503 in
1107 1438 1402 1503 contione
1441 1440 1723 1504 medium
1754 1442 1920 1505 inter
1956 1441 2119 1508 duos
2152 1442 2451 1507 consules

169 1567 290 1609 cum
337 1544 644 1630 Augusto
701 1544 893 1609 simul
951 1546 1198 1610 sedisse
1251 1546 1493 1623 scribit,
1544 1548 1849 1613 subsellio
1899 1548 2245 1613 tribunicio
2294 1570 2452 1613 usos

169 1676 284 1717 esse
339 1653 756 1737 imperatores
811 1654 1082 1720 coniicio
1139 1656 1419 1739 itemque
1482 1655 1865 1741 interpretor
1914 1679 2213 1722 nummos
2254 1678 2453 1742 quos-

167 1761 290 1825 dam
331 1758 406 1825 C.
451 1761 730 1847 Sulpicii
773 1761 1082 1827 Platorini
1128 1764 1300 1849 apud
1347 1764 1616 1831 Eckhel.
1646 1765 1873 1829 Doctr.
1918 1788 2092 1829 num.
2116 1764 2180 1829 V
2218 1788 2283 1850 p.
2312 1764 2453 1842 317,

166 1870 388 1935 nomine
443 1870 740 1955 Augusti
801 1881 864 1934 et
920 1870 1015 1934 M.
1061 1872 1392 1958 Agrippae
1447 1872 1814 1958 inscriptOS.
1912 1872 1989 1937 In
2044 1872 2281 1957 quibus
2314 1872 2453 1955 'qui

167 1991 292 2041 sunt
329 1978 454 2043 duo
483 1978 780 2044 homines
819 1981 1020 2065 togati
1057 1981 1124 2044 in
1167 1980 1491 2046 subselliis
1532 1980 1852 2057 sedentes,
1891 1980 2067 2065 quod
2096 1979 2453 2046 Eckhelius

164 2086 508 2172 Augustum
553 2099 618 2153 et
659 2089 1021 2175 Agrippam
1057 2089 1330 2174 intelligi
1376 2112 1565 2175 posse
1605 2088 1884 2174 negabat
1912 2104 2250 2176 propterea
2277 2088 2454 2174 quod

163 2194 220 2257 id
256 2207 412 2261 esset
451 2197 632 2261 infra
671 2219 892 2262 eorum
935 2198 1350 2275 maiestatem,
1393 2198 1609 2263 minus
1649 2210 1821 2262 recte
1864 2195 2212 2262 iudicabat.

307 2301 621 2391 Superest
655 2306 738 2370 ad
781 2306 1164 2391 explendam
1193 2319 1479 2374 nostram
1503 2306 1943 2389 quaestionem
1978 2327 2111 2370 una
2135 2328 2261 2382 res,
2288 2327 2455 2391 quae

165 2414 453 2479 mentione
499 2414 704 2499 digna
747 2436 888 2479 esse
927 2414 1244 2480 videatur.
1322 2414 1633 2479 Diximus
1678 2414 1847 2478 enim
1892 2436 1973 2477 ex
2017 2424 2321 2497 quattuor
2360 2415 2455 2480 le-

162 2520 328 2603 gibus
367 2522 559 2606 quasi
601 2522 938 2588 conflatam
993 2545 1136 2588 esse
1179 2522 1583 2609 imperatoris
1613 2532 1988 2608 potestatem
2014 2522 2455 2589 tribuniciam:

160 2628 338 2713 prima
376 2652 718 2696 commune
755 2631 1161 2695 tribunorum
1209 2628 1414 2715 plebis
1453 2632 1559 2695 ius
1610 2630 1947 2707 detulerat,
1996 2632 2279 2717 reliquae
2321 2642 2453 2697 tres

161 2738 472 2825 privilegia
513 2739 830 2824 quaedam
871 2738 954 2803 de
999 2738 1331 2803 sanctitate
1377 2740 1687 2825 corporis,
1726 2741 1809 2804 de
1846 2741 1987 2805 iure
2012 2738 2457 2805 intercedendi

163 2857 214 2909 et
253 2848 481 2933 agendi
527 2848 596 2911 in
647 2858 876 2913 senatu
919 2845 1324 2911 addiderant.
1403 2848 1566 2913 Erat
1612 2847 1816 2933 igitur
1857 2859 1990 2911 tota
2044 2858 2326 2933 potestas
2368 2846 2459 2911 ita

160 2976 287 3031 una,
339 2967 411 3020 ut
455 2979 541 3021 ex
588 2956 862 3021 diversis
913 2954 1204 3041 partibus
1263 2967 1583 3023 constaret
1628 2956 1897 3042 fierique
1935 2966 2208 3041 poterat,
2258 2966 2332 3020 ut
2375 2976 2458 3020 ex

159 3062 224 3129 iis
263 3086 386 3130 una
437 3066 656 3150 aliqua
713 3066 852 3131 sine
895 3064 1126 3131 ceteris
1181 3064 1561 3130 deferretur.
1652 3064 1791 3130 Nec
1838 3064 2114 3129 dubium
2156 3075 2256 3129 est
2296 3063 2458 3149 quin

159 3173 236 3238 ita
255 3175 509 3239 ‘factum
553 3174 657 3238 sit.
735 3173 893 3238 Erat
936 3173 1103 3238 enim
1148 3174 1500 3258 Augustus
1544 3194 1627 3237 ex
1670 3172 1869 3237 altera
1908 3170 2019 3236 illa
2054 3172 2221 3258 lege,
2266 3192 2460 3255 quam

161 3280 232 3346 de
309 3279 590 3349 Caesare
661 3282 855 3347 latam
930 3302 1074 3347 esse
1143 3280 1457 3357 diximus,
1530 3290 1977 3346 sacrosanctus
2038 3278 2280 3365 ubique
2344 3300 2463 3365 per

159 3387 477 3475 imperium
519 3390 883 3456 Romanum
933 3401 998 3455 et
1039 3388 1337 3453 omnibus
1378 3388 1445 3453 in
1484 3387 1683 3453 rebus
1723 3388 1995 3474 privatis
2032 3388 2460 3473 publicisque,

161 3496 338 3582 idque
387 3500 478 3565 ita
527 3496 1086 3584 interpretabatur,
1137 3509 1213 3562 ut
1266 3497 1458 3562 etiam
1508 3496 1747 3563 liberos
1806 3517 1959 3561 suos
2020 3504 2461 3561 sacrosanctos

161 3588 288 3671 esse
342 3608 584 3673 diceret
641 3630 714 3673 ac
769 3606 974 3673 Iuliae
1015 3605 1186 3671 filiae
1243 3605 1593 3683 adulteros,
1644 3604 1829 3689 quasi
1872 3604 2088 3690 ipsum
2133 3625 2203 3669 se
2244 3600 2460 3667 laesis·

163 3728 308 3793 sent,
366 3716 716 3781 maiestatis
771 3716 918 3802 lege
971 3714 1229 3802 puniret
1287 3713 1469 3795 (Tac.
1512 3713 1749 3779 Annal.
1798 3712 1904 3777 111
1921 3758 1939 3788 ,
1984 3710 2118 3795 24).
2205 3709 2461 3777 Eodem

161 3822 286 3889 iure
321 3825 552 3911 reliqui
592 3825 704 3909 qui
748 3826 816 3889 in
861 3824 1052 3889 domo
1095 3824 1238 3891 eius
1279 3833 1481 3900 erant,
1515 3820 1881 3899 utebantur,
1912 3819 2028 3885 sed
2052 3830 2265 3885 tamen
2292 3838 2461 3884 anno

163 3932 232 3998 35
271 3958 325 4000 a.
371 3931 526 4001 Chr.
571 3934 800 3999 Liviae
843 3933 1030 3999 uxori
1085 3944 1149 3999 et
1194 3930 1510 3998 Octaviae
1556 3930 1761 3997 sorori
1817 3927 2297 3995 decernendum
2339 3948 2457 3991 cu-

161 4045 312 4110 ravit
350 4048 416 4110 τὸ
473 4045 654 4113 ἀδεὲς
694 4046 795 4109 καὶ
837 4045 906 4107 τὸ
966 4042 1322 4129 ἀνύβριστον
1377 4044 1447 4107 ἐκ
1498 4044 1605 4104 τοῦ
1663 4040 1882 4125 ὁμοίου
1940 4041 2067 4107 τοῖς
2122 4034 2464 4121 δημάρχοις

167 4152 312 4240 ἔχειν
373 4157 536 4243 (Dio
593 4154 871 4231 XLIX,
919 4152 1050 4237 38),
1109 4163 1182 4217 ut
1243 4160 1689 4219 sacrosanctae
1741 4156 1979 4225 essent,
2032 4167 2161 4211 non
2218 4144 2465 4211 Romae

168 4262 362 4343 mode,
401 4266 649 4353 opinor,
690 4265 807 4331 sed
846 4263 1089 4349 ubique
1127 4259 1557 4344 omnibusque
1596 4258 1665 4322 in
1698 4254 1927 4333 rebus;
1969 4254 2098 4319 iam
2134 4252 2305 4319 enim
2341 4250 2468 4315 hoc

166 4369 258 4439 ius
293 4373 359 4438 in
404 4374 682 4441 Caesare
727 4374 1065 4439 inventum
1105 4382 1297 4459 atque
1339 4369 1425 4435 ad
1471 4367 1853 4455 Augustum
1892 4360 2269 4427 translatum
2311 4368 2469 4425 erat.
