2917 5017
461 349 578 416 134
1127 355 1212 405 De
1247 353 1418 405 Gallia
1451 355 1807 406 Romanorum
1837 358 2111 422 provincia.

453 517 615 582 illud
659 518 880 602 magni
921 518 1292 583 faciendum
1338 538 1485 582 esse
1530 538 1791 594 censen,
1846 520 2023 603 quod
2068 520 2539 588 Mommsenius
2585 533 2753 588 vetu-

455 625 772 692 stissimas
810 625 1281 711 inscriptiones,
1328 624 1394 688 in
1437 623 1677 708 quibus
1723 627 2093 711 provinciae
2133 628 2519 696 Germaniae
2553 631 2754 716 appel-

452 735 685 810 lentur,
741 732 866 798 sibi
907 733 1116 806 videri
1162 731 1321 796 dicit
1361 753 1507 798 esse
1548 754 1631 797 ex
1672 734 1993 798 Hadriani
2035 746 2340 822 tempore,
2383 741 2468 802 A.
2507 738 2755 803 Platorii

453 842 762 907 Pollionis
796 840 1032 925 (Orell.
1059 863 1122 904 n.
1145 839 1302 923 822)
1335 850 1399 903 et
1435 839 1521 920 Q.
1548 839 1746 906 Lollii
1775 842 2027 908 Urbici.
2094 841 2197 908 Sit
2239 845 2361 910 hoc
2400 846 2491 910 ita
2536 854 2757 926 (nequo

455 950 623 1014 enim
677 948 836 1014 tanti
894 949 1060 1014 hanc
1111 971 1250 1013 rem
1287 947 1682 1025 existimavi,
1736 961 1811 1015 ut
1845 952 2195 1034 quaerendi
2236 952 2523 1013 laborem
2566 949 2755 1011 susci-

457 1055 726 1142 perem),
785 1065 956 1122 certe
999 1057 1192 1121 simul
1235 1056 1603 1120 docendum
1636 1067 1793 1131 erat,
1835 1057 2069 1118 multas
2096 1075 2241 1120 esse
2263 1054 2501 1139 prioris
2526 1056 2757 1131 aetatis,

452 1164 520 1228 in
565 1161 804 1248 quibus
845 1163 1211 1250 provinciae
1251 1185 1487 1228 nomen
1530 1162 1805 1236 deesset,
1866 1170 2003 1225 tum
2050 1161 2575 1247 significandum,
2619 1163 2758 1245 quid

451 1271 519 1334 in
547 1269 1043 1336 Germaniarum
1079 1280 1310 1334 natura
1341 1279 1658 1334 mutatum
1689 1289 1833 1334 esse
1868 1268 2217 1345 videretur,
2262 1280 2337 1334 ut
2358 1293 2491 1354 quo
2518 1270 2759 1335 nomine

453 1391 640 1444 antea
697 1378 1087 1454 caruissent,
1145 1377 1216 1441 id
1266 1377 1605 1442 Hadriano
1656 1376 2009 1463 imperante
2064 1379 2445 1465 acciperent.
2553 1378 2762 1462 Neque

453 1486 774 1552 eiusmodi
818 1485 1162 1570 quicquam
1203 1484 1419 1550 afferri
1459 1484 1714 1570 poterit.
1782 1483 2109 1569 Equidem
2152 1495 2393 1552 tantam
2420 1487 2493 1551 in
2520 1485 2763 1550 nomine

454 1594 814 1680 provinciae
869 1594 976 1658 vel
1031 1593 1380 1660 omittendo
1436 1593 1540 1657 vel
1595 1591 1897 1656 addendo
1956 1592 2447 1660 inconstantiam
2499 1593 2765 1670 invenio,

453 1714 527 1766 ut
581 1703 742 1768 nihil
791 1723 1062 1788 prorsus
1122 1723 1203 1766 ex
1255 1723 1332 1766 eo
1383 1700 1603 1787 colligi
1662 1722 1853 1787 posse
1899 1699 2280 1767 existimem.
2358 1700 2589 1768 Veluti
2634 1701 2766 1785 quis

455 1810 741 1888 dubitat,
804 1810 958 1894 quin
1009 1809 1200 1895 Syria
1257 1809 1456 1874 fuerit
1492 1808 1866 1894 provincia?
1948 1809 2042 1874 At
2084 1809 2151 1873 in
2204 1811 2507 1896 ἀκεφάλῳ
2552 1810 2766 1875 inscri-

453 1919 688 2006 ptionis
730 1919 1113 2004 fragmentO,
1160 1917 1337 2002 quod
1381 1939 1529 1982 cum
1578 1916 1801 1982 aetatis
1828 1916 2209 2000 Augusteae
2252 1917 2354 1995 sit,
2400 1919 2636 1984 Sentio
2660 1918 2767 1983 Sa·
2866 1923 2868 1980 ἓ

455 2027 714 2092 turnino
771 2024 1187 2090 tribuendum
1231 2047 1376 2090 esse
1423 2025 1765 2091 docuimus
1808 2024 1876 2088 in
1924 2021 2286 2090 Comment.
2328 2028 2669 2115 epig-raph.
2710 2029 2768 2094 11

452 2157 516 2220 p.
564 2134 716 2209 125,
771 2133 891 2197 etsi
930 2132 1095 2197 Asia
1137 2130 1376 2198 dicitur
1417 2131 1781 2215 provincia,
1830 2131 2025 2216 Syria
2066 2143 2129 2198 et
2168 2133 2501 2200 Phoenice
2548 2158 2627 2199 eo
2667 2158 2766 2199 no·

453 2244 623 2308 mine
683 2253 886 2317 caret,
943 2241 1228 2324 itemque
1283 2251 1456 2306 caret
1513 2239 1581 2306 in
1634 2238 1873 2304 celebri
1912 2239 2101 2306 titulo
2138 2240 2235 2306 M.
2282 2239 2626 2308 Ciceronis
2668 2244 2769 2308 filii
2867 2303 2868 2307 ,

453 2351 626 2438 apud
661 2350 1049 2416 Mommsen.
1086 2349 1292 2414 Inscr.
1326 2348 1529 2433 Neap.
1570 2370 1634 2412 n.
1668 2348 1853 2424 4320,
1898 2349 2012 2434 qui
2054 2353 2167 2429 leg.
2214 2354 2361 2431 imp.
2408 2354 2584 2416 Caes.
2626 2356 2767 2433 Aug.
2866 2411 2868 2415 ,

455 2464 524 2522 in
569 2464 757 2540 Syria
805 2457 1180 2542 appellatur.
1259 2455 1366 2522 Ac
1415 2479 1499 2520 ne
1542 2456 1689 2540 quis
1738 2455 1862 2520 hoc
1906 2455 2052 2522 ideo
2096 2455 2341 2522 factum
2385 2479 2537 2524 esse
2584 2471 2767 2544 putet,

454 2567 633 2651 quod
673 2565 985 2650 principio
1011 2564 1302 2650 Augusti
1343 2563 1825 2650 provinciarum
1866 2563 2027 2628 ratio
2066 2564 2278 2630 minus
2324 2577 2501 2632 certe
2547 2569 2768 2633 consti-

455 2683 594 2738 tuta
650 2672 847 2740 fuerit
862 2718 882 2749 ,
937 2671 1006 2736 in
1053 2669 1130 2736 C.
1173 2671 1491 2737 Ummidii
1532 2669 1851 2752 Quadrati
1910 2670 2328 2756 inscriptione
2368 2675 2553 2759 apud
2592 2676 2767 2740 eund.

454 2782 841 2848 Mommsen.
879 2804 942 2844 n.
981 2779 1146 2846 4234
1181 2790 1280 2845 est
1311 2784 1426 2862 leg.
1476 2784 1573 2844 Ti.
1614 2782 1892 2845 Caesaris
1934 2785 2093 2861 Aug.
2122 2801 2303 2860 prov.
2346 2785 2561 2850 Lusit.
2579 2831 2599 2860 ,
2650 2802 2767 2848 tum
2864 2825 2866 2848 ÷

371 2895 388 2907 “
444 2912 682 2972 procos.
711 2893 1000 2972 provinc.
1045 2891 1250 2970 Cypri,
1295 2898 1362 2952 at
1403 2891 1515 2968 leg.
1558 2891 1690 2953 divi
1725 2889 1952 2951 Claudi
1989 2891 2059 2948 in
2100 2891 2369 2969 Illyrim,
2412 2896 2683 2956 eiusdem
2718 2903 2769 2954 et
2864 2881 2866 2896 ²

459 3003 719 3062 Neronis
763 3001 1042 3063 Caesaris
1085 3004 1243 3077 Aug.
1287 3001 1358 3059 in
1401 3000 1609 3077 Syria.
1704 2992 1856 3075 Quo
1904 2995 2063 3079 quid
2105 3006 2319 3081 potest
2363 3020 2513 3065 esse
2560 3001 2765 3066 incon-

459 3106 775 3174 stantius?
861 3105 1322 3172 Vetustissima
1385 3114 1559 3169 certe
1606 3113 1743 3168 erat
1795 3102 2129 3187 provincia
2168 3105 2333 3171 Asia
2388 3129 2599 3192 eaque
2642 3131 2769 3173 sae·
2862 3118 2865 3128 '

455 3214 722 3301 pissime
763 3214 954 3280 etiam
989 3216 1057 3279 in
1095 3211 1623 3298 inscriptionibus
1656 3210 1749 3276 sic
1782 3211 2158 3296 appellatur,
2192 3223 2261 3278 at
2284 3212 2351 3277 in
2378 3214 2767 3284 nobilissimo
2862 3247 2864 3282 ;

457 3323 646 3388 titulo
703 3321 879 3407 apud
921 3321 1309 3387 Mommsen.
1354 3321 1398 3385 l.
1440 3321 1483 3384 l.
1525 3343 1589 3384 n.
1634 3320 1791 3386 3601
1860 3320 2101 3404 Eprius
2144 3320 2500 3389 Marcellus
2550 3325 2765 3390 dicitur
2862 3362 2865 3392 ÷

445 3452 687 3512 procos.
732 3434 914 3496 Asiae
955 3418 1071 3508 III,
1131 3428 1430 3514 quamvis
1474 3427 1541 3492 in
1584 3427 1815 3494 eodem
1849 3433 2181 3510 provincia
2224 3433 2453 3511 Cypros
2482 3426 2757 3498 ¹comme-

457 3548 764 3606 moretur.
831 3537 1054 3620 Quare
1091 3560 1240 3604 cum
1278 3537 1505 3602 inutile
1546 3558 1691 3602 esse
1730 3536 2046 3614 videatur,
2084 3537 2266 3618 haec,
2305 3560 2473 3623 quae
2518 3541 2603 3607 ab
2634 3539 2747 3606 libi·

459 3647 610 3712 dine
671 3647 776 3712 vel
831 3648 1231 3734 sculptorum
1275 3646 1382 3712 vel
1424 3667 1682 3720 eorum,
1746 3643 1860 3728 qui
1908 3644 2128 3710 titulos
2178 3659 2577 3732 posuerunt,
2633 3668 2755 3734 pro-

458 3757 626 3820 fecta
653 3766 822 3830 sunt,
863 3754 1158 3838 pluribus
1185 3753 1505 3840 persequi,
1546 3752 1709 3819 nihil
1742 3775 1819 3818 ea
1846 3753 1931 3818 ad
1958 3763 2253 3820 naturam
2280 3755 2761 3822 Germaniarum

459 3862 888 3929 definiendam
928 3861 1142 3928 valere
1191 3883 1551 3928 censemus.
1631 3861 1770 3929 Nec
1808 3861 2019 3947 magis
2054 3885 2337 3940 moveor,
2380 3865 2581 3947 quod,
2626 3885 2759 3928 cum
2860 3953 2862 3956 Α

459 3983 552 4036 tot
589 3971 990 4057 reperiantur
1025 3971 1224 4056 legati
1248 3969 1634 4037 Germaniae
1674 3970 1999 4036 inferioris
2026 3971 2133 4037 vel
2166 3973 2539 4058 superioris,
2582 3970 2764 4038 semel
2860 3978 2863 3988 '

395 4135 398 4140 .
459 4078 634 4165 apud
678 4077 853 4142 Mur.
899 4102 963 4164 p.
1003 4079 1148 4157 763,
1197 4080 1238 4144 2
1293 4081 1360 4145 in
1402 4081 1765 4166 fragmento
1804 4079 2272 4165 inscriptionis,
2330 4080 2507 4166 quod
2553 4101 2764 4165 parum

461 4197 697 4252 certam
747 4186 1238 4272 explicationem
1283 4188 1563 4255 admittit
1576 4235 1595 4265 ,
1652 4192 1765 4270 leg.
1801 4211 1903 4271 pr.
1936 4211 2040 4271 pr.
2086 4211 2283 4254 exerc.
2332 4194 2537 4253 Germ.
2582 4191 2761 4268 infer.

461 4307 1011 4374 commemoratur,
1055 4307 1120 4364 et
1153 4297 1327 4382 apud
1356 4297 1670 4364 Kellerm.
1708 4297 1861 4383 Vig.
1897 4321 1963 4360 n.
1987 4297 2109 4363 247
2157 4295 2233 4363 C.
2264 4297 2558 4385 Popilius
2593 4295 2759 4361 Pedo

459 4411 702 4488 legatus
745 4410 893 4488 imp.
920 4408 1199 4472 Caesaris
1229 4411 1541 4471 Antonini
1562 4414 1721 4488 Aug.
1763 4410 1870 4473 Pii
1889 4427 2012 4487 pro
2038 4427 2136 4488 pr.
2168 4409 2541 4470 Germaniae
2577 4427 2757 4486 super.
2858 4431 2860 4492 Q
