2917 5017
820 331 900 382 De
933 330 1102 383 Gallia
1135 330 1483 382 Romanorum
1524 334 1801 397 provincia.
2382 329 2465 398 65

21 491 23 496 ’
131 487 427 554 obtinere
472 493 870 576 provinciam
914 495 1104 559 etiam
1147 515 1316 569 eum,
1361 495 1474 580 qui
1518 495 1759 560 Romae
1804 508 2171 562 versaretur
2210 498 2467 582 (quam-

129 619 326 680 quam
383 599 720 664 insolitum
773 602 843 664 id
893 614 1028 686 erat
1076 624 1342 687 eamque
1393 603 1477 667 ob
1522 625 1657 668 rem
1722 602 1801 667 ab
1853 603 2063 669 Dione
2120 610 2469 687 narratur),

129 705 372 770 deinde
423 708 490 771 in
531 709 674 794 ipso
708 710 834 799 iam
877 711 1236 786 consulatu,
1286 733 1414 774 non
1459 710 1653 775 modo
1689 723 1837 796 post
1870 723 2168 776 exactum
2197 714 2263 778 in
2306 713 2469 779 urbe

20 857 22 864 ·
127 816 562 900 magistratus
615 841 878 894 annum,
919 819 1256 884 Metellum
1301 819 1694 904 provinciam
1740 820 2121 886 obtinuisse.
2208 822 2469 887 Etenim

125 924 305 1007 quod
353 925 444 988 L.
490 926 761 990 Flavius
821 927 1212 999 minabatur,
1279 928 1491 992 facere
1544 929 1755 1012 potuit
1812 929 2123 1013 quamdiu
2170 929 2469 994 tribunus

127 1032 339 1116 plebis
387 1044 564 1109 erat,
625 1035 738 1098 sed
803 1057 947 1100 cum
1003 1045 1289 1100 extremo
1345 1058 1513 1100 anno
1560 1037 1641 1101 60
1684 1036 2015 1102 tribunatu
2059 1037 2469 1113 decessisset,

129 1141 264 1204 sine
315 1141 533 1205 dubio
567 1141 834 1206 Metello
873 1143 940 1205 in
983 1143 1406 1229 provinciam,
1449 1166 1645 1227 quam
1688 1168 2015 1229 nunquam
2062 1146 2469 1232 deposuerat,

93 1248 302 1324 ⁸exire
352 1247 646 1314 licebat..
685 1248 1092 1335 Quamquam
1129 1275 1209 1316 ne
1253 1253 1617 1336 insequenti
1661 1252 1923 1335 quidem
1968 1275 2135 1318 anno
2178 1255 2469 1330 Romam,

129 1367 195 1419 ut
239 1358 310 1420 in
355 1358 770 1441 provinciam
815 1359 1350 1444 proficisceretur,
1397 1359 1675 1444 reliquit.
1740 1359 1905 1424 Nam
1952 1362 2094 1446 ipso
2130 1363 2253 1425 hoc
2280 1384 2469 1438 anne,

131 1487 256 1547 quo
281 1464 742 1531 Narbonensis
785 1466 1036 1537 Galliae
1077 1490 1192 1553 pro
1241 1467 1504 1532 consule
1550 1479 1705 1543 erat,
1752 1479 2047 1532 mortuus
2092 1480 2189 1533 est
2234 1470 2469 1554 (siqui-

133 1572 280 1637 dem
326 1573 408 1639 P.
457 1573 832 1649 Vatinium,
899 1574 1054 1638 dum
1117 1577 1420 1640 tribunus
1478 1574 1689 1661 plebis
1730 1589 1861 1651 est,
1916 1577 1983 1639 id
2029 1579 2243 1660 egisse
2288 1589 2361 1642 ut
2402 1577 2468 1643 in

137 1681 278 1745 eius
343 1682 566 1745 locum
623 1703 838 1766 augur
895 1681 1110 1758 fieret,
1176 1693 1391 1746 narrat
1448 1680 1681 1747 Cicero
1752 1707 1815 1768 p.
1870 1684 2041 1748 Sest.
2098 1687 2171 1762 83
2240 1687 2323 1751 cf.
2386 1687 2469 1752 ad

159 1794 286 1852 Aa.
325 1791 418 1866 II,
459 1789 530 1872 9)
583 1813 661 1854 ac
705 1802 998 1855 mortuus
1037 1803 1136 1856 est
1181 1792 1397 1857 subito
1441 1792 1547 1856 die
1590 1792 1777 1856 tertio
1819 1805 2161 1877 postquam
2211 1793 2469 1879 publice

147 1899 218 1961 in
269 1899 428 1962 urbe
461 1899 696 1983 prodiit
741 1897 908 1982 (Cic.
957 1923 1070 1984 pro
1111 1897 1289 1964 Cael.
1333 1923 1387 1964 c.
1432 1900 1563 1970 24).
1664 1899 1885 1980 Quare
1927 1921 2042 1984 per
2082 1911 2277 1964 totam
2322 1923 2471 1986 pro-

139 2006 388 2070 vinciae
431 2007 1053 2071 administrationem
1103 2007 1384 2072 Galliam
1419 2007 1905 2072 Narbonensem
1946 2029 2275 2091 nunquam
2320 2008 2471 2073 visit

132 2117 246 2201 (cf.
293 2115 436 2178 Dio
479 2114 893 2190 XXXVIII,
941 2116 1033 2199 7),
1079 2138 1198 2179 nec
1245 2127 1454 2180 tamen
1500 2115 1713 2180 minus
1758 2117 1815 2179 ei
1863 2116 2143 2200 praefuit
2188 2139 2307 2181 nec
2348 2118 2471 2181 hoc

135 2223 416 2308 cogitari
453 2245 585 2286 non
629 2233 858 2307 potest,
903 2245 1048 2288 cum
1088 2225 1344 2288 nomine
1388 2236 1576 2287 tenus
1616 2245 1693 2288 ac
1734 2224 1875 2288 iure
1916 2238 2264 2309 praeesset,
2305 2211 2471 2310 quae

135 2333 308 2395 dona
357 2327 734 2395 Suevorum
774 2353 886 2394 rex
925 2333 1205 2408 miserat,
1251 2333 1336 2396 ad
1380 2355 1529 2396 eum
1572 2333 1966 2417 pervenisse.
2056 2328 2228 2395 Cum
2272 2333 2474 2418 igitur

136 2440 219 2522 Q.
264 2439 590 2504 Metellus
635 2463 828 2505 unam
871 2463 949 2504 ex
995 2442 1111 2516 iis,
1165 2463 1324 2524 quas
1361 2437 1503 2504 Cic.
1548 2439 1631 2504 ad
1672 2440 1811 2502 Att.
1854 2440 1921 2514 I,
1974 2440 2047 2502 19
2096 2437 2472 2504 consulibus

135 2549 440 2612 decretas
485 2569 628 2610 esse
657 2549 764 2623 ait,
796 2549 1192 2634 provinciam
1221 2571 1372 2612 vere
1418 2549 1670 2622 rexerit,
1717 2545 2000 2611 dubitari
2026 2548 2269 2632 nequit,
2314 2547 2472 2632 quin

139 2657 394 2741 collega
439 2655 582 2720 eius
613 2653 892 2720 Galliam
916 2654 1314 2742 Cisalpinam
1351 2655 1671 2730 habuerit,
1714 2655 2093 2740 praesertim
2133 2677 2283 2719 cum
2324 2677 2471 2720 eum

145 2776 346 2828 totum
394 2765 815 2849 magistratus
859 2787 1100 2828 annum
1137 2764 1204 2828 in
1249 2763 1412 2828 urbe
1455 2763 1850 2848 transegisse
1888 2772 2137 2827 constet
2182 2761 2353 2847 (Cic.
2388 2762 2473 2828 ad

169 2875 299 2935 Aa.
334 2872 398 2946 l,
435 2873 520 2937 20
575 2883 640 2936 et
681 2872 782 2946 II,
841 2873 931 2956 3).
1027 2873 1456 2958 Triumphum
1512 2871 1813 2956 quidem,
1880 2892 2074 2954 quem
2120 2867 2353 2932 Cicero
2404 2869 2471 2932 in

151 2979 281 3044 Pis.
325 3002 377 3044 c.
417 2980 502 3045 20
551 2991 1022 3056 commemorat,
1067 3003 1148 3044 ex
1192 2990 1491 3066 praetura
1526 2979 1743 3065 pot-ius
1780 2999 1976 3063 quam
2014 2999 2095 3041 ex
2134 2976 2473 3041 consulatu

145 3091 410 3154 videtur
453 3088 688 3173 egisse.

313 3197 661 3262 Persecuti
723 3193 948 3260 sumus
1019 3195 1352 3259 historiam
1408 3195 1779 3280 provinciae
1820 3193 2073 3260 Galliae
2129 3217 2337 3279 usque
2390 3194 2475 3259 ad

138 3307 214 3372 C.
257 3307 424 3372 Iulii
469 3303 766 3369 Caesaris
813 3303 1216 3368 consulatum
1239 3350 1254 3375 ,
1314 3325 1444 3387 quo
1508 3315 1641 3368 toto
1693 3315 1978 3388 tempore
2034 3325 2179 3368 cum
2225 3304 2475 3366 nullum

137 3415 502 3500 vestigium
533 3413 993 3487 invenerimuS,
1038 3410 1214 3495 quod
1245 3411 1441 3474 ullam
1483 3433 1623 3475 eam
1652 3411 2041 3495 peculiarem
2083 3411 2476 3496 provinciam

141 3526 350 3590 fuisse
397 3521 720 3597 ostendat,
767 3543 1020 3607 semper
1058 3542 1202 3583 eam
1227 3519 1661 3582 intelleximus
1698 3541 1845 3582 cum
1866 3518 2053 3582 Italia
2092 3519 2295 3582 fuisse
2322 3541 2476 3582 con-

149 3634 435 3698 iunctam
509 3641 700 3712 atque
769 3628 952 3693 alteri
1025 3627 1360 3692 consulum
1429 3627 1689 3692 evenire
1756 3625 2194 3691 consuevisse.
2310 3623 2475 3688 Nam

165 3741 675 3823 quandocunque
723 3737 824 3801 vel
874 3735 1155 3800 externis
1199 3736 1551 3820 provinciis
1594 3745 1863 3818 uterque
1910 3733 2137 3798 consul
2178 3733 2476 3820 praefuit,

161 3851 327 3915 velut
372 3847 712 3913 dictatoris
741 3847 960 3910 Sullae
989 3859 1294 3930 tempore,
1336 3845 1442 3908 vel
1482 3844 1725 3908 'nullam
1771 3843 2031 3909 omnino
2072 3842 2235 3906 alter
2254 3841 2481 3906 habuit

147 3958 580 4046 provinciam,
626 3955 692 4018 id
735 3953 911 4037 quod
937 3951 1240 4018 Ciceroni
1277 3953 1533 4028 accidit,
1572 3951 1675 4016 vel
1718 3963 1991 4036 uterque
2035 3951 2313 4035 denique
2348 3951 2478 4014 Ita-

146 4070 295 4134 liam
315 4115 333 4144 ,
399 4077 578 4131 certa
623 4063 942 4147 quaedam
1001 4084 1198 4126 causa
1265 4061 1542 4126 suberat.
1635 4061 1820 4126 Haec
1874 4059 2034 4124 ratio
2090 4069 2331 4123 mutata
2382 4068 2481 4123 est

147 4176 225 4243 C.
267 4176 448 4242 Iulio
495 4171 776 4238 Caesare
817 4171 912 4234 M.
961 4166 1316 4254 Calpurnio
1363 4168 1601 4233 Bibulo
1660 4167 2057 4233 consulibus.
2153 4164 2290 4247 Qui
2332 4187 2481 4229 cum

149 4296 446 4372 peterent
496 4281 902 4347 consulatum
953 4278 1276 4363 vulgoque
1319 4289 1701 4362 putarentur
1740 4277 1983 4340 factum
2024 4274 2103 4337 iri
2123 4318 2139 4349 ,
2196 4283 2481 4350 senatus,

150 4407 220 4460 ut
265 4393 596 4482 potentiae
643 4387 942 4455 Caesaris
987 4385 1245 4450 obviam
1283 4387 1441 4462 iret,
1503 4409 1581 4448 ex
1623 4386 1767 4470 lege
1814 4382 2197 4466 Sempronia
2240 4381 2479 4446 futuris

2042 4503 2080 4554 O
