2917 5017
639 352 720 401 De
755 351 928 402 Gallia
962 353 1310 404 Romanorum
1351 356 1615 419 provincia
1652 357 1927 421 appendix.
2322 355 2442 422 179

164 515 542 580 intercalandi
586 515 818 578 factam
864 537 1008 580 esse
1048 515 1131 580 ab
1160 513 1466 593 Curione,
1512 539 1631 582 nec
1674 541 1965 605 pugnare
2002 543 2151 586 cum
2179 519 2442 588 Cicero-

164 625 248 688 nis
275 624 658 700 testimoniis,
699 645 864 708 quae
899 623 1274 700 afferuntur,
1312 626 1460 688 item
1502 649 1568 710 p.
1596 625 1699 702 65,
1744 627 1857 690 ubi
1883 629 1949 692 in
1976 629 2215 713 quibus
2246 629 2443 695 rebus

161 733 226 797 ab
283 730 570 818 Appiano
631 743 692 796 et
750 731 965 796 Dione
1023 732 1392 809 dissentiat,
1441 746 1639 815 negat
1692 757 1923 820 operae
1972 737 2245 821 pretium
2298 759 2444 802 esse

159 840 338 904 afferri
365 887 380 916 ,
441 840 760 924 similique
813 841 1059 905 ratione
1115 843 1320 904 utitur
1373 865 1436 926 p.
1479 843 1561 907 98
1608 854 1672 907 et
1714 866 1775 926 p.
1826 843 1943 908 108
1990 855 2054 908 et
2099 867 2164 930 p.
2218 847 2337 910 118
2380 855 2445 910 et

161 969 340 1030 saepe.
407 945 544 1012 Nec
587 947 822 1014 Graeci
868 949 1061 1014 modo
1107 959 1623 1026 contemnuntur,
1666 951 1779 1014 sed
1824 952 2014 1016 etiam
2050 951 2289 1028 Latini,
2329 975 2443 1017 ve-

153 1055 250 1118 luti
299 1077 372 1139 p..
420 1055 502 1120 79
520 1103 537 1132 ,
605 1057 718 1121 ubi
776 1055 1198 1122 subtilissima
1253 1057 1605 1142 disputatio
1656 1059 2013 1123 instituitur
2070 1059 2152 1124 de
2217 1060 2443 1125 morbo

157 1159 259 1225 Cn.
309 1163 632 1248 Pompeii,
693 1164 952 1249 quando
995 1164 1274 1250 coeperit
1315 1177 1681 1250 aegrotare,
1722 1167 1982 1250 quando
2026 1169 2443 1246 convaluerit,

153 1271 736 1356 reprehenditurque
800 1273 1090 1337 Velleius
1111 1319 1130 1350 ,
1211 1272 1322 1356 qui
1399 1272 1657 1338 biennio
1744 1287 1889 1338 ante
1954 1274 2196 1340 bellum
2254 1278 2442 1341 civile

151 1380 499 1466 Pompeium
545 1391 760 1446 narret
799 1380 1184 1466 gravissima
1226 1381 1593 1446 valetudine
1620 1392 1995 1468 temptatum
2027 1405 2191 1448 esse.
2230 1384 2440 1465 Quasi

150 1509 275 1551 vero
319 1489 586 1554 morbus
627 1490 736 1554 ille
776 1511 906 1553 non
947 1488 1264 1554 eiusmodi
1307 1511 1450 1553 esse
1494 1491 1791 1574 potuerit,
1832 1499 1907 1553 ut
1943 1489 2145 1554 multo
2190 1503 2255 1556 et
2294 1502 2439 1557 ante

149 1595 329 1681 ipsum
377 1598 726 1663 discrimen
777 1610 840 1662 et
894 1607 1044 1683 post
1105 1597 1442 1682 langueret
1494 1619 1615 1662 nec
1672 1599 1829 1662 certi
1888 1599 2143 1664 omnino
2194 1599 2337 1664 dies
2378 1610 2441 1666 et

81 1693 86 1698 ¹
152 1714 456 1786 temptatae
499 1716 562 1770 et
597 1705 928 1772 restitutae
970 1704 1358 1770 valetudinis
1411 1706 1663 1790 possint
1710 1706 1999 1772 indicari.
2086 1705 2221 1772 Sed
2263 1708 2441 1791 quod

155 1811 256 1876 iure
295 1813 556 1890 mirere,
601 1814 790 1879 etiam
833 1812 1076 1879 Caesar
1118 1812 1519 1898 vituperatur
1560 1838 1621 1899 p.
1679 1816 1825 1890 115,
1886 1837 2015 1880 non
2062 1815 2239 1900 quod
2286 1837 2439 1880 cau-

155 1943 263 1983 sam
316 1943 502 1985 suam
551 1933 818 1998 excuset
869 1944 1134 2006 eamque
1189 1921 1521 1988 iustiorem
1565 1921 1773 1987 videri
1826 1922 2059 2008 cupiat,
2100 1923 2219 1987 sed
2262 1923 2441 2007 quod

147 2027 268 2093 bell.
324 2031 448 2094 civ.
507 2030 573 2106 I,
623 2030 663 2094 2
721 2041 785 2094 et
825 2030 861 2095 3
917 2031 1144 2094 eodem
1183 2030 1322 2106 die,
1385 2051 1515 2114 quo
1570 2029 1811 2095 tribuni
1853 2031 1921 2094 in
1964 2041 2190 2096 senatu
2241 2031 2440 2095 inter-

151 2149 450 2202 cesserant
473 2183 492 2213 ,
551 2136 822 2200 relatum
883 2159 1027 2202 esse
1089 2139 1170 2203 de
1231 2137 1693 2203 intercessione
1748 2137 2001 2216 scribit,
2048 2161 2179 2223 qua
2227 2139 2297 2202 in
2349 2161 2441 2216 rc,

145 2255 424 2327 quantum
477 2245 774 2330 equidem
817 2245 1086 2331 reperio,
1127 2268 1250 2311 nec
1289 2269 1436 2311 cum
1468 2247 1933 2312 consuetudine
1972 2269 2095 2312 nec
2126 2269 2278 2312 cum
2306 2247 2441 2312 ullo

140 2353 244 2418 alio
285 2354 599 2439 scriptore
640 2362 908 2439 pugnat.

285 2461 475 2543 Quae
519 2483 664 2526 cum
712 2461 802 2526 ita
847 2471 1082 2538 essent,
1128 2472 1333 2525 totum
1356 2461 1711 2526 Hofmanni
1748 2462 2271 2528 commentarium
2310 2485 2441 2526 non

139 2569 507 2652 putabamus
563 2591 706 2634 esse
763 2568 1282 2654 perlustrandum
1295 2593 1314 2646 3
1374 2569 1536 2633 nihil
1590 2571 1761 2634 enim
1822 2591 2211 2656 magnopere
2264 2569 2443 2653 quod

140 2677 206 2740 ad
233 2677 534 2743 Caesaris
577 2687 642 2742 et
680 2677 962 2763 Pompeii
1001 2657 1106 2741 ius
1143 2676 1597 2762 explicandum
1634 2677 2008 2762 pertineret,
2053 2675 2437 2741 efficeretur.

141 2782 252 2850 Sed
287 2787 458 2850 duas
495 2808 600 2849 res
647 2785 816 2850 addo
835 2831 854 2862 ,
916 2807 1150 2870 parvas
1208 2785 1350 2850 illas
1393 2784 1657 2868 quidem
1700 2796 1763 2848 et
1804 2783 2125 2848 mentione
2168 2786 2441 2850 fortasse

142 2893 326 2958 minus
374 2895 648 2980 dignas,
709 2894 824 2958 sed
865 2915 1028 2976 quas
1081 2903 1336 2958 nostrae
1381 2893 1774 2958 defensionis
1820 2914 2015 2956 causa
2054 2911 2441 2956 commemo-

137 3003 346 3067 randas
404 3025 551 3066 esse
609 3000 1135 3066 existimavimus.
1223 3000 1575 3083 Quaeritur
1629 3000 1801 3065 enim
1862 3009 2203 3084 postquam
2274 3021 2441 3064 anno

138 3110 202 3174 52
239 3112 342 3175 lex
388 3110 702 3196 Pompeia
743 3110 872 3174 lata
909 3120 1029 3185 est,
1065 3120 1140 3173 ut
1187 3119 1513 3194 praetores
1544 3108 1969 3191 consulesque
2004 3106 2441 3190 quinquennio

135 3229 260 3299 post
301 3229 604 3284 exactum
659 3217 1102 3301 magistratum
1145 3215 1511 3302 provincias
1570 3215 1977 3291 sortirentur,
2032 3236 2161 3299 qua
2200 3215 2441 3280 ratione

137 3324 372 3390 interim
437 3307 806 3411 provinciae
863 3325 1198 3390 mandatae
1243 3324 1391 3388 sint.
1475 3322 1581 3386 De
1636 3343 1713 3386 ea
1746 3322 2121 3406 quaestione
2159 3320 2441 3388 breviter

78 3435 81 3500 ἑ
135 3455 255 3508 nos,
305 3433 425 3498 sed
477 3432 734 3498 abunde
773 3447 986 3498 tamen
1032 3432 1314 3496 diximus
1356 3431 1423 3493 in
1472 3438 1809 3494 comment.
1846 3427 2176 3514 epigr-aph.
2200 3430 2349 3497 Vol.
2374 3431 2442 3495 ΙΙ

78 3533 80 3540 ’
137 3563 186 3623 p.
238 3541 361 3606 204
429 3563 554 3624 sq.‚
616 3541 904 3626 disputat
954 3540 1145 3604 etiam
1195 3538 1605 3603 Hofmannus
1644 3559 1709 3621 p.
1757 3535 1908 3611 143,
1959 3538 2283 3621 corrigens
2306 3583 2324 3614 ,
2368 3549 2443 3603 ut

78 3703 80 3722 ς
136 3649 439 3733 opinatur,
479 3660 699 3714 nostra
743 3659 807 3713 et
848 3671 1014 3733 quae
1056 3648 1124 3710 in
1166 3647 1246 3710 iis
1279 3644 1444 3711 falsa
1484 3653 1729 3719 essent,
1792 3643 2098 3708 refutans.
2180 3644 2441 3710 Etenim

133 3757 230 3838 qui
273 3757 536 3822 omnino
579 3756 663 3822 ad
709 3755 1066 3820 sortiendas
1107 3752 1469 3840 provincias
1506 3750 2009 3817 admittebantur
2033 3773 2112 3816 eo
2134 3761 2439 3837 tempore,

136 3885 244 3947 quo
286 3866 436 3951 ipsa
467 3865 572 3929 lex
598 3864 908 3949 Pompeia
943 3863 1156 3928 valere
1195 3852 1483 3926 nondum
1524 3858 1811 3945 poterat?
1870 3856 2117 3924 Omnes
2152 3859 2243 3924 ait
2270 3859 2443 3924 Hof-

135 3993 389 4038 mannus
413 4019 432 4049 ,
503 3973 615 4058 qui
669 3983 816 4036 ante
873 3969 1382 4056 quinquennium
1442 3967 1549 4032 vel
1610 3967 1777 4032 ultra
1838 3966 2195 4051 gessissent
2236 3967 2439 4048 magi-

140 4091 410 4146 stratum.
495 4079 661 4144 Nam
705 4080 772 4145 in
819 4091 1076 4144 senatus
1132 4077 1508 4142 auctoritate
1574 4074 1750 4161 apud
1810 4071 2187 4140 Ciceronem
2258 4075 2441 4160 epist.

138 4186 304 4265 VIII,
349 4189 416 4266 8,
459 4189 520 4264 8,
566 4210 730 4272 quae
769 4187 1114 4253 auctoritas
1159 4185 1244 4251 de
1267 4182 1621 4273 provinciis
1649 4203 1817 4248 anno
1837 4192 1988 4267 post
2009 4183 2222 4268 legem
2242 4181 2441 4247 Pom·

139 4297 330 4378 peiam
373 4295 756 4362 mandandis
801 4296 1039 4383 scripta
1083 4303 1201 4371 est,
1245 4293 1408 4360 haec
1451 4302 1635 4357 sunt:
1678 4295 1738 4354 si
1756 4315 1833 4354 ex
1874 4313 1943 4354 eo
1982 4309 2255 4368 numero,
2296 4309 2443 4368 quos

141 4425 206 4464 ea·
255 4409 314 4467 S.
375 4408 438 4470 G.
491 4410 561 4468 in
610 4407 972 4484 provincias
1021 4407 1114 4466 ire
1171 4411 1474 4484 oporteret
1487 4446 1505 4477 ,
1562 4404 1651 4464 ad
1684 4421 2011 4462 numerum
2048 4418 2177 4460 mm
2230 4405 2442 4474 essent,

1919 4503 2048 4576 12*
