2917 5017
759 325 840 375 De
877 326 1135 377 dictatoris
1173 326 1410 378 Caesaris
1448 329 1746 381 honoribus.
2290 328 2413 397 209

137 493 497 559 urbanarum
547 501 830 579 potestas
884 490 1142 555 videtur
1195 491 1306 557 illa
1366 491 1604 569 fuisse,
1675 516 1801 577 qua
1856 492 2204 562 Caesarem
2266 519 2416 563 cum

138 603 381 689 primum
419 602 726 687 Pompeio
765 599 948 665 Italia
1001 600 1192 685 pulso
1235 600 1509 667 Romam
1564 602 1861 680 intraret,
1924 617 2219 671 ornatum
2268 630 2414 673 esse

137 734 302 797 supra
339 711 503 775 dixi:
559 732 722 795 quae
767 732 911 775 cum
949 710 1017 772 in
1057 709 1276 795 plures
1320 732 1543 786 annos,
1587 720 1661 775 ut
1691 712 1938 798 opinor,
1982 713 2193 779 delata
2224 727 2415 795 esset,

135 820 294 885 etiam
345 829 592 905 postea,
657 819 713 884 si
764 818 1024 904 quando
1081 817 1222 883 aliis
1274 818 1629 884 honoribus
1683 833 1969 899 vacaret,
2034 823 2413 889 sufficiebat.

135 928 290 1009 Quae
327 950 470 993 cum
509 927 595 991 ita
640 927 789 1003 sint,
829 937 892 991 et
918 926 1294 1012 Appianum
1331 950 1460 992 non
1506 928 1698 994 modo
1741 952 1913 1007 vere,
1958 953 2185 998 verum
2224 934 2416 1000 etiam

132 1036 358 1120 reliquis
401 1036 772 1102 auctoribus
817 1035 1144 1122 copiosius
1183 1036 1530 1103 tradidisse
1548 1086 1567 1115 ,
1618 1050 1677 1103 et
1722 1051 1893 1106 recte
1933 1064 2193 1109 versum
2232 1044 2415 1109 illum

131 1146 404 1209 fastorum
441 1143 946 1232 Capitolinorum
987 1169 1028 1211 a
1070 1145 1224 1210 viris
1269 1143 1477 1211 doctis
1520 1148 1763 1233 expleri
1805 1149 2241 1237 intelligemus
2284 1152 2411 1218 sic:

133 1251 194 1317 C·
227 1253 550 1319 IVLIVS·
595 1252 672 1319 C·
719 1256 794 1319 F·
839 1252 917 1319 C·
963 1254 1044 1318 N·
1086 1250 1456 1319 CAESAR

842 1360 1372 1452 DIC[TATOR·
1423 1361 1740 1429 COMIT·
1789 1366 2002 1431 HAB·
2047 1364 2411 1435 GAVSSA

133 1470 276 1534 Addi
309 1470 406 1535 his
441 1482 693 1557 posset:
743 1472 884 1536 ET·
916 1470 1488 1537 LATINARVM·
1518 1473 2018 1539 FERIARVM·
2049 1473 2414 1542 CAVSSA

133 1581 270 1664 (nam
319 1580 434 1645 has
493 1580 576 1645 ab
621 1603 698 1645 eo
740 1581 1092 1647 celebratas
1139 1604 1281 1645 esse
1330 1592 1579 1646 constat
1625 1582 1909 1668 aliosque
1951 1585 2035 1650 ob
2074 1608 2216 1650 eam
2262 1608 2414 1650 cau-

141 1710 238 1751 sam
281 1688 624 1754 dictatores
679 1690 950 1773 factos),
1007 1690 1122 1755 sed
1177 1690 1489 1775 spatium,
1553 1692 1729 1775 quod
1772 1714 2049 1757 vacuum
2096 1703 2226 1770 est,
2288 1715 2415 1757 non

142 1794 346 1860 videtur
384 1806 479 1861 tot
527 1798 728 1864 verba
772 1820 1020 1884 capere.

263 1906 588 1972 Successit
626 1907 786 1971 alter
825 1904 1122 1973 Caesaris
1163 1907 1554 1983 consulatue,
1600 1907 1682 1984 is,
1728 1908 1810 1972 de
1846 1930 1977 1993 quo
2018 1909 2223 1974 omnis
2273 1908 2412 1974 bel-

133 2012 299 2077 lorum
341 2014 634 2080 civilium
675 2016 998 2081 contentio
1039 2027 1382 2092 exarserat,
1428 2016 1591 2102 ipsis
1637 2015 1861 2080 decem
1900 2026 2240 2102 postquam
2280 2016 2413 2102 pri-

131 2144 272 2186 mum
310 2124 536 2209 gessit,
581 2126 766 2191 annis
813 2134 1177 2209 susceptus,
1223 2122 1774 2208 quemadmodum
1816 2121 2061 2191 Caesar
2101 2125 2248 2191 bell.
2290 2126 2411 2190 civ.

131 2230 223 2306 III,
267 2234 284 2295 1
337 2233 452 2297 ait:
522 2236 631 2297 illo
671 2256 840 2296 anno
877 2256 938 2297 se
969 2256 1082 2315 per
1123 2236 1280 2313 leges
1325 2236 1635 2295 consulem
1662 2236 1821 2313 fieri
1859 2237 2117 2298 lebuine.
2200 2235 2413 2299 Perti-

130 2349 212 2402 net
251 2362 319 2405 eo
361 2364 596 2407 versus
641 2352 910 2427 quartus
956 2340 1302 2425 fragmenti
1345 2338 1729 2427 Capitolinis
2030 2348 2045 2359 “

134 2444 191 2510 C·
231 2448 555 2516 IVLIVS·
600 2448 676 2515 C·
724 2450 797 2513 F·
843 2447 919 2515 C·
959 2450 1040 2515 N·
1091 2447 1460 2515 CAESAR
1498 2450 1568 2513 II

355 2558 431 2622 P·
477 2556 1018 2647 SERWILIVS·
1063 2559 1140 2623 P·
1185 2559 1265 2623 F·
1311 2556 1388 2623 C·
1433 2558 1515 2622 N·
1561 2556 1872 2623 VATIA·
1919 2556 2410 2625 ISAVRICVS

82 2668 87 2704 '²
131 2662 500 2750 Quamquam
539 2690 686 2731 eum
725 2688 854 2731 non
895 2667 963 2731 in
999 2666 1162 2733 urbe
1201 2666 1344 2731 iniit
1382 2662 1645 2742 Caesar,
1692 2666 1808 2731 sed
1852 2667 2185 2733 Brundisii
2202 2692 2219 2745 3
2265 2691 2415 2733 nam

133 2772 266 2859 App.
307 2775 455 2841 bell.
505 2776 624 2841 civ.
663 2774 764 2852 H,
816 2775 896 2841 48
943 2798 1092 2841 eum
1136 2773 1487 2840 Decembri
1535 2796 1753 2840 mense
1800 2786 1861 2839 et
1904 2775 2037 2839 Dio
2080 2775 2283 2853 XLI,
2331 2776 2411 2841 39

81 2886 87 2921 ῑ
135 2893 426 2967 antequam
455 2884 864 2949 consulatum
895 2884 1358 2970 auspicaretur,
1391 2884 1593 2949 Roma
1620 2882 1831 2948 exisse
1860 2882 2169 2960 scribunt,
2197 2884 2413 2947 Brun-

81 2976 84 2982 *
133 2988 261 3054 disio
302 3004 518 3059 autem
560 2992 727 3078 prid.
768 2992 936 3057 Non.
975 2994 1112 3058 Ian.
1157 3015 1356 3059 naves
1399 3014 1466 3057 se
1514 2992 1783 3057 solvisse
1820 2990 1961 3077 ipse
2006 3002 2220 3056 narrat
2264 2990 2412 3057 bell.

82 3114 88 3141 ²
131 3098 224 3164 civ.
257 3100 372 3179 ΠΙ,
419 3103 480 3168 6.
567 3102 806 3165 Totum
843 3102 1046 3187 igitur
1087 3102 1491 3167 consulatum
1532 3102 1733 3187 gessit
1766 3099 2020 3177 absens,
2068 3122 2216 3165 cum
2258 3098 2413 3165 Ser-

83 3212 87 3217 ’
131 3208 320 3286 vilius,
379 3211 494 3295 qui
551 3232 725 3275 unus
769 3210 851 3275 ab
892 3210 1091 3275 Dion.
1131 3210 1375 3288 XLII,
1425 3212 1500 3277 17
1560 3210 1627 3276 in
1667 3210 1864 3276 rebus
1912 3207 2177 3275 urbanis
2219 3206 2415 3273 huius

82 3358 84 3360 >
130 3318 392 3403 temporis
434 3317 776 3385 narrandis
818 3331 1369 3395 commemoratur,
1411 3320 1627 3384 omnia
1666 3340 1931 3384 munera
1972 3320 2149 3383 solus
2190 3316 2415 3383 obiret.

83 3464 86 3466 Α
134 3420 330 3489 Tenuit
385 3437 602 3492 tamen
657 3426 1034 3513 dignitatem
1081 3428 1366 3493 consulis
1415 3424 1659 3493 Caesar
1702 3427 1893 3493 etiam
1935 3426 2205 3502 absens3
2266 3448 2417 3491 nam

82 3541 84 3545 ’
134 3552 246 3597 oum
287 3547 572 3601 extremo
611 3557 779 3601 anno
822 3534 901 3601 48
949 3533 1412 3601 Alexandriam
1453 3536 1775 3612 venisset,
1838 3534 2061 3599 scribit
2098 3534 2247 3599 bell.
2290 3535 2414 3600 civ.

84 3649 86 3681 ῑ
132 3634 360 3716 111,107
407 3666 527 3729 pro
573 3643 911 3709 consulatu
953 3664 1144 3727 quem
1190 3654 1466 3729 gereret,
1512 3666 1579 3709 se
1609 3664 1837 3729 regum
1863 3641 2416 3730 Aegyptiacorum

82 3760 90 3793 ὲ
135 3753 566 3817 controversias
626 3750 710 3817 ad
773 3774 964 3817 suum
1027 3750 1343 3817 iudicium
1404 3774 1693 3819 vocasse.
1796 3750 1933 3817 Sed
1976 3751 2219 3817 Romae
2270 3760 2419 3837 post

84 3868 85 3871 ’
133 3875 380 3943 pugnam
431 3860 870 3927 Pharsalicam
931 3869 1192 3925 senatus
1253 3861 1661 3947 populusque
1726 3861 1928 3926 multa
1983 3862 2053 3924 in
2108 3860 2417 3924 honorem

82 3954 85 4011 ἶ
137 3959 394 4035 Caesaris
436 3969 743 4047 decrevit,
787 3969 869 4033 de
910 3968 1148 4053 quibus
1190 3968 1320 4033 Dio
1356 3969 1583 4047 XLH,
1629 3970 1703 4035 18
1732 3991 1825 4054 sq.
1868 3969 1963 4034 sic
2002 3978 2239 4046 narrat,
2283 3966 2416 4054 pri-

81 4084 86 4117 ²
138 4093 276 4139 mum
316 4078 504 4143 allato
545 4079 628 4144 de
670 4078 940 4144 victoria
979 4077 1206 4141 nuntio
1253 4077 1412 4143 nihil
1451 4078 1629 4144 aliud
1674 4100 1817 4143 esse
1862 4076 2124 4155 factum,
2174 4076 2300 4142 nisi
2344 4084 2419 4141 ut

81 4190 88 4223 ⁷
140 4179 286 4262 plebs
339 4184 460 4253 Cn.
516 4186 810 4273 Pompeii
871 4196 935 4251 et
987 4184 1068 4251 L.
1120 4184 1340 4251 Sullae
1401 4196 1645 4253 statuas
1705 4208 1821 4273 pro
1884 4185 2108 4251 rostris
2174 4184 2437 4269 positas,

82 4326 85 4333 ·
141 4304 411 4361 everteret
469 4296 602 4377 (τὰς
661 4298 767 4380 μὲν
831 4295 1069 4365 εἰκόνας
1121 4302 1227 4359 τοῦ
1273 4318 1336 4359 τε
1383 4294 1711 4380 Πομπηΐου
1759 4296 1861 4357 καὶ
1908 4299 2015 4357 τοῦ
2059 4292 2266 4357 Σύλλα
2310 4292 2417 4359 τὰς

82 4410 85 4443 ἑ·
144 4396 218 4461 ἐπὶ
266 4411 344 4489 τῷ
404 4406 623 4490 βήματι
676 4406 949 4474 ἑστώσας
999 4405 1278 4482 ἀνεῖλον,
1337 4404 1491 4469 ἄλλο
1560 4405 1629 4467 δὲ
1689 4403 1866 4467 οὐδὲν
1916 4401 2050 4465 τότε
2098 4398 2414 4486 ἔπραξαν),

1936 4508 2013 4575 14
