2917 5017
840 319 924 368 De
957 317 1128 368 Gallia
1160 317 1515 366 Romanorum
1552 318 1833 381 provincia.
2320 313 2481 378 —109

155 501 304 542 esse
375 479 822 564 suspicamur,
881 487 954 542 ut
1009 488 1073 541 et
1129 477 1384 542 Plinius
1441 487 1507 540 et
1568 476 1804 544 Strabo
1860 489 2031 543 recte
2088 479 2489 544 tradiderint.

154 588 334 650 Ante
391 610 632 652 annum
682 587 760 652 16
805 609 862 651 a.
900 583 1054 649 Chr.
1100 584 1368 670 Belgica
1427 585 1509 648 ad
1556 587 1767 651 fontes
1809 586 2023 650 Rheni
2064 587 2493 672 Rhodanique

153 694 556 780 pertinebat,
601 696 859 779 qualem
903 694 1156 758 Plinius
1201 691 1460 768 definit,
1508 704 1643 757 tum
1684 705 1947 780 accepta
1980 695 2163 760 clade
2194 695 2493 761 Lolliana

152 802 514 885 Augustus
557 825 706 867 cum
741 803 881 887 ipse
920 801 1308 876 advenisset,
1349 811 1414 864 et
1448 800 1733 866 Lollium
1770 803 1855 867 ad
1888 803 2253 869 inferiorem
2284 805 2495 869 Rheni

149 921 431 996 partem,
481 921 556 975 ut
598 909 904 976 barbaros
947 909 1306 994 repelleret,
1343 908 1605 992 reliquit
1644 911 1821 994 (nam
1860 911 1983 975 hoc
2020 923 2085 976 et
2112 935 2192 977 ex
2220 912 2301 977 iis
2330 933 2493 996 quae

151 1019 284 1083 Dio
329 1019 524 1094 LIV,
569 1019 650 1084 ‘20
693 1028 928 1094 narrat,
977 1018 1246 1083 coniicio
1295 1028 1360 1082 et
1401 1018 1577 1101 quod
1620 1018 2001 1104 Augustum
2040 1020 2232 1084 etiam
2268 1029 2495 1105 postea

151 1127 360 1192 Lollii
405 1149 606 1212 opera
650 1150 844 1192 usum
887 1149 1032 1191 esse
1073 1125 1282 1200 vide0,
1327 1125 1517 1190 facile
1558 1126 1821 1206 credo),
1866 1137 1929 1192 et
1970 1127 2113 1213 ipse
2154 1127 2493 1213 Lugduni,

155 1235 424 1318 opinor,
487 1257 656 1319 quae
715 1233 1214 1320 opulentissima·
1253 1255 1471 1297 earum
1525 1234 1867 1320 regionum
1908 1235 2069 1300 urbs
2112 1248 2281 1313 erat,
2338 1259 2492 1300 con-

157 1345 400 1410 sistens
449 1347 559 1428 (ac
597 1365 946 1408 consuesse
973 1341 1354 1426 Augustum
1393 1364 1543 1405 cum
1576 1342 1645 1405 in
1673 1341 1905 1407 Galliis
1944 1355 2135 1419 esset,
2176 1344 2493 1428 Lugduni

157 1455 444 1517 maxime
493 1451 870 1517 commorari
913 1459 1128 1516 narrat
1175 1449 1306 1513 Dio
1331 1449 1515 1526 LIV,
1547 1450 1657 1532 36)
1702 1451 2039 1515 Tiberium
2080 1463 2303 1516 contra
2325 1453 2492 1517 Rae-

155 1570 276 1637 tos,
330 1561 450 1646 qui
495 1560 648 1624 item
691 1583 866 1625 arma
907 1567 1258 1633 moverant,
1301 1558 1494 1622 misit.
1588 1559 1700 1624 Sic
1743 1560 2005 1637 factum,
2052 1570 2147 1636 ut,
2192 1560 2495 1643 quoniam

157 1670 527 1754 legatorum
590 1667 958 1753 provinciae
1015 1665 1410 1751 separandae
1457 1675 1668 1741 erant,
1729 1666 2201 1752 Lugdunensis
2243 1669 2368 1733 iam
2410 1669 2495 1733 ad

167 1777 470 1842 Rhenum
512 1778 810 1861 ultraque
857 1775 1310 1840 extenderetur
1365 1795 1795 1858 magnamque
1840 1798 2059 1839 eorum
2078 1823 2095 1851 ,
2155 1777 2266 1859 qui
2312 1789 2499 1841 antea

163 1885 478 1971 Belgicae
524 1887 800 1960 fuerant,
844 1883 1230 1968 populorum
1273 1895 1519 1966 partem
1564 1883 2151 1967 comprehenderet.
2248 1883 2496 1964 Quam-

157 2016 360 2076 quam
432 1994 626 2069 haec,
697 2013 862 2076 quae
936 1989 1432 2074 explicavimus,
1488 1991 1913 2057 ,coniecturae
1980 2014 2125 2056 esse
2178 1991 2496 2069 videmus,

153 2124 382 2186 neque
435 2101 503 2165 in
563 2123 640 2164 ea
687 2100 778 2163 ita
821 2099 1274 2184 persistemus,
1332 2113 1400 2162 ut
1449 2120 1612 2175 non,
1668 2101 1721 2164 si
1768 2101 1927 2184 quid
1974 2102 2203 2166 melius
2248 2101 2327 2165 ab
2372 2102 2497 2166 alio

39 2264 44 2271 .
150 2210 498 2285 afferatur,
543 2208 730 2272 facile
763 2208 846 2272 de
887 2230 960 2271 ea
997 2206 1428 2272 deducamur:
1474 2207 1636 2271 illud
1676 2223 1847 2274 certe
1888 2210 2187 2274 videmur
2227 2209 2495 2294 demon-

155 2329 414 2382 strasse
435 2364 454 2392 ‚
506 2339 738 2403 parum
785 2327 957 2380 recte
1012 2317 1256 2390 facere,
1321 2315 1430 2400 qui
1476 2317 1559 2380 de
1602 2338 1818 2381 errore
1862 2317 1967 2382 vel
2013 2315 2349 2381 Strabonis
2392 2319 2497 2383 vel

150 2425 362 2488 Plinii
405 2424 818 2490 declamitent
855 2446 1064 2507 neque
1101 2445 1220 2509 per
1253 2431 1384 2489 tam
1422 2424 1803 2489 diuturnum
1827 2424 2117 2510 Augusti
2158 2425 2497 2510 imperium

151 2532 300 2597 fieri
351 2532 644 2618 potuisse
689 2532 997 2617 cogitent,
1043 2542 1116 2596 ut
1154 2531 1515 2598 Galliarum
1552 2533 1789 2598 divisio
1834 2544 2209 2598 mutaretur.

337 2640 481 2704 Sed
522 2641 646 2705 hoc
682 2641 846 2716 1000,
885 2651 960 2704 ut
991 2641 1374 2726 populorum
1401 2639 1611 2706 Gallis
1641 2640 2111 2726 Germanisque
2138 2643 2498 2706 vicinorum

165 2751 502 2814 fortunam
543 2749 1029 2823 illustraremus,
1074 2748 1236 2813 fines
1280 2749 1432 2813 huic
1474 2749 1895 2835 disputationi
1938 2751 2301 2836 propositas
2340 2772 2499 2835 pau-

163 2857 307 2921 ·lum
345 2857 582 2943 egredi
619 2857 1010 2939 Raetiaeque
1049 2867 1112 2920 et
1132 2855 1352 2921 Norici
1393 2879 1540 2921 cum
1564 2858 1899 2922 Pannonia
1936 2858 2260 2923 coniuncti
2296 2859 2501 2922 histo-

169 2965 324 3029 riam
386 2965 668 3028 ulterius
725 2965 1027 3049 persequi
1079 2965 1342 3050 placuit.
1430 2965 1533 3030 Ac
1577 2965 1871 3030 Raetiam
1912 2966 2179 3050 quidem
2226 2967 2500 3052 impera·

163 3074 330 3138 toris
377 3072 645 3136 Traiani
691 3083 896 3136 aetate
937 3073 1032 3136 ita
1075 3072 1460 3137 Germaniae
1506 3073 1855 3158 superioris
1910 3073 2141 3159 legatis
2184 3076 2499 3160 paruisse,

155 3193 238 3245 ut
311 3203 472 3245 suos
535 3191 746 3246 tamen
807 3191 1256 3266 procuratores
1321 3179 1586 3246 haberet
1604 3228 1621 3258 ,
1688 3182 1912 3267 paulo,
1940 3205 2137 3268 supra
2196 3181 2500 3248 diximus.

157 3289 556 3374 Eademque
601 3289 764 3353 ratio
811 3301 1036 3375 postea
1061 3288 1366 3353 constitit.
1433 3288 1599 3353 Nam
1626 3288 2031 3375 Capitolinus
2056 3291 2123 3354 in
2150 3290 2245 3354 M.
2276 3291 2500 3356 Aurel.

161 3423 222 3464 c.
263 3401 306 3466 8
359 3410 611 3476 narrat,
659 3421 808 3462 cum
851 3394 1024 3462 Catti
1069 3398 1136 3461 in
1181 3395 1599 3462 Germaniam
1644 3421 1721 3463 ac
1764 3399 2055 3473 Raetiam
2096 3399 2501 3484 irrupissent,

165 3518 402 3572 contra
451 3529 564 3572 eos
635 3507 908 3572 missum
977 3527 1120 3571 esse
1173 3504 1513 3569 Aufidium
1556 3505 2000 3582 Victorinum,
2082 3529 2273 3590 quem
2352 3507 2503 3571 inde

167 3639 447 3700 prorsus
495 3639 575 3680 ex
613 3625 830 3680 vetere
877 3612 1343 3678 consuetudine
1387 3624 1452 3677 et
1480 3611 1867 3678 Germaniae
1908 3614 2223 3699 superiori
2252 3624 2315 3678 et
2335 3614 2505 3678 Rae-

179 3725 292 3790 tiae
338 3725 705 3811 praefuisse
741 3724 1194 3807 intelligemus.
1263 3721 1525 3786 Accidit
1569 3735 1783 3787 autem
1829 3721 1953 3787 hoc
1990 3718 2329 3788 Cattorum
2366 3721 2505 3788 bel-

177 3831 305 3898 lum
357 3833 507 3918 ipso
552 3832 736 3896 initio
778 3831 1034 3918 imperii
1077 3830 1378 3894 divorum
1419 3831 1711 3907 fratrum,
1756 3833 1809 3896 si
1850 3832 2112 3915 quidem
2152 3842 2216 3895 et
2254 3832 2335 3896 ab
2376 3829 2505 3896 Ca-

171 3942 450 4026 pitolino
487 3951 634 4006 ante
673 3939 914 4005 bellum
961 3938 1334 4003 Parthicum
1377 3936 1460 4003 ab
1499 3939 1675 4004 Vero
1720 3949 2096 4024 susceptum
2136 3940 2505 4016 collocatur,

176 4062 238 4114 et
272 4049 522 4115 bellum
548 4048 1014 4124 Britannicum,
1058 4047 1229 4131 quod
1271 4047 1499 4112 eodem
1536 4059 1821 4133 tempore
1847 4048 2159 4133 irrupisse
2190 4057 2505 4124 narratur,

177 4182 216 4222 a
267 4157 427 4223 Sex.
485 4153 844 4241 Calpurnio
899 4155 1244 4240 Agricola,
1303 4178 1431 4220 cos.
1489 4156 1638 4220 anni
1684 4157 1837 4232 145,
1896 4167 1970 4220 ut
2022 4156 2385 4241 Borghesio
2438 4155 2507 4218 in

181 4265 382 4330 Mem.
421 4266 587 4331 Inst.
623 4265 796 4330 arch.
825 4264 860 4328 I
897 4287 962 4349 p.
991 4265 1060 4329 41
1112 4264 1391 4340 videtur,
1427 4264 1555 4326 iam
1598 4285 1767 4328 anno
1809 4263 1927 4328 162
1967 4287 2025 4348 p.
2056 4261 2211 4328 Chr.
2250 4273 2508 4346 gestum

183 4398 325 4440 esse
370 4373 706 4461 probabile
751 4384 869 4437 est.
939 4369 1044 4436 Cf.
1081 4371 1160 4435 E.
1186 4371 1483 4436 Hfibner.
1524 4373 1589 4434 in
1614 4371 1791 4436 Mus.
1816 4371 2025 4435 Rhen.
2047 4363 2209 4446 XII,
2243 4376 2270 4435 1
2317 4395 2377 4456 p.
2404 4371 2507 4436 61.
