2917 5017
867 325 952 374 De
991 322 1164 374 Gallia
1197 324 1551 376 Romanorum
1598 326 1874 390 provincia.
2446 325 2525 391 37

171 487 408 572 legem
451 488 833 554 voluissent.
923 486 1334 572 Quamquam
1384 487 1450 550 in
1506 487 1629 553 hac
1673 489 1999 555 censoriae
2052 502 2116 555 et
2169 493 2527 559 consularis

167 596 534 681 potestatis
575 595 1026 660 coniunctione
1057 594 1362 660 maiorem
1403 605 1617 660 tamen
1657 596 1787 661 vim
1830 595 2031 664 fuisse
2056 597 2331 664 arbitror
2372 622 2527 666 con-

175 704 429 768 sularis
451 752 472 781 ,
527 727 728 789 quare
789 725 938 768 cum
995 725 1076 768 ex
1131 701 1512 768 censoribus
1564 703 1716 768 anni
1765 703 1846 770 89
1904 706 2065 772 alter
2118 706 2527 786 decessisset,

169 812 348 877 alter
392 835 519 898 per
553 813 906 878 seditiones
938 812 1162 877 civiles
1203 811 1580 876 interfectus
1616 820 1808 888 esset,
1854 812 2061 878 omnis
2084 814 2529 882 faciendorum

171 921 438 986 civium
484 931 772 1006 potestas
811 919 896 986 ad
951 919 1250 984 consules
1308 919 1559 984 transiit
1624 940 1827 1004 eoque
1872 921 2116 1008 magis,
2182 921 2357 1008 quod
2399 945 2529 988 non

173 1029 400 1094 multo
446 1038 600 1114 post
647 1051 926 1094 censura
949 1024 1236 1092 Sullanis
1270 1025 1531 1111 legibus
1560 1025 1821 1090 omnino
1854 1025 2107 1095 sublata
2132 1039 2249 1095 est.
2302 1031 2529 1116 Itaque

172 1146 240 1202 et
305 1136 606 1201 Mariani
663 1146 1004 1222 postquam
1068 1132 1402 1220 republica
1451 1133 1917 1219 consulamque
1966 1137 2152 1222 potiti
2204 1150 2387 1216 sunt,
2454 1149 2529 1203 ut

173 1257 406 1330 partes
449 1267 606 1310 suas
664 1244 1142 1317 confirmarent,
1203 1241 1517 1328 plurimos
1574 1243 1849 1328 populos
1902 1243 1969 1308 in
2027 1246 2351 1312 civitatem
2394 1248 2528 1313 Ro-

174 1377 458 1419 manam
498 1351 678 1416 nulla
723 1373 890 1416 nova
939 1352 1084 1436 lege
1144 1349 1270 1413 lata
1325 1361 1736 1437 receperunt,
1800 1363 1863 1416 et
1922 1375 2150 1418 rursus
2194 1354 2276 1418 L.
2324 1351 2528 1434 Sulla,

173 1461 286 1526 cui
350 1460 612 1525 etiamsi
681 1482 796 1545 per
858 1459 1070 1544 legem
1125 1457 1450 1524 Valeriam
1506 1458 1588 1522 de
1642 1458 1961 1525 dictatura
2020 1483 2150 1526 non
2217 1462 2529 1539 licuisset,

173 1581 404 1634 tamen
453 1591 570 1652 per
603 1568 1028 1643 consulatum,
1067 1589 1257 1650 quem
1300 1588 1469 1631 anno
1510 1566 1591 1631 80
1634 1565 1877 1644 habuit,
1921 1568 2175 1646 licebat,
2234 1581 2297 1634 et
2340 1571 2527 1636 resti-

173 1688 326 1741 tuta
371 1698 549 1742 anno
592 1677 676 1742 70
717 1699 834 1762 per
877 1672 998 1739 Cn.
1035 1674 1418 1760 Pompeium
1461 1696 1736 1738 censura
1784 1675 1865 1739 de
1922 1675 2145 1740 eadem
2200 1699 2271 1741 re
2311 1677 2528 1742 denuo

175 1795 414 1849 actum
459 1794 560 1850 est
603 1796 668 1848 et
710 1785 986 1868 denique
1028 1804 1196 1848 anno
1242 1782 1321 1847 49
1379 1782 1657 1846 dictator
1700 1776 1973 1858 Caesar,
2026 1804 2173 1848 cum
2229 1771 2529 1851 censores

187 1893 532 1979 superiore
573 1914 744 1956 anno
785 1891 979 1956 creati
1024 1891 1152 1976 Ap.
1200 1887 1522 1954 Claudius
1563 1887 1849 1953 Pulcher
1904 1903 1969 1954 et
2012 1891 2091 1954 L.
2134 1887 2529 1977 Calpurnius

181 2001 354 2065 Piso
405 2001 788 2083 magistratu
811 1999 1119 2074 abissent,
1165 2020 1280 2084 pro
1308 1997 1632 2062 consulari
1672 2007 1983 2082 potestate
2026 1997 2203 2062 nulla
2232 1997 2357 2063 alia
2384 1999 2529 2085 lege

190 2109 328 2174 lata
371 2109 542 2194 ipsis
592 2107 1073 2192 Transpadanis
1119 2105 1440 2170 civitatem
1487 2106 1733 2170 tribuit.

363 2218 462 2281 At
503 2217 678 2280 enim
714 2225 964 2301 praeter
1006 2215 1192 2289 hanc,
1235 2212 1318 2277 de
1361 2236 1489 2297 qua
1518 2213 2020 2298 disputavimus,
2062 2215 2275 2300 legem
2297 2214 2529 2280 Iuliam

187 2326 385 2390 etiam
456 2325 584 2388 alia
661 2323 742 2388 de
813 2322 1070 2388 civitate
1137 2322 1264 2385 lata
1329 2333 1425 2385 est
1491 2345 1659 2386 anno
1719 2321 1799 2388 89
1863 2321 2119 2386 Plautia
2177 2323 2437 2409 Papiria
2492 2347 2533 2387 a

187 2433 288 2496 M.
335 2431 600 2497 Plautio
643 2429 910 2494 Silvano
955 2440 1018 2494 et
1062 2424 1136 2491 C.
1180 2428 1438 2512 Papirio
1482 2427 1783 2493 Carbone
1828 2429 2105 2494 tribunis
2144 2429 2382 2516 plebis,
2448 2430 2532 2497 de

189 2541 388 2605 cuius
435 2550 723 2623 tempore
769 2560 916 2602 cum
955 2537 1065 2600 alii
1112 2537 1233 2601 viri
1291 2536 1503 2612 docti,
1557 2537 1736 2600 velut
1784 2534 2073 2601 Orellius
2134 2537 2201 2600 in
2248 2559 2532 2604 excursu

192 2649 277 2712 ad
301 2645 647 2712 Ciceronis
691 2645 1043 2710 orationem
1087 2667 1204 2731 pro
1241 2644 1441 2711 Arch.
1484 2645 1551 2707 in
1582 2641 1877 2709 Ciceron.
1924 2655 2080 2709 orat.
2130 2645 2345 2710 select.
2371 2644 2531 2723 XV,

199 2755 429 2820 Turici
465 2753 647 2829 1836,
675 2777 735 2838 p.
767 2752 887 2817 459
917 2753 1072 2818 satis
1116 2763 1290 2817 recte
1331 2751 1725 2828 iudicarunt,
1766 2761 1905 2816 tum
1930 2752 2105 2816 Bart.
2128 2752 2531 2837 Borghesius

213 2861 280 2923 in
295 2863 528 2926 Dium.
563 2860 806 2926 Arcad.
845 2861 994 2924 anni
1021 2861 1205 2936 1829,
1245 2863 1270 2924 1
1321 2883 1382 2945 p.
1413 2860 1531 2924 115
1558 2881 1651 2942 sq.
1696 2881 1931 2945 magna
1974 2881 2125 2924 cum
2170 2859 2533 2924 eruditione

211 2969 534 3035 disseruit.
642 2968 806 3034 Eius
873 2978 1166 3032 naturam
1224 2968 1306 3032 ab
1370 2968 1519 3052 lege
1574 2966 1743 3030 Iulia
1788 2966 2109 3030 diversam
2164 2967 2367 3030 fuisse
2429 2968 2535 3033 vel

199 3081 363 3145 haec
408 3101 514 3142 res
558 3076 766 3152 docet,
807 3076 986 3161 quod
1031 3076 1112 3140 ab
1151 3074 1428 3140 tribunis
1453 3074 1663 3160 plebis
1694 3073 1735 3138 i.
1756 3097 1812 3138 e.
1840 3096 1967 3138 non
1998 3085 2257 3140 auctore
2285 3085 2532 3153 senatu,

195 3188 314 3273 qui
360 3207 616 3251 omnem
668 3184 974 3249 maiorem
1031 3182 1478 3246 liberalitatem
1530 3181 1943 3267 prohibebat,
1998 3182 2113 3246 sed
2167 3206 2205 3247 a
2240 3183 2535 3269 populari

203 3295 488 3362 factione
528 3303 750 3378 rogata
792 3303 908 3356 est.
993 3290 1404 3374 Quamquam
1456 3312 1595 3354 eam
1654 3313 1783 3354 non
1826 3313 2127 3376 magnam
2168 3291 2372 3355 fuisse
2412 3311 2533 3355 nec

208 3405 414 3469 multa
457 3423 624 3466 nova
670 3399 960 3465 sanxisse
1005 3398 1297 3464 arbitror.
1386 3395 1557 3461 Cum
1595 3399 1768 3462 enim
1808 3399 1976 3464 Iulia
2034 3400 2140 3464 lex
2186 3398 2401 3463 omnia
2441 3397 2533 3462 ci-

197 3513 480 3576 vitatum
509 3531 747 3595 genera
777 3507 1367 3592 comprehenderet,
1411 3506 1570 3590 quid
1598 3505 1851 3570 Plautia
1872 3506 2129 3592 Papiria
2158 3506 2536 3570 concederet

202 3616 527 3705 amplius?
615 3615 840 3680 Unum
879 3616 1064 3680 affert
1115 3611 1346 3680 Cicero
1390 3637 1450 3698 p.
1499 3613 1701 3678 Arch.
1750 3613 1817 3688 4,
1866 3614 1903 3678 7
1958 3613 2074 3698 (cf.
2119 3612 2320 3677 schol.
2368 3611 2535 3676 Bob.

205 3751 270 3813 p.
296 3725 472 3809 353),
517 3733 590 3786 ut
618 3723 685 3798 ii,
729 3723 841 3807 qui
881 3722 1228 3788 foederatis
1269 3720 1639 3786 civitatibus
1680 3721 1942 3807 ascripti
1972 3719 2271 3796 fuissent,
2310 3719 2365 3783 si
2397 3728 2535 3782 tum

208 3859 357 3902 cum
399 3835 507 3898 lex
550 3833 849 3909 ferretur,
893 3831 1292 3896 domicilium
1333 3831 1400 3894 in
1438 3829 1628 3895 Italia
1662 3827 2044 3895 habuissent
2092 3837 2155 3892 et
2202 3826 2538 3912 sexaginta

206 3942 521 4030 proximis
568 3938 801 4005 diebus
844 3941 1017 4026 apud
1057 3950 1415 4026 praetorem
1456 3939 1701 4003 Romae
1743 3936 2017 4023 professi
2046 3944 2300 4011 essent,
2357 3935 2533 4000 cives

205 4049 482 4118 Romani
518 4049 765 4113 fierent.
853 4046 1169 4134 Suspicor
1210 4048 1400 4113 etiam
1447 4047 1655 4112 fuisse
1691 4046 1759 4110 in
1800 4067 1896 4123 ea,
1945 4044 2001 4109 si
2052 4044 2165 4129 qui
2204 4065 2331 4108 non
2376 4042 2535 4108 civi-

207 4170 336 4224 tate
375 4157 469 4223 illi
507 4157 803 4241 quidem,
848 4158 964 4222 sed
1006 4156 1289 4242 praemio
1333 4166 1546 4220 tamen
1588 4154 1773 4240 digni
1820 4173 1963 4218 esse
2008 4149 2416 4225 viderentur,
2461 4159 2537 4216 ut

207 4269 435 4334 liceret
465 4266 546 4331 iis
567 4266 984 4331 Latinitatem
1007 4264 1147 4329 dari
1170 4262 1250 4327 ab
1283 4263 1538 4341 iisdem,
1580 4260 1817 4346 quibus
1852 4259 2129 4326 civitatis
2153 4257 2535 4323 tribuendae

210 4376 314 4441 ius
364 4385 571 4451 esset3
620 4373 735 4440 sed
782 4373 938 4440 certi
977 4371 1139 4437 nihil
1177 4371 1446 4447 affirmO,
1490 4370 1808 4455 siquidem
1844 4368 2031 4434 etiam
2053 4365 2223 4432 Iulia
2260 4364 2368 4432 lex
2410 4365 2537 4431 tale
