2917 5017
411 258 488 324 10
1059 262 1140 312 De
1177 252 1350 305 Gallia
1387 254 1738 305 Romanorum
1775 254 2052 319 provincia.

408 423 796 510 Hispaniam
820 425 1175 491 citeriorem
1194 400 1440 505 accepit
1453 416 1660 501 (App.
1682 413 1852 480 Iber.
1867 438 1921 479 c.
1938 415 2039 493 44,
2056 412 2608 501 Polyb.XXXV,
2631 413 2727 496 3),

407 533 567 599 alter
590 533 835 599 ltaliam
884 556 1029 598 cum
1059 530 1273 598 Gallia
1318 526 1745 599 coniunctam,
1785 534 2168 607 praetorem,
2212 524 2322 608 qui
2363 524 2453 587 ita
2493 544 2728 607 super-

408 653 577 719 erat,
638 640 995 726 quaestioni
1060 635 1566 724 repetundarum
1619 653 1699 695 ex
1751 626 1882 695 SC.
1947 646 2101 695 tunc
2150 630 2480 696 institutae
2531 628 2730 713 (Liv.

406 771 507 835 ep.
548 748 863 833 XLVII)
909 770 1165 833 operam
1222 744 1484 809 dedisse
1527 742 1772 825 opinor.
1877 739 2044 803 Tum
2101 739 2283 803 annis
2333 737 2450 803 152
2496 750 2560 801 et
2607 738 2725 802 151

408 858 679 921 alterum
726 857 1069 922 consulum
1103 855 1167 917 in
1208 848 1532 935 Hispania
1570 870 1900 934 pugnasse
1947 848 2210 923 scimus,
2254 845 2362 910 illo
2403 845 2498 909 M.
2527 843 2733 910 Clau-

407 964 589 1029 dium
632 964 1017 1029 Marcellum
1067 960 1272 1047 (App.
1324 957 1493 1024 Iber.
1529 978 1584 1020 c.
1631 955 1742 1031 483
1801 954 2034 1040 Polyb.
2076 953 2386 1030 XXXV,
2433 953 2550 1037 2),
2605 954 2734 1017 hoc

407 1072 491 1136 L.
536 1072 863 1138 Licinium
909 1069 1265 1136 Lucullum
1310 1066 1490 1155 (Liv.
1520 1064 1675 1149 epit.
1703 1063 2044 1140 XLV1H3
2085 1068 2261 1147 App.
2292 1061 2463 1127 Iber.
2507 1083 2561 1126 c.
2593 1062 2732 1144 51),

414 1181 545 1245 duo
587 1181 819 1265 reliqui
865 1179 1163 1246 consules
1228 1198 1391 1260 quas
1448 1171 1818 1260 provincias
1877 1170 2086 1235 sortiti
2151 1171 2314 1247 sint,
2370 1193 2500 1236 non
2555 1181 2734 1234 certo

416 1289 579 1354 illud
623 1290 884 1376 quidem
938 1286 1243 1361 traditur,
1309 1283 1426 1349 sed
1471 1281 1752 1348 Galliam
1807 1292 1872 1346 et
1911 1280 2166 1345 Italiam
2211 1278 2540 1363 accepisse
2583 1300 2736 1343 cum

412 1420 491 1462 ex
534 1397 806 1463 aliorum
852 1417 1167 1462 annorum
1223 1391 1644 1457 similitudine
1683 1388 2016 1477 probabile
2059 1400 2189 1464 est,
2239 1398 2377 1451 tum
2415 1386 2738 1472 quodam-

410 1508 601 1573 modo
670 1506 1083 1571 confirmatur
1140 1501 1518 1566 auctoritate
1579 1496 1824 1584 Obseq.
1891 1520 1945 1563 c.
2001 1498 2116 1573 77,
2189 1498 2302 1582 qui
2375 1518 2541 1560 anno
2615 1494 2740 1559 152

409 1638 713 1701 prospere
780 1614 1095 1679 adversus
1157 1609 1385 1675 Gallos
1445 1608 1817 1671 dimicatum
1888 1628 2032 1670 esse
2097 1604 2340 1670 scribit.
2435 1603 2739 1668 Eandem

410 1738 625 1789 autem
668 1722 1146 1808 provinciarum
1190 1718 1575 1783 divisionem
1620 1737 1786 1780 anno
1839 1714 1976 1789 150,
2025 1714 2108 1779 de
2155 1735 2284 1798 quo
2327 1712 2488 1777 nihil
2535 1712 2738 1777 tradi-

408 1842 547 1909 tur,
610 1831 815 1895 fuisse
869 1830 1095 1895 merito
1156 1827 1526 1913 suspicatur
1577 1824 1772 1909 Pigh.
1829 1822 2069 1888 Annal.
2123 1822 2225 1899 H,
2287 1844 2352 1907 p.
2397 1820 2542 1885 441.
2645 1820 2738 1884 At

410 1943 591 2005 anno'
622 1939 739 2004 149
789 1962 934 2003 cum
977 1937 1218 2003 bellum
1259 1934 1586 2000 Punicum
1627 1932 2085 2018 gravissimum
2129 1940 2413 2015 urgeret,
2475 1929 2736 2013 utrique

412 2048 685 2124 consuli,
723 2057 787 2111 et
826 2047 905 2110 L.
933 2045 1181 2109 Marcio
1226 2040 1586 2107 Censorino
1629 2051 1692 2103 et
1727 2037 1842 2102 M.’
1865 2039 2137 2103 Manilio
2177 2039 2420 2104 scimus
2468 2038 2736 2124 provin-

410 2155 574 2220 ciam
618 2155 911 2219 Africam
953 2151 1297 2218 obvenisse
1336 2150 1541 2235 (App.
1581 2148 1810 2213 Punic.
1848 2148 1965 2223 75;
2011 2147 2162 2211 Liv.
2209 2147 2360 2234 epit.
2401 2147 2738 2231 XLVII);

407 2285 607 2348 quare
672 2285 819 2327 cum
882 2260 1109 2327 eodem
1176 2270 1461 2344 tempore
1531 2257 1598 2321 in
1645 2256 2030 2321 Macedonia
2095 2278 2244 2321 cum
2301 2257 2630 2322 Andrisco
2701 2280 2742 2321 a

405 2371 482 2435 P.
548 2370 845 2436 Iuventio
898 2369 1149 2433 Thalna
1218 2378 1577 2453 pugnatum
1645 2366 1728 2429 sit
1781 2362 2190 2447 (Comment.
2255 2365 2592 2451 epigraph.
2650 2365 2738 2441 ΙΙ,

407 2501 471 2563 p.
506 2478 679 2561 163),
720 2500 913 2563 quam
953 2476 1433 2561 provinciarum
1481 2472 2003 2538 distributionem
2044 2474 2248 2539 fuisse
2283 2473 2740 2539 censebimus?

408 2585 729 2651 Nimirum
785 2584 950 2650 hanc
970 2630 988 2661 ,
1046 2594 1121 2648 ut
1184 2593 1488 2667 quattuor
1552 2591 1882 2667 praetores
1939 2582 2324 2648 sortirentur
2379 2582 2738 2668 Hispanias

408 2692 593 2770 duas,
641 2690 1038 2769 Sardiniam,
1088 2681 1373 2756 Siciliam
1391 2738 1409 2768 ,
1449 2690 1691 2775 quique
1739 2690 1984 2755 Romae
2031 2703 2399 2777 superesset
2444 2690 2738 2756 urbanus

408 2800 585 2881 (nam
622 2800 698 2871 P.
743 2801 1115 2865 Iuventium
1158 2798 1576 2884 peregrinum
1621 2797 1826 2864 fuisse
1870 2798 2092 2864 iudico
2109 2847 2126 2877 ,
2172 2823 2366 2885 quem
2412 2821 2602 2885 saepe
2645 2798 2733 2864 ad

407 2918 705 2973 externas
746 2908 1189 2995 expeditiones
1246 2908 1518 2973 missum
1563 2930 1706 2973 esse
1753 2908 1974 2974 multis
2019 2909 2330 2995 exemplis
2377 2910 2737 2993 novimus),

408 3016 635 3080 eadem
678 3017 923 3081 ratione
986 3040 1117 3101 qua
1173 3016 1325 3081 olim
1367 3016 1702 3093 consules,
1744 3018 1996 3083 Italiam
2039 3029 2102 3082 et
2143 3017 2418 3083 Galliam
2464 3030 2737 3103 regeret.

410 3123 784 3207 Insequenti
822 3134 1035 3188 autem
1080 3145 1245 3187 anno
1290 3123 1409 3187 148
1446 3122 1721 3187 alterum
1765 3148 1846 3187 ex
1883 3125 2262 3190 consulibus
2303 3126 2386 3189 L.
2431 3126 2739 3190 Pisonem

410 3241 659 3295 constat
703 3253 850 3295 cum
892 3229 1131 3294 Poenis
1174 3228 1241 3291 in
1278 3228 1509 3292 Africa
1553 3228 1896 3295 dimicasse
1939 3230 2142 3317 (App.
2195 3232 2419 3296 Punic.
2463 3258 2519 3301 c,
2564 3234 2740 3319 110),

407 3348 482 3402 ut
521 3338 702 3402 alteri
748 3335 862 3423 Sp.
885 3336 1223 3401 Postumio
1250 3334 1490 3400 Albino
1525 3336 1714 3402 Italia
1755 3337 2246 3423 relinqueretur,
2283 3364 2476 3424 quem
2520 3353 2737 3407 tamen

405 3468 534 3510 non
578 3446 793 3509 minus
839 3456 1013 3510 recte
1063 3442 1315 3509 Galliae
1359 3446 1724 3529 praefuisse
1772 3447 2030 3512 coniicit
2058 3447 2252 3533 Pigh.
2295 3472 2357 3533 p.
2383 3448 2540 3526 4503
2581 3473 2737 3515 nam

406 3552 485 3620 ab
527 3554 649 3617 hoc
687 3553 947 3619 consule
985 3554 1155 3619 viam
1192 3553 1592 3618 Postumiam
1627 3553 1707 3619 ab
1754 3555 1990 3620 Genua
2035 3556 2360 3622 Veronam
2399 3578 2544 3621 esse
2585 3580 2737 3621 mu-

393 3662 607 3731 nitam
649 3660 929 3727 ostendit
950 3660 1348 3748 Borghesius
1383 3660 1451 3724 in
1472 3660 1710 3727 Diurn.
1733 3662 1975 3727 Arcad.
2000 3687 2148 3729 ann.
2177 3664 2360 3742 1821,
2406 3666 2446 3731 ⁴2-
2496 3690 2558 3751 p.
2585 3666 2735 3734 220.

404 3768 784 3834 Praetorum
826 3778 1041 3833 autem
1085 3768 1204 3834 hae
1248 3781 1403 3835 tunc
1448 3780 1630 3835 erant
1680 3771 2084 3856 provinciae,
2145 3783 2221 3838 ut
2265 3774 2345 3838 L.
2383 3775 2734 3843 Mancinus

406 3873 693 3942 Siciliam
734 3888 798 3941 et
854 3876 1126 3941 classem
1168 3875 1484 3941 obtineret
1535 3879 1739 3962 (App.
1782 3879 1825 3941 l.
1873 3880 1980 3964 l.),
2050 3879 2134 3962 Q.
2183 3882 2491 3949 Metellus
2542 3906 2732 3970 pere-

410 3984 662 4069 grinam
702 3984 1211 4049 iurisdictionem
1256 3994 1319 4049 et
1344 3983 1796 4049 Macedoniam
1841 3988 2022 4074 (Liv.
2055 3990 2206 4077 epit.
2231 3992 2322 4069 L;
2366 3989 2730 4059 Comment.

410 4091 741 4177 epigraph.
787 4093 857 4157 II
896 4114 961 4179 p.
1010 4093 1197 4177 163),
1261 4088 1337 4156 C.
1376 4091 1677 4158 Plautius
1719 4094 2072 4182 Hypsaeus
2117 4098 2504 4185 Hispaniam
2560 4103 2728 4169 ulte-

409 4199 645 4264 riorem
687 4199 867 4283 (Liv.
926 4200 1079 4289 epit.
1121 4200 1312 4283 LII),
1373 4201 1640 4286 reliqui,
1693 4225 1971 4287 quorum
2023 4207 2284 4274 nomina
2325 4209 2728 4295 ignorantur,

404 4306 655 4386 urbem,
692 4306 1079 4386 Sardiniam,
1124 4309 1511 4395 Hispaniam
1555 4311 1933 4378 citeriorem.
1981 4314 2152 4379 Tum
2195 4338 2363 4381 anno
2404 4320 2520 4385 147
2565 4321 2729 4387 alter
