2917 5017
799 329 884 377 De
922 330 1121 393 legibus
1159 330 1549 395 municipalibus
1585 330 1892 395 Hispanicis.
2380 328 2499 396 271

175 493 592 579 appellantur
627 516 749 559 nec
787 493 1134 577 quicquam
1171 503 1382 578 potest
1411 516 1555 559 esse
1580 492 1873 571 dubium,
1916 497 2069 580 quin
2102 498 2504 583 imperatoris

177 600 542 666 Domitiani
585 611 870 687 tempore
913 604 1091 678 (nam
1130 600 1256 663 hoc
1291 600 1565 687 scriptae
1604 605 1783 688 sunt)
1827 600 2143 690 Salpensa
2166 616 2229 669 et
2254 604 2511 671 Malaca·

175 709 532 795 municipia
571 710 831 774 fuerint.
916 708 1053 774 Iam
1099 708 1224 773 hoc
1268 708 1761 795 municipiorum
1805 733 2011 797 genus
2047 713 2196 797 quis
2238 736 2369 778 non
2406 713 2505 778 vi·-

173 838 404 880 rorum
442 816 780 881 doctorum
817 817 1209 881 existimavit
1243 816 1499 882 civitate
1537 818 1825 882 Romana
1862 818 2063 885 fuisse
2097 821 2505 906 praeditum?

172 923 280 988 Ne
329 925 412 989 de
456 925 783 991 veteribus
827 924 1216 1010 reipublicae
1256 925 1585 989 Romanae
1639 926 2037 1013 temporibus
2094 951 2173 993 ac
2226 930 2504 993 civitatis

171 1044 508 1118 tamquam
551 1035 1012 1119 propagatione
1057 1034 1289 1109 dicam,
1333 1033 1482 1118 quis
1527 1055 1676 1109 non,
1720 1057 1800 1098 ex
1825 1058 1955 1119 quo
1982 1036 2323 1121 imperium
2352 1060 2505 1103 con-

169 1141 390 1205 ditum
447 1152 578 1218 est,
639 1142 890 1206 censuit
943 1143 1010 1206 in
1060 1142 1248 1207 Italia
1297 1164 1445 1206 cum
1494 1141 1793 1207 omnibus
1846 1142 1997 1209 data
2044 1130 2216 1210 esset
2256 1146 2505 1223 civitae,

169 1248 316 1312 duo
355 1250 560 1315 fuisse
605 1250 992 1336 oppidorum
1031 1270 1289 1335 genera,
1329 1250 1747 1327 coloniarum,
1788 1272 1949 1335 quas
1978 1252 2089 1335 qui
2116 1252 2501 1331 efficiebant,

169 1358 440 1422 militari
480 1358 672 1423 modo
715 1359 979 1423 deducti
1023 1382 1099 1424 ac
1142 1356 1402 1443 publice
1445 1359 1623 1443 agris
1664 1358 1883 1423 donati
1928 1372 2140 1436 erant,
2186 1372 2249 1425 et
2292 1362 2503 1425 muni-

167 1466 526 1551 cipiorum,
592 1465 767 1552 quod
822 1467 1248 1551 reliquorum,
1305 1490 1473 1551 quae
1529 1468 1785 1533 civitate
1842 1480 2207 1545 uterentur,
2270 1492 2505 1534 nomen

169 1587 335 1652 erat,
381 1577 446 1638 in
489 1575 840 1660 provinciis
882 1587 1098 1641 autem
1139 1598 1286 1639 cum
1309 1576 1581 1641 Latinae
1614 1589 1679 1640 et
1705 1577 2081 1662 peregrinae
2109 1578 2503 1643 condicionis

165 1685 386 1749 fuisse
442 1683 766 1759 civitates,
825 1682 1018 1747 variis
1075 1684 1180 1747 vel
1229 1684 1511 1748 foederis
1558 1686 1663 1749 vel
1701 1685 2015 1751 libertatis
2062 1686 2161 1750 vel
2198 1685 2504 1749 immuni-

167 1792 328 1857 tatis
373 1792 723 1875 generibus
767 1791 1108 1876 praeditae,
1155 1805 1292 1856 tum
1330 1792 1593 1857 easdem
1634 1793 1780 1857 illas
1824 1794 2105 1859 colonias
2152 1796 2505 1878 eademque

169 1901 532 1987 municipia
550 1947 569 1977 ‚
640 1923 804 1985 quae
871 1902 1006 1966 sola
1072 1901 1396 1965 civitatem
1457 1902 1815 1967 Romanam
1876 1902 2233 1968 haberent?
2319 1904 2505 1969 Haec

167 2011 365 2095 quasi
409 2010 830 2074 fundamenta
872 2009 1187 2093 quaedam
1231 2021 1444 2085 erant,
1499 2010 1565 2073 in
1610 2011 1849 2094 quibus
1894 2034 2059 2097 quae
2101 2012 2183 2077 de
2226 2012 2504 2097 antiqui-

169 2130 306 2185 tate
347 2118 839 2204 reperissemus,
885 2118 1274 2183 constituere
1313 2119 1699 2195 solebamus,
1742 2120 1901 2184 haec
1940 2120 2286 2205 principia,
2326 2120 2503 2185 unde

169 2227 768 2315 proficiscebamur,
801 2227 960 2291 haec
986 2227 1262 2311 denique
1289 2228 1611 2312 perfugia,
1645 2250 1777 2313 quo
1806 2229 1860 2293 si
1882 2228 2143 2314 quando
2169 2229 2504 2315 opiniones

167 2348 438 2402 nostrae
477 2336 736 2421 evagari
775 2336 1032 2413 vellent,
1069 2335 1444 2401 rediremus.
1512 2336 1605 2401 At
1644 2335 1875 2401 evertit
1910 2358 1987 2399 ea
2009 2337 2503 2413 Mommsenius‚

169 2447 292 2532 qui
329 2468 476 2510 cum
515 2443 580 2507 in
621 2444 1150 2529 inscriptionibus
1191 2445 1319 2510 illis
1358 2444 1734 2531 Hispanicis
1773 2444 2087 2529 quaedam
2128 2445 2503 2522 invenisset,

170 2577 344 2639 quae
393 2576 541 2619 cum
581 2552 698 2629 iis,
755 2575 922 2638 quae
967 2553 1182 2619 adhuc
1227 2553 1308 2618 ab
1353 2553 1651 2619 omnibus
1698 2553 2159 2630 credebantur,
2212 2576 2505 2641 pugnare

171 2664 573 2749 opinaretur,
615 2684 746 2727 non
783 2663 972 2726 modo
1011 2662 1240 2727 falsam
1269 2685 1412 2727 esse
1443 2663 1758 2727 iudicavit
1785 2674 2069 2727 veterem
2104 2664 2504 2740 sententiam,

172 2794 410 2835 verum
453 2770 640 2835 etiam
686 2772 871 2855 quasi
916 2794 1020 2836 res
1061 2786 1232 2836 esset
1273 2772 1650 2847 certissima,
1694 2771 1763 2834 in
1799 2770 1984 2835 titulo
2024 2770 2173 2835 libri
2218 2772 2321 2835 sui
2362 2772 2505 2859 ipso

173 2879 564 2965 Salpensam
597 2891 662 2944 et
687 2879 1004 2944 Malacam
1033 2892 1354 2963 tamquam
1382 2880 1619 2944 Latina
1648 2878 1885 2965 oppida
1912 2879 2256 2964 inscripsit.
2322 2878 2505 2961 Quid

169 2988 382 3073 igitur
435 3009 610 3053 nunc
665 2987 1024 3053 faciamus?
1109 2986 1280 3052 Num
1344 2986 1669 3052 veteribus
1734 2987 2039 3051 continuo
2104 2987 2371 3052 abiectis
2433 2987 2505 3051 id

173 3096 620 3173 studebimus,
683 3108 756 3160 ut
791 3118 958 3181 quae
997 3106 1184 3160 antea
1225 3094 1647 3161 credebamus
1667 3143 1686 3173 ‚
1749 3096 2113 3161 mutemus?
2192 3096 2303 3160 An
2351 3118 2505 3161 vero

169 3206 346 3271 illud
403 3206 716 3290 imprimis
776 3204 1146 3269 faciendum
1203 3226 1348 3269 csse
1403 3204 1950 3282 existimabimus,
2014 3217 2089 3269 ut
2144 3227 2349 3272 novae
2404 3205 2506 3269 in-

173 3315 560 3401 scriptiones
607 3313 765 3399 quid
810 3313 1114 3389 doceant,
1175 3312 1668 3398 diligentissime
1710 3336 2095 3397 quaeramus
2138 3316 2506 3400 perpensis-

171 3447 304 3509 que
365 3422 666 3487 omnibus
713 3421 1072 3487 rationibus
1133 3424 1187 3488 si
1232 3423 1418 3487 novis
1468 3422 1897 3487 monumentis
1942 3422 2125 3487 aliter
2167 3423 2249 3487 de
2294 3423 2507 3486 muni-

172 3531 368 3617 cipiis
407 3531 573 3595 tradi
611 3531 1073 3607 invenerimus,
1115 3540 1253 3595 tum
1281 3518 1581 3608 demum,
1622 3530 1949 3615 quomodo
1988 3554 2063 3596 ea
2088 3552 2236 3595 cum
2262 3530 2509 3614 reliqua

173 3650 404 3705 nostra
455 3639 820 3723 cognitione
875 3638 1279 3704 concilianda
1329 3638 1456 3703 sint
1474 3686 1490 3714 ,
1554 3638 2037 3703 examinem-us?
2112 3640 2341 3725 Itaque
2383 3639 2509 3705 hoc

172 3770 376 3835 agere
420 3746 902 3813 constituimus:
963 3759 1308 3831 quaeretur
1347 3768 1386 3811 a
1423 3747 1633 3822 nobis,
1678 3746 1867 3811 cuius
1912 3747 2171 3833 generis
2216 3747 2507 3813 civitates

175 3857 426 3922 fuerint
462 3854 778 3942 Salpensa
821 3867 884 3920 et
925 3855 1182 3920 Malaca
1235 3878 1529 3940 quaeque
1580 3856 1647 3919 in
1699 3854 1935 3921 tabulis
1986 3855 2361 3941 Hispanicis
2413 3855 2506 3920 le·-

179 3976 462 4052 guntur,
518 3964 678 4049 quid
729 3965 812 4029 de
865 3963 1170 4029 universo
1210 3964 1707 4050 municipiorum
1748 3964 1891 4029 iure
1933 3963 2225 4029 doceant.
2300 3964 2403 4028 Ita
2444 3974 2509 4028 et

179 4096 428 4159 eorum,
467 4074 579 4157 qui
614 4072 716 4137 his
754 4072 1186 4138 monumentis
1213 4072 1298 4137 ad
1325 4072 1657 4137 scientiam
1680 4085 1967 4137 nostram
1994 4070 2508 4157 amplificandam

178 4182 274 4246 uti
319 4181 571 4258 volent,
619 4182 961 4247 temeritati
1001 4203 1453 4258 occurremus,
1498 4204 1581 4246 ne
1627 4180 1935 4267 quicquid
1980 4182 2336 4257 statuerint,
2379 4202 2509 4247 non

181 4290 616 4355 examinatum
669 4310 938 4375 prorsus
997 4288 1485 4374 rationibusque
1547 4289 1990 4355 confirmatum
2049 4290 2350 4354 statuisse
2408 4288 2508 4354 vi·-

183 4400 492 4476 deantur,
550 4406 644 4475 et,
703 4397 758 4462 si
811 4407 1092 4463 veterem
1147 4398 1525 4470 sententiam
1580 4420 1661 4469 ne
1716 4395 1903 4462 novis
1959 4397 2223 4484 quidem
2262 4396 2367 4464 his
2408 4397 2509 4463 in·
