2917 5017
794 385 878 434 De
910 383 1082 434 Gallia
1112 384 1463 434 Romanorum
1500 386 1780 448 provincia.
2322 383 2439 448 155

157 548 508 632 Vespasiani
547 547 753 633 ipsius
795 547 1052 611 affinem
1093 545 1277 632 (Tac.
1307 546 1480 611 Hist.
1501 547 1624 624 111,
1652 547 1785 624 59),
1823 550 1935 632 qui
1976 573 2121 614 cum
2160 572 2327 614 anno
2357 551 2440 616 70

155 682 183 719 a
219 653 346 720 Cal.
403 655 564 740 Apr.
619 656 1024 721 consulatum
1086 678 1230 719 eum
1283 654 1595 720 Muciano
1652 657 1963 741 gessisset
2017 658 2299 744 (Ioseph.
2358 657 2439 721 de

153 763 276 827 bell.
311 762 454 826 Iud.
495 763 661 841 VII,
709 764 777 847 4)
833 765 1026 848 paulo
1087 774 1424 849 postquam
1472 760 1859 849 Capitolium
1920 789 1975 829 a.
2030 765 2093 828 d.
2135 766 2244 830 XI
2298 762 2439 829 Cal.

151 872 254 935 Iul.
293 871 540 935 restitui
585 883 877 959 coeptum
926 881 1022 936 est
1083 869 1269 955 (Tac.
1311 871 1485 935 Hist.
1527 870 1646 947 IV,
1704 872 1847 957 53),
1917 873 1979 936 in
2046 873 2440 958 provinciam

151 979 300 1043 abiit.
391 978 466 1042 In
525 1001 654 1062 qua
702 989 940 1063 quanta
997 979 1297 1044 felicitate
1347 979 1688 1047 seditiosos
1732 982 2007 1068 populos
2052 979 2443 1068 oppresserit

149 1089 454 1172 omniaque
508 1087 970 1172 composuerit,
1023 1109 1152 1150 non
1195 1087 1500 1162 referam3
1566 1087 1800 1153 mansit
1842 1099 2057 1153 autem
2099 1112 2306 1175 usque
2358 1087 2441 1154 ad

148 1205 458 1262 exeuntem
505 1217 744 1259 annum
782 1195 898 1270 71,
965 1216 1110 1258 cum
1164 1194 1233 1256 in
1277 1194 1610 1260 Britannia
1650 1197 1865 1262 Vettio
1909 1198 2155 1262 Bolano
2197 1197 2438 1262 substi-

147 1318 300 1370 tutus
339 1315 436 1368 est
478 1302 666 1387 (Tac.
710 1303 874 1387 Agr.
920 1302 1044 1385 17).
1128 1304 1216 1364 At
1260 1304 1575 1388 superiori
1607 1305 1977 1389 provinciae
2016 1305 2243 1370 eodem
2280 1315 2440 1369 tem-

149 1435 276 1498 pore
321 1433 446 1496 quo
491 1409 780 1476 inferiori
814 1407 1110 1486 Cerialis,
1156 1409 1499 1496 impositus
1544 1423 1637 1476 est
1677 1412 1935 1477 Annius
1976 1411 2209 1478 Gallus
2253 1413 2438 1501 (Tac.

151 1521 300 1586 Hist.
336 1518 457 1597 IV,
505 1519 588 1586 68
633 1528 696 1584 et
734 1518 818 1595 V,
875 1519 1000 1600 19),
1047 1517 1158 1602 qui
1203 1530 1495 1602 pacatam
1540 1519 1937 1604 provinciam
1979 1519 2221 1586 habuit.

285 1628 382 1692 Ita
414 1637 798 1712 perpetuam
831 1627 1194 1711 legatorum
1225 1627 1566 1712 utriusque
1590 1626 1977 1694 Germaniae
2016 1630 2245 1694 seriem
2284 1652 2439 1694 con-

160 1737 436 1800 texuimus
454 1780 472 1811 ,
536 1735 652 1820 qui
713 1757 861 1800 eum
909 1735 1220 1800 maximos
1265 1737 1588 1802 exercitus
1633 1747 1960 1822 regerent,
2026 1736 2441 1822 praetermitti

165 1845 215 1908 in
246 1845 494 1910 historia
538 1867 669 1910 non
712 1854 1076 1929 potuerunt..
1159 1843 1450 1927 Reliquis
1496 1855 1710 1910 autem
1753 1856 2055 1928 quattuor
2093 1844 2440 1931 provinciis

160 1952 380 2019 Gallicis
424 1953 544 2038 qui
580 1963 947 2038 praeerant,
1007 1953 1158 2036 quia
1201 1974 1321 2017 nec
1361 1951 1679 2016 consulari
1700 1999 1719 2030 ,
1776 1952 1893 2017 sed
1936 1953 2255 2037 praetoria
2300 1965 2441 2017 tan-

156 2072 264 2124 tum
314 2061 629 2147 dignitate
689 2061 963 2148 praediti
1005 2072 1212 2135 erant,
1270 2083 1390 2125 nec
1429 2062 1564 2125 fere
1608 2083 1821 2126 rerum
1868 2061 2297 2146 gerendarum
2344 2061 2443 2124 fa-

154 2169 418 2234 cultatem
480 2169 846 2246 habebant,
910 2170 1196 2255 plerique
1259 2169 1671 2255 ignorantur:
1748 2192 1948 2254 quare
2010 2168 2171 2232 illud
2239 2191 2445 2232 unum

153 2299 722 2354 commemoramus,
772 2301 968 2362 quam
1011 2278 1394 2342 divisionem
1432 2276 1909 2363 provinciarum
1948 2275 2299 2360 Augustus
2343 2275 2443 2338 in·-

154 2387 431 2464 stituerat,
475 2387 796 2452 mansisse
837 2409 1046 2470 usque
1088 2386 1172 2450 ad
1218 2386 1665 2470 imperatorem
1712 2385 2200 2469 Vespasianum.
2278 2385 2339 2450 N
2341 2407 2444 2449 ar-

153 2493 422 2562 bonensis
467 2494 950 2582 proconsularis
1003 2505 1140 2561 erat
1188 2494 1519 2581 provincia
1560 2515 1637 2558 ac
1680 2504 1808 2558 tam
1854 2503 2109 2579 pacata,
2166 2504 2241 2557 ut
2277 2516 2446 2557 nun·

154 2625 312 2685 quam
357 2604 562 2690 legati
617 2603 938 2670 severiore
993 2603 1262 2689 imperio
1321 2625 1485 2688 opus
1540 2613 1743 2676 esset,
1806 2600 2090 2685 reliquae
2134 2599 2445 2686 principis

153 2712 512 2797 legatorum,
565 2712 1066 2798 Lugdunensis,
1121 2710 1499 2796 Aquitania,
1558 2708 1855 2794 Belgica,
1912 2732 1991 2772 ex
2034 2707 2273 2792 quibus
2318 2730 2447 2772 una

159 2821 474 2905 Aquitania
501 2823 629 2888 hoc
655 2822 914 2886 videtur
937 2821 1352 2906 praecipuum
1379 2818 1707 2894 habuisse,
1732 2829 1827 2893 ut,
1850 2817 1963 2901 qui
1989 2839 2129 2880 eam
2151 2815 2445 2890 rexisset,

160 2930 461 2996 consulatu
517 2931 733 2996 ornari
789 2931 1022 2995 soleret
1073 2928 1258 3010 (Tac.
1303 2927 1531 3012 Agric.
1586 2949 1642 2990 c.
1687 2926 1777 3008 4).
1879 2925 2033 3009 Ipsa
2086 2925 2447 3009 legatorum

159 3039 400 3116 nomina,
447 3062 616 3124 quae
658 3061 864 3125 pauca
901 3049 1051 3102 nota
1089 3047 1260 3113 sunt,
1305 3037 1534 3100 afferre
1570 3033 1797 3100 inutile
1838 3041 1955 3098 est.
