2917 5017
673 337 754 386 De
791 333 963 386 Gallia
999 337 1349 388 Romanorum
1385 336 1645 401 provincia
1680 338 1956 401 appendix.
2348 337 2461 402 181

163 500 288 564 vult
341 523 418 562 ex
461 499 760 564 omnibus
778 546 795 575 ,
837 498 948 584 qui
991 507 1136 562 ante
1181 496 1463 582 quinque
1504 519 1702 564 annos
1743 499 2051 566 honorem
2092 503 2466 588 gessissent,

164 620 312 673 sorte
355 607 594 672 electos
633 629 776 672 esse
829 606 1305 693 provinciarum
1353 615 1665 687 rectores,
1717 608 1875 692 petit
1919 607 2329 676 Hofmannus
2386 633 2466 677 ex

160 737 226 780 eo
277 715 450 800 quod
501 737 670 780 anno
713 715 788 779 51
838 712 1071 780 Cicero
1112 723 1174 777 et
1219 713 1312 776 M.
1365 713 1645 779 Bibulus
1684 716 2049 801 provincias
2094 719 2464 784 consulares

156 835 558 909 aeceperunt,
615 847 764 888 cum
817 833 911 888 tot
955 823 1326 887 consulares
1368 823 1749 908 praeteritos
1802 847 1944 890 esse
1988 826 2096 902 ait,
2138 837 2298 911 quot
2338 826 2464 892 nisi

157 943 329 1008 sorte,
369 931 706 1017 praeteriri
747 930 1103 1015 nequirent.
1192 930 1284 994 At
1332 941 1404 995 ut
1443 953 1667 997 eorum
1704 955 2011 998 numerus
2050 934 2463 1012 minueretur,

160 1052 402 1105 senatus
449 1039 765 1115 decrerat,
801 1061 884 1102 ne
925 1038 1372 1104 admitteretur
1413 1039 1497 1104 ad
1543 1040 1963 1120 sortiendum,
2006 1041 2133 1106 nisi
2164 1042 2277 1127 qui
2312 1065 2462 1128 pro·-

161 1147 420 1214 vinciam
495 1147 786 1212 nondum
855 1146 1159 1210 rexisset:
1236 1169 1433 1231 quare
1490 1171 1571 1212 ne
1624 1147 1709 1212 ad
1756 1149 2157 1214 consularem
2199 1151 2463 1236 quidem

153 1256 566 1342 provinciam,
622 1255 733 1340 qui
773 1255 898 1318 iam
937 1254 1319 1340 praetoriam
1355 1256 1700 1333 habuerat,
1740 1257 2063 1323 admissus
2108 1261 2225 1324 est.
2290 1257 2461 1348 (Cic.

153 1365 318 1449 epist.
357 1365 459 1441 11,
526 1365 636 1442 15,
681 1365 751 1440 43
796 1363 881 1429 ad
918 1363 1054 1427 Att.
1100 1362 1230 1440 VI,
1295 1365 1369 1441 6,
1431 1367 1523 1448 3).
1605 1364 1752 1430 Hac
1790 1365 2033 1430 ratione
2076 1388 2334 1444 eorum,
2378 1367 2461 1432 ad

152 1495 298 1558 quos
357 1473 734 1558 provinciae
795 1473 1126 1558 pervenire
1186 1481 1481 1558 possent,
1534 1493 1842 1538 numerus
1888 1473 1979 1540 ita
2030 1473 2461 1553 minuebatur,

157 1592 218 1645 ut
253 1579 570 1646 Cicerone
613 1591 676 1646 et
711 1579 949 1646 Bibulo
991 1580 1294 1666 eligendo
1341 1581 1583 1646 nemini
1638 1581 1807 1646 fierit
1858 1582 2092 1648 iniuria
2145 1583 2363 1668 idque,
2405 1584 2459 1648 si

155 1691 435 1766 omnium,
479 1690 597 1774 qui
643 1701 797 1762 tunc
843 1699 1040 1766 erant,
1084 1690 1577 1776 magistratuum
1620 1690 1817 1754 vitam
1848 1713 1923 1756 ac
1954 1691 2231 1758 rationes
2273 1694 2460 1778 plane

157 1808 502 1883 perspectas
567 1797 950 1863 haberemus
972 1846 990 1875 ,
1051 1797 1354 1884 persequi
1401 1797 1593 1862 etiam
1648 1797 1715 1861 in
1770 1800 2045 1884 singulis
2098 1822 2458 1886 possemus.

153 1904 321 1972 Nunc
363 1929 534 1992 quae
578 1907 730 1970 olim
774 1907 856 1971 de
899 1907 1370 1991 provinciarum
1429 1906 1552 1970 hac
1592 1906 1919 1972 sortitione
1964 1907 2459 1992 disputavimus,

153 2037 281 2078 cum
324 2015 546 2080 denuo
602 2014 1124 2092 examinarimus,
1182 2015 1519 2080 verissima
1562 2038 1705 2080 esse
1754 2014 2317 2101 deprehendimus,
2358 2017 2459 2082 ni—

151 2123 363 2188 mirum
421 2125 556 2190 duo
617 2124 778 2189 haec
815 2147 958 2189 esse
1004 2122 1384 2200 observata,
1441 2134 1518 2188 ut
1560 2146 1641 2189 ex
1680 2123 1903 2189 ordine
1948 2146 2292 2202 annorum,
2330 2147 2459 2210 quo

157 2231 413 2316 quisque
459 2232 566 2297 vel
593 2243 958 2318 praeturam
1000 2231 1104 2297 vel
1145 2233 1548 2297 consulatum
1573 2233 1905 2318 gessisset,
1945 2232 2029 2296 ad
2062 2233 2460 2300 sortiendum

150 2340 598 2418 admitteretur,
642 2340 876 2406 deinde
902 2352 974 2406 ut
997 2353 1091 2407 tot
1117 2341 1605 2406 admitterentur
1640 2351 1797 2426 quot
1820 2352 2035 2406 essent
2073 2341 2457 2427 provinciae.

151 2445 392 2529 Quibus
436 2449 698 2515 duabus
747 2449 943 2515 rebus
987 2447 1507 2516 demonstrandis
1552 2471 1701 2514 cum
1748 2458 1936 2525 tunc,
1982 2449 2159 2535 quod
2202 2459 2458 2536 apertae

151 2556 509 2623 viderentur
552 2581 729 2634 esse,
775 2558 1183 2644 supersederi
1225 2579 1416 2645 posse
1464 2557 1778 2642 putarim,
1834 2557 1963 2623 iam
2002 2557 2287 2624 breviter
2326 2559 2459 2624 duo

151 2678 516 2752 argumenta
555 2667 912 2732 certissima
951 2667 1210 2731 afferam
1225 2713 1242 2742 ,
1288 2665 1568 2752 primum
1610 2666 2144 2732 consuetudinem
2184 2668 2457 2754 impera-

151 2783 345 2838 torum
400 2775 844 2840 Romanorum
863 2823 882 2852 ,
929 2774 1052 2840 sub
1109 2774 1346 2860 quibus
1408 2782 1708 2838 revocata
1764 2773 1909 2860 lege
1957 2775 2267 2860 Pompeia
2311 2797 2459 2841 cum

149 2880 296 2946 inter
324 2882 636 2948 honorem
661 2894 724 2948 et
755 2881 924 2948 inter
965 2883 1358 2968 provinciam
1401 2882 1684 2968 quinque
1712 2882 1817 2946 vel
1846 2882 2067 2948 decem
2102 2883 2207 2948 vel
2238 2883 2459 2969 plures

149 2991 281 3054 anni
323 2992 733 3070 interessent,
775 2992 946 3057 hunc
990 3001 1239 3056 constat
1280 3012 1521 3054 morem
1558 2990 1783 3067 fuisse,
1834 2990 1915 3054 de
1960 3013 2087 3076 quo
2122 2991 2311 3077 plura
2355 2991 2456 3056 di·-

151 3119 278 3164 cere
318 3100 548 3166 inutile
589 3114 725 3178 est,
781 3100 1015 3166 deinde
1060 3100 1234 3164 illam
1254 3146 1273 3176 ,
1333 3120 1499 3183 quae
1556 3119 1747 3184 saepe
1788 3099 1981 3164 citata
2020 3107 2153 3176 est,
2196 3110 2457 3165 senatus

149 3209 586 3274 auctoritatem
647 3209 822 3295 apud
878 3206 1016 3274 Cic.
1061 3208 1244 3294 epist.
1283 3205 1451 3274 VIII
1471 3252 1489 3283 ,
1550 3207 1621 3284 8,
1666 3208 1727 3272 8.
1802 3207 1904 3272 Ea
1956 3207 2263 3274 iubentur
2307 3231 2457 3294 pro-

150 3314 382 3382 vincias
429 3318 672 3396 sortiri,
725 3318 997 3404 primum
1049 3318 1128 3394 ii,
1189 3339 1354 3402 quos
1392 3339 1473 3380 ex
1517 3312 1587 3380 S.
1613 3312 1689 3380 C.
1734 3315 1899 3380 mitti
1937 3326 2277 3402 oporteret,
2320 3328 2457 3384 tum

151 3424 234 3487 uti
294 3427 602 3512 quodque
668 3427 1012 3513 collegium
1064 3427 1344 3512 primum
1409 3435 1775 3510 praetorum
1845 3423 2109 3501 fuisset,
2178 3424 2457 3511 denique

153 3535 419 3615 proximi
460 3535 774 3621 cuiusque
803 3536 1057 3622 collegii
1091 3534 1202 3620 qui
1227 3543 1554 3620 praetores
1585 3531 1891 3596 fuissent:
1925 3531 2098 3596 unde
2135 3533 2231 3597 uti
2250 3534 2456 3618 quod—

153 3662 262 3724 que
303 3644 650 3730 collegium
691 3654 894 3710 aetate
941 3642 1408 3718 antecessisset,
1449 3642 1541 3706 ita
1584 3663 1664 3706 ex
1706 3661 1784 3703 eo
1822 3640 1935 3724 qui
1973 3639 2266 3706 nondum
2305 3663 2455 3727 pro-

155 3749 382 3817 vincias
425 3753 780 3830 rexissent,
821 3753 1062 3839 primos
1103 3752 1186 3818 ad
1233 3751 1632 3816 sortiendum
1674 3770 1818 3814 esse
1860 3748 2177 3814 admissos
2220 3748 2456 3815 intelli-

158 3857 371 3940 gimus.
453 3861 764 3927 Extrema
803 3872 1017 3928 autem
1057 3881 1222 3947 quae
1267 3870 1437 3935 sunt,
1477 3869 1551 3923 ut
1598 3880 1678 3922 ex
1710 3856 2151 3923 vetustissimo
2197 3877 2456 3943 quoque

159 3965 417 4053 collegio·
463 3969 884 4054 eligerentur,
947 3971 1154 4053 quoad
1204 3973 1256 4030 is
1298 3988 1595 4030 numerus
1650 3965 1907 4046 qffectus
1952 3975 2115 4043 esset,
2155 3987 2329 4049 quem
2373 3969 2462 4030 ad

159 4094 464 4140 numerum
508 4081 576 4140 in
611 4081 970 4158 provincias
1012 4081 1184 4140 mitti
1217 4083 1535 4158 oporteret,
1580 4093 1787 4139 nonne
1822 4073 2090 4138 totidem
2114 4073 2319 4138 fuisse
2343 4073 2457 4158 qui

162 4181 542 4262 sortirentur,
590 4194 745 4270 quot
784 4193 1000 4250 essent
1021 4183 1409 4272 provinciae,
1432 4182 1761 4248 luculente
1788 4180 2275 4248 demonstrant?
2320 4177 2456 4246 Sed

167 4307 266 4352 cur
301 4314 462 4358 anno
509 4293 589 4359 49
634 4293 840 4358 sortiti
887 4302 1037 4358 sunt
1073 4291 1436 4379 provincias
1488 4291 1859 4356 consulares
1897 4289 1981 4355 L.
2021 4287 2350 4356 Domitius
2393 4299 2458 4354 et

172 4393 242 4478 Q.
261 4396 552 4470 Metellus
579 4398 816 4488 Scipio,
859 4423 1134 4488 quorum
1173 4411 1402 4467 neuter
1431 4395 1940 4486 quinquennium
1974 4406 2125 4486 post
2160 4407 2455 4464 exactum
