2917 5017
446 349 565 414 152
1105 348 1187 398 De
1227 345 1396 398 Gallia
1434 345 1788 394 Romanorum
1819 341 2095 406 provincia.

441 539 636 601 quem
703 537 902 600 supra
955 537 1018 600 p.
1077 511 1192 578 129
1253 507 1537 574 vidimus
1592 503 1962 571 Germanici
2026 504 2177 570 olim
2229 504 2509 588 legatum
2529 550 2546 579 ,
2618 512 2731 564 tum

444 623 706 690 Africae
770 625 974 690 fuisse
1036 618 1509 708 proconsulem.
1622 613 1874 695 Quare,
1938 613 1991 677 si
2047 624 2220 676 recte
2280 608 2355 675 C.
2416 610 2734 675 Visellium

444 732 837 797 coniecimus
885 751 1052 796 anno
1093 730 1172 794 23
1218 725 1600 798 decessisse,
1644 743 1721 786 ac
1761 722 1841 785 L.
1886 721 2286 806 Apronium,
2330 741 2477 783 cum
2515 718 2735 783 Frisios

445 851 881 926 oppugnaret,
935 861 1161 904 recens
1205 833 1582 906 advenisse,
1626 829 1835 894 videri
1877 829 2111 914 poterit
2148 829 2345 893 unius
2387 825 2583 911 legati
2626 849 2737 890 me-

445 950 648 1014 moria
703 947 1145 1022 intercidisse,
1207 945 1322 1008 sed
1376 936 1774 1027 probabilius
1827 947 2039 1002 tamen
2102 948 2235 1013 est,
2298 957 2446 1000 cum
2506 934 2743 998 inferior
2838 933 2840 966 ²

446 1057 766 1122 exercitus
839 1055 1170 1121 biennium
1235 1050 1337 1116 vel
1402 1045 1899 1133 quadriennium
1966 1045 2103 1109 sine
2165 1044 2381 1126 legato
2446 1042 2745 1107 consulari

446 1167 698 1242 fuisset,
740 1163 1105 1250 Apronium
1147 1153 1324 1225 circa
1353 1177 1591 1222 annum
1624 1154 1707 1218 26
1747 1154 1813 1216 in
1840 1151 2254 1219 Germaniam
2296 1173 2439 1217 esse
2478 1150 2745 1244 missum.

448 1274 705 1339 Etenim
753 1269 830 1336 C.
859 1269 1023 1336 Silio
1068 1291 1260 1354 quem
1303 1265 1697 1331 successisse
1735 1263 2077 1347 putamus?
2142 1259 2350 1326 Nemo
2380 1259 2745 1333 nominatur,

450 1382 566 1447 sed
607 1383 675 1445 in
705 1380 1061 1446 Frisiorum
1091 1377 1260 1442 bello
1286 1375 1440 1440 Tac.
1467 1375 1638 1439 Ann.
1662 1355 1783 1448 IV,
1808 1371 1891 1436 73
1924 1370 2005 1434 L.
2028 1369 2393 1455 Apronium
2427 1367 2521 1432 ait
2545 1369 2751 1428 vexilla
2844 1444 2846 1456 Σ

449 1493 761 1571 legionum
820 1513 851 1550 e
904 1490 1215 1568 superiore
1254 1486 1588 1566 provincia
1635 1482 2029 1562 peditumque
2077 1488 2138 1540 et
2178 1481 2455 1559 equitum
2504 1479 2753 1538 auxilia·

448 1604 614 1660 rium
669 1599 922 1660 delectos
985 1592 1299 1658 accivisse
1353 1601 1546 1674 atque
1602 1599 1935 1669 utrumque
1986 1590 2325 1648 exercitum
2385 1571 2621 1648 Frisiis
2670 1583 2753 1645 in·
2847 1657 2848 1660 Ἴ

449 1706 697 1782 tulisse,
738 1705 804 1767 in
848 1702 1087 1788 quibus
1125 1710 1370 1766 certum
1407 1705 1863 1783 argumentum
1890 1693 2323 1781 deprehendo,
2370 1715 2507 1778 quo
2532 1690 2757 1755 nullum

451 1825 607 1879 tunc
666 1810 1012 1897 superioris
1059 1808 1444 1876 Germaniae
1505 1805 1904 1870 consularem
1962 1805 2249 1890 legatum
2298 1804 2511 1868 fuisse
2551 1798 2758 1864 intelli·
2848 1862 2850 1888 ἰ

453 1943 634 2007 gam,
698 1919 809 2004 qui
854 1919 906 1984 si
949 1917 1214 1994 fuisset,
1272 1926 1383 1980 aut
1425 1914 1567 2000 ipse
1614 1935 1763 1978 cum
1806 1912 2097 1998 Apronio
2142 1912 2623 1998 expeditionem
2665 1907 2758 1972 ad·

453 2049 682 2092 versus
746 2025 1055 2091 barbaros
1119 2024 1548 2109 suscepisset,
1614 2032 1725 2086 aut
1784 2031 1954 2086 certe
2014 2020 2441 2085 nominandus
2510 2028 2644 2082 erat
2694 2015 2759 2080 ab

455 2135 702 2198 Tac'it0.
792 2132 1014 2214 Quare
1057 2155 1097 2196 a
1133 2129 1211 2196 C.
1257 2129 1418 2196 Silio
1460 2152 1667 2213 usque
1708 2129 1791 2193 ad
1833 2152 2073 2193 annum
2110 2129 2214 2204 29,
2260 2129 2303 2191 i.
2331 2149 2387 2192 e.
2434 2149 2555 2213 per
2593 2124 2759 2209 quin-

452 2242 804 2326 quennium
843 2242 998 2318 fere,
1047 2240 1441 2325 superiorem
1470 2237 1881 2303 Germaniam
1922 2238 2137 2322 legato
2166 2237 2457 2322 Augusti
2496 2234 2759 2300 caruisse

455 2372 685 2416 censeo
727 2348 1228 2433 addendumque
1267 2347 1389 2412 erit
1431 2347 1556 2412 hoc
1600 2347 1965 2432 exemplum
1998 2346 2102 2423 iis,
2146 2367 2311 2431 quae
2348 2367 2387 2408 a
2419 2343 2607 2410 Suet.
2637 2341 2760 2405 Tib.

455 2480 509 2525 c.
551 2459 626 2522 41
685 2458 1074 2533 afferuntur,
1134 2456 1214 2520 de
1263 2455 1503 2540 quibus
1558 2457 1625 2520 in
1672 2465 2011 2520 comment.
2055 2454 2386 2540 epigraph.
2428 2453 2504 2518 II
2551 2477 2615 2540 p.
2663 2451 2762 2517 132

455 2565 953 2652 disputavimus.
1051 2563 1310 2628 Etenim
1365 2585 1534 2627 anno
1581 2563 1661 2628 29
1719 2559 1937 2627 Seiani
1990 2585 2184 2649 opera
2241 2563 2565 2648 superiori
2614 2559 2764 2625 Ger·

455 2674 706 2739 maniae
749 2673 1112 2758 praefectus
1161 2682 1258 2736 est
1295 2669 1417 2737 Cn.
1453 2669 1797 2736 Cornelius
1837 2671 2161 2735 Lentulus
2200 2669 2608 2746 Gaetulicus,
2650 2692 2764 2734 cos.

456 2782 604 2848 anni
645 2780 746 2857 26,
791 2782 952 2856 eius,
995 2781 1108 2864 qui
1151 2783 1375 2845 ann01
1424 2803 1481 2844 a.
1510 2776 1666 2844 Chr.
1712 2780 2118 2845 consulatum
2163 2791 2455 2865 gesserat
2504 2779 2765 2864 primus·

455 2912 582 2976 que
649 2888 925 2954 familiae
984 2886 1308 2954 Gaetulici
1367 2911 1599 2953 nomen
1656 2889 1937 2974 peperit,
2010 2888 2195 2971 (Tac.
2255 2889 2428 2953 Ann.
2484 2888 2608 2965 IV,
2670 2887 2765 2970 44)

455 2998 653 3062 filius.
739 2997 912 3062 Eum
957 3009 1190 3073 autem,
1239 2999 1535 3082 quamvis
1580 3007 1751 3062 esset
1796 2995 2014 3062 Seiani
2058 2998 2290 3074 affinis,
2336 3008 2553 3063 tamen
2596 2996 2765 3062 etiam

459 3116 607 3191 post
668 3107 807 3171 eius
869 3106 1130 3172 caedem
1188 3105 1575 3171 incolumem
1634 3105 1836 3170 fuisse
1881 3129 2243 3192 magnaque
2289 3105 2541 3171 Tiberii
2582 3103 2765 3192 gratia
2854 3133 2856 3160 2

455 3214 786 3278 florentem
840 3211 1226 3279 Germaniae
1287 3214 1645 3298 praefuisse
1709 3215 1797 3279 ait
1847 3213 2003 3280 Tac.
2064 3215 2298 3280 Annal.
2338 3215 2456 3292 VI,
2510 3215 2623 3291 30,
2677 3236 2763 3276 res

458 3322 607 3386 anni
655 3321 733 3384 534
775 3322 1085 3398 referens,
1135 3321 1628 3406 accuratiusque
1674 3321 1807 3387 Dio
1846 3321 2038 3400 LIX,
2082 3323 2165 3388 22
2207 3346 2375 3401 eum,
2424 3345 2578 3388 cum
2619 3342 2759 3388 anno

459 3429 539 3493 39
574 3453 612 3492 a
643 3425 946 3512 Caligula
978 3439 1241 3514 propter
1281 3429 1613 3494 seditionis
1653 3429 2087 3515 suspicionem
2128 3429 2340 3516 (Suet.
2370 3429 2609 3497 Claud.
2636 3454 2682 3497 c.
2701 3428 2755 3509 9)

454 3535 942 3614 interficeretur,
989 3537 1212 3603 decem
1257 3559 1458 3601 annos
1510 3535 1923 3603 Germaniam
1966 3537 2214 3603 rexisse
2255 3549 2491 3603 narrat.

630 3642 963 3709 Successit
1019 3655 1233 3711 autem
1278 3646 1337 3710 ei
1389 3642 1530 3710 Ser.
1577 3641 1909 3731 Sulpicius
1955 3645 2199 3720 Galba,
2254 3646 2343 3724 is,
2399 3647 2513 3731 qui
2565 3656 2757 3733 postea

465 3752 826 3838 imperavit,
874 3773 1004 3816 coe.
1049 3776 1194 3817 ann.
1239 3754 1338 3828 33,
1382 3764 1443 3818 et
1488 3752 1752 3838 quidem
1799 3754 2103 3820 continuo
2117 3780 2134 3832 3
2176 3779 2324 3820 nam
2366 3753 2550 3821 Suet.
2592 3754 2758 3822 Galb.

459 3881 514 3923 c.
555 3859 596 3923 6
657 3881 806 3923 eum
852 3871 1186 3946 praesente
1245 3863 1434 3928 etiam
1484 3871 1639 3925 tunc
1685 3859 1853 3926 Gaio
1894 3864 2185 3949 legiones
2229 3860 2646 3931 Germanicas
2688 3861 2759 3927 ad

458 3967 839 4032 modestiam
893 3968 1228 4055 redegisse
1285 3978 1576 4034 testatur.
1662 3970 1973 4035 Restituit
2022 3972 2215 4038 etiam
2263 3972 2470 4057 ipsam
2514 3970 2758 4059 provin-

457 4074 621 4138 ciam
665 4071 1063 4161 Chattosque
1106 4098 1274 4141 anno
1317 4077 1391 4140 41
1438 4076 1597 4141 vicit
1639 4078 1862 4164 (Dion.
1904 4079 2059 4156 LX,
2112 4080 2214 4165 8),
2268 4079 2505 4146 deinde
2547 4101 2758 4166 regens

457 4181 648 4246 etiam
688 4191 843 4246 tunc
875 4181 1284 4247 Germaniam
1314 4180 1685 4261 Claudium,
1727 4187 1832 4250 cui
1870 4186 2372 4252 moderationem
2409 4210 2589 4252 suam
2625 4208 2757 4273 pro-

455 4287 673 4365 barat,
735 4290 802 4354 in
845 4291 1241 4355 Britanniam
1300 4292 1638 4358 comitatus
1678 4293 1746 4357 in
1791 4293 2019 4358 urbem
2064 4294 2255 4359 rediit
2301 4319 2467 4360 anno
2497 4295 2619 4371 44,
2672 4294 2757 4356 in-

460 4398 883 4484 sequentique
930 4398 1188 4464 biennio
1231 4399 1525 4466 Africam
1566 4423 1686 4487 pro
1730 4403 1994 4468 consule
2035 4404 2203 4468 rexit
2246 4402 2461 4490 (Suet.
2490 4401 2673 4469 Galb.
2695 4403 2727 4466 7
2738 4424 2753 4476 3
