2917 5017
831 318 912 366 De
951 318 1322 380 propagatione
1359 316 1577 365 civitatis
1612 316 1891 365 &manaa
2388 310 2499 377 331

359 483 500 547 Iam
555 482 624 547 hi
679 480 1002 566 principes
1049 477 1212 562 quid
1273 476 1619 563 petebant?
1700 482 1805 541 Im
1856 480 2389 559 mmmmm-mn
2440 482 2511 540 in

162 591 336 651 urbe
406 594 704 655 honorum
765 586 1034 652 Tacitus
1091 586 1386 671 appellat,
1441 585 1486 647 i.
1532 608 1587 647 e.
1642 594 1715 647 ut
1772 586 2017 653 Romae
2076 597 2511 671 quaesturam,

163 698 602 773 aedilitatem,
659 709 1022 783 praeturam
1042 741 1061 770 ‚
1113 695 1519 759 consulatum
1568 704 1785 778 petere
1839 694 2055 778 itaque
2098 694 2181 759 ad
2220 694 2509 779 imperia,

164 806 257 870 ad
341 806 820 891 provinciarum
883 803 1485 878 administrationes,
1544 802 1630 867 ad
1690 802 2049 887 triumphos
2108 789 2347 887 quique
2400 802 2510 867 alii

165 915 428 979 summi
487 925 638 979 sunt
689 913 756 975 in
811 911 1148 997 republica
1199 910 1507 985 honores,
1556 910 1893 995 pervenire
1940 910 2193 988 liceret,
2233 911 2511 975 maxime

167 1034 428 1099 autem,
463 1022 765 1106 quoniam
807 1021 921 1085 illa
963 1042 1082 1105 per
1123 1020 1217 1083 rei
1253 1019 1460 1105 ipsius
1505 1028 1800 1083 naturam
1840 1040 1969 1083 non
1992 1019 2209 1085 multis
2240 1030 2511 1103 possunt

167 1132 584 1217 contingere,
629 1142 702 1193 ut
744 1128 858 1212 qui
911 1150 1110 1193 censu
1157 1126 1547 1201 sufficerent,
1594 1126 1663 1190 in
1714 1138 2007 1191 senatum
2052 1127 2509 1212 reciperentur.

165 1238 256 1302 Id
305 1239 488 1303 enim
539 1238 682 1323 ipse
725 1236 991 1303 Tacitus
1041 1234 1380 1319 significat,
1427 1234 1707 1319 primum
1764 1236 1829 1299 in
1876 1246 2103 1301 senatu
2148 1236 2509 1321 supplendo

167 1356 388 1411 totam
429 1346 800 1431 petitionem
845 1354 1044 1409 ortam
1091 1366 1236 1407 esse
1277 1365 1565 1418 narrans,
1612 1354 1749 1409 tum
1796 1344 1877 1408 de
1918 1355 2143 1409 senatu
2186 1344 2333 1409 urbi
2376 1346 2509 1411 Ro-

168 1478 323 1519 mae
373 1453 844 1540 suppeditando
899 1464 962 1517 et
1003 1452 1086 1517 de
1125 1452 1394 1516 Venetis
1439 1451 1955 1537 Insubribusque
2002 1453 2069 1516 in
2108 1453 2355 1519 curiam
2394 1455 2509 1519 ad·-

164 1562 403 1627 missis
465 1574 528 1627 et
584 1563 666 1629 de
728 1560 1130 1627 senatoribus
1183 1582 1266 1625 ex
1310 1560 1503 1623 Latio
1548 1570 1611 1623 et
1660 1562 1863 1625 multa
1912 1562 2170 1627 omnino
2218 1562 2510 1627 similiter

169 1672 436 1747 dicens,
481 1682 573 1746 ut,
618 1671 920 1754 quoniam
961 1670 1154 1735 etiam
1201 1668 1517 1733 senatoria
1556 1668 1837 1753 dignitas
1880 1669 2353 1753 quodammodo
2394 1693 2509 1755 pro

166 1779 428 1844 honore
467 1791 584 1855 est,
630 1781 912 1845 breviter
953 1784 1050 1840 ius
1081 1780 1382 1841 honorum
1431 1779 1753 1863 appellare
1783 1778 2129 1863 possimus.
2188 1779 2511 1861 Equester

171 1889 390 1972 igitur
453 1888 737 1973 dignitas
801 1886 1202 1971 principibus
1261 1885 1388 1949 illis
1451 1886 1728 1970 patebat,
1788 1886 2328 1969 quemadmodum
2384 1886 2509 1972 ipsi

173 1998 488 2061 Arminio
547 2020 689 2062 eam
739 1996 951 2059 datam
1011 2017 1154 2059 esse
1203 1994 1493 2058 Velleius
1539 1994 1581 2057 l.
1622 1995 1663 2058 l.
1710 1995 1953 2070 scribit,
2010 1994 2313 2080 patebant
2357 2018 2508 2080 pro-

175 2106 551 2170 curationes
621 2105 959 2189 omniaque
1031 2104 1504 2187 praefectorum
1576 2125 1873 2180 munera,
1940 2126 2105 2187 quae
2166 2104 2511 2188 imperator

175 2236 308 2277 non
354 2214 550 2278 modo
593 2212 831 2289 liberis,
877 2234 1104 2277 verum
1149 2234 1609 2295 nonnunquam
1654 2212 1843 2275 etiam
1880 2212 2196 2279 libertinis
2234 2214 2509 2279 homini·-

175 2320 302 2386 bus
355 2322 720 2387 deferebat:
787 2322 905 2387 soli
955 2322 1048 2386 illi
1095 2322 1372 2385 honores
1421 2322 1681 2386 curules
1722 2333 2111 2406 senatusque
2154 2346 2282 2387 non
2328 2334 2509 2408 pate·-

178 2430 361 2495 bant.
435 2431 644 2514 quue
681 2431 917 2497 illustri
961 2431 1274 2517 exemplo,
1330 2430 1507 2514 quod
1565 2430 1833 2495 Tacitus
1876 2443 2347 2508 commemorat,
2392 2432 2507 2497 de·-

181 2548 596 2603 monstratur.
685 2540 752 2603 Is
805 2540 974 2603 enim
1021 2536 1142 2605 Cn.
1186 2539 1426 2603 Iulium
1470 2537 1845 2624 Agricolam
1902 2539 2109 2617 illum,
2159 2541 2271 2623 qui
2328 2563 2511 2605 socer

180 2648 324 2711 eius
373 2658 529 2723 erat,
576 2670 656 2711 ex
694 2648 1242 2713 Foroiuliensium
1281 2648 1535 2712 colonia
1578 2658 1795 2712 ortum
1827 2648 2031 2713 fuisse
2064 2648 2287 2714 scribit
2321 2660 2512 2733 atque

181 2751 380 2819 avum
425 2756 566 2821 eius
609 2765 954 2839 utrumque
997 2756 1281 2839 equestri
1328 2756 1643 2841 dignitate
1688 2767 2297 2840 procuratoremque
2345 2754 2509 2823 Cae-

181 2862 343 2926 saris
393 2863 632 2929 fuisse:
686 2874 931 2948 patrem
975 2863 1220 2931 Iulium
1265 2863 1681 2939 Graecinum,
1736 2886 1880 2929 cum
1922 2864 2221 2929 senatorii
2264 2864 2509 2931 ordinis

183 2982 355 3035 esset
401 2982 590 3054 atque
635 2972 998 3055 eloquentia
1036 2974 1398 3045 excelleret,
1453 2971 1535 3037 ab
1576 2970 1653 3037 O.
1680 2970 1981 3057 Caligula
2017 2995 2159 3037 esse
2203 2975 2509 3041 occisum.

183 3078 446 3159 Quodsi
469 3078 812 3165 Agricolae
837 3104 1044 3166 genus
1063 3081 1146 3146 ab
1167 3082 1505 3147 remotiore
1524 3090 1728 3145 aetate
1750 3082 1854 3145 vel
1878 3083 2161 3165 equestri
2176 3082 2508 3168 dignitate,

186 3189 616 3273 praestitisset
641 3200 854 3272 atque,
891 3188 1100 3253 sinon
1129 3190 1507 3266 honoribus,
1536 3190 1909 3273 antiquitate
1938 3191 2511 3272 commendaretur,

189 3310 359 3361 certe
391 3296 680 3372 Tacitus,
729 3308 801 3361 ut
845 3298 1048 3363 soceri
1096 3298 1196 3363 sui
1240 3298 1514 3383 gloriam
1552 3299 1904 3375 extolleret,
1942 3310 2298 3363 narrasset:
2338 3323 2513 3365 nunc

193 3426 342 3469 eum
375 3405 808 3490 intelligemus
837 3405 918 3469 de
941 3406 1289 3491 Agricolae
1313 3406 1687 3482 maioribus,
1723 3406 1837 3491 qui
1864 3407 2033 3471 ultra
2056 3430 2248 3471 avum
2275 3418 2509 3484 essent,

194 3513 292 3576 vel
351 3512 512 3577 nihil
571 3514 676 3577 vel
737 3536 814 3579 ea
855 3536 1036 3604 ‚quae
1097 3513 1314 3590 nollet,
1377 3514 1629 3581 tradere
1688 3515 1995 3599 potuisse.
2082 3514 2304 3597 Quare
2362 3538 2511 3581 cum

189 3642 349 3687 avus
398 3621 688 3707 Augusti
729 3623 864 3687 fere
915 3633 1118 3687 aetate
1163 3623 1420 3699 vixerit,
1466 3622 1795 3708 probabile
1838 3634 1937 3689 est
1986 3646 2155 3701 eum,
2208 3646 2359 3689 cum
2402 3644 2509 3691 co*-

189 3727 354 3795 lonia
421 3728 664 3797 Forum
734 3730 976 3795 Iulium
1043 3731 1428 3797 conderetur
1498 3733 1611 3815 (cf.
1668 3728 2029 3797 Comment.
2090 3732 2421 3819 epigraph.
2474 3733 2510 3799 Ι

192 3847 250 3921 p'.
289 3838 466 3921 315),
523 3862 601 3903 ex
648 3838 858 3905 Gallis
903 3840 1324 3925 popularibus
1383 3862 1527 3905 esse
1572 3840 1865 3916 ascitum,
1910 3840 2167 3907 civitate
2204 3840 2508 3905 donatum

197 3948 706 4032 appellatumque
758 3944 834 4011 C.
859 3947 1122 4027 Iulium,
1168 3960 1306 4015 tum
1349 3949 1673 4016 industria
1712 3950 1797 4015 ad
1839 3950 2313 4035 procurationes
2360 3970 2508 4033 per-

196 4056 466 4120 venisse.
548 4055 742 4120 Pater
799 4066 1012 4121 autem
1077 4055 1440 4123 Graecinus
1505 4057 1809 4140 quoniam
1860 4080 2023 4123 avus
2077 4057 2206 4123 iam
2262 4067 2508 4121 tantum

198 4161 464 4247 adeptus
523 4174 677 4239 erat,
738 4165 1032 4247 quamvis
1093 4166 1635 4231 Foroiuliensium
1694 4165 1942 4230 colonia
1997 4166 2137 4230 iure
2192 4164 2509 4229 honorum

201 4281 450 4346 careret,
521 4270 890 4355 singillatim
950 4271 1030 4337 ab
1080 4272 1344 4339 Tiberio
1403 4274 1470 4337 in
1534 4285 1826 4339 senatum
1882 4273 2149 4339 allectus
2196 4283 2295 4337 est
2350 4273 2506 4339 faci-

204 4374 450 4465 lemque
489 4370 835 4466 Agricolae
881 4380 1014 4445 filio
1061 4402 1454 4451 summorum
1501 4382 1817 4451 honorum
1856 4404 2118 4449 cursum
2156 4381 2433 4471 reliquit.
