2917 5017
866 345 948 394 De
987 343 1358 408 propagatione
1399 341 1623 390 civitatis
1661 340 1942 390 Romanae.
2442 335 2563 401 345

237 509 406 574 nihil
440 509 647 596 magis
693 506 1028 584 efficiebat,
1069 515 1144 571 ut
1187 504 1463 591 proximi
1510 503 1831 568 civitatem
1880 502 2232 568 Romanam
2277 525 2421 568 esse
2468 503 2565 568 vi-

239 621 578 685 derentur:
644 617 768 682 hoc
819 615 1116 691 contenti,
1167 614 1287 678 etsi
1342 635 1562 678 omnes
1622 613 1941 678 civitatem
1984 613 2457 698 potentiamque
2500 613 2565 676 in

237 727 577 813 republica
620 723 1183 808 concupiscebant,
1223 743 1556 807 nunquam
1596 731 1809 785 tamen
1865 721 1947 785 ad
1990 744 2166 786 arma
2206 722 2564 787 descende-

235 846 418 911 runt,
455 855 781 918 nunquam
823 832 904 898 ab
943 831 1214 917 imperio
1255 831 1690 896 desciverunt.
1758 829 1977 915 Atque
2011 829 2263 895 Latinis
2303 830 2564 915 quidem

235 943 568 1029 quomodo
617 952 864 1006 tantum
909 940 1048 1004 dari
1087 939 1389 1026 potuerit,
1431 939 1833 1023 intelligitur.
1898 938 2156 1003 Etenim
2206 940 2260 1003 si
2306 938 2409 1015 iis,
2453 940 2565 1024 qui

237 1051 644 1116 domicilium
706 1049 772 1112 in
831 1049 1082 1113 colonia
1131 1071 1249 1112 sua
1301 1047 1649 1111 retinerent
1692 1069 1811 1111 nec
1851 1047 2094 1112 Romae
2136 1070 2255 1134 per
2300 1069 2565 1112 censum

237 1160 315 1223 in
355 1157 564 1224 tribus
608 1157 1078 1244 pervenissent,
1123 1167 1331 1221 tamen
1375 1157 1442 1219 in
1478 1135 1645 1220 ¹urbe
1694 1156 2237 1222 commorantibus
2278 1179 2409 1221 una
2450 1157 2565 1220 tri-

236 1267 393 1342 bue,
435 1267 509 1332 in‘
543 1289 671 1352 qua
717 1267 1098 1351 suffragium
1128 1266 1389 1342 ferrent,
1419 1265 1845 1351 aperiebatur,
1879 1275 2379 1330 consentaneum
2408 1275 2565 1341 erat,

235 1386 350 1452 ut,
413 1376 467 1442 si
529 1375 752 1440 relicta
810 1376 1058 1440 colonia
1115 1372 1568 1456 translatisque
1628 1371 1925 1436 omnibus
1990 1373 2221 1458 opibus
2278 1374 2346 1436 in
2404 1371 2565 1437 urbe

239 1484 714 1560 consedissent,
767 1484 910 1570 ipsa
963 1485 1198 1570 optima
1245 1481 1472 1546 civitas
1530 1490 1801 1566 pateret:
1850 1503 1997 1546 cum
2042 1482 2307 1568 reliquis
2352 1493 2565 1546 autem

241 1593 442 1658 sociis
500 1593 696 1657 ullam
751 1593 1008 1657 omnino
1056 1591 1511 1677 suffragiorum
1554 1600 1801 1676 partem
1846 1591 2388 1674 communicatam,
2423 1611 2565 1656 esse

237 1724 368 1767 nec
423 1702 702 1787 legimus
760 1724 1034 1787 usquam
1083 1722 1222 1775 nec,
1289 1699 1343 1764 si
1402 1699 1736 1785 municipii
1789 1698 2181 1776 Malacitani,
2238 1700 2321 1763 ad
2378 1699 2565 1764 cuius

238 1811 504 1877 comitia
545 1810 869 1896 peregrini
909 1810 1088 1874 nullo
1137 1809 1330 1873 modo
1372 1807 1892 1884 admittebantur,
1936 1808 2417 1872 similitudinem
2462 1831 2563 1873 se-

239 1941 543 2005 quamur,
581 1919 914 2006 probabile
959 1929 1074 1982 est.
1143 1917 1404 1998 Quibus
1443 1938 1594 1982 cum
1628 1916 1739 1980 illa
1770 1917 2220 2002 suffragiorum
2248 1916 2566 2002 quaedam

236 2029 435 2113 quasi
478 2030 842 2092 communio
885 2028 1146 2092 occlusa
1193 2037 1381 2101 esset,
1427 2025 1750 2110 quomodo
1792 2025 1963 2088 hunc
2004 2024 2381 2089 facillimum
2426 2025 2567 2090 adi-

237 2150 406 2212 tum,
453 2158 585 2220 quo
637 2137 851 2200 omnia
897 2134 1110 2200 subito
1151 2135 1427 2200 civitatis
1473 2133 1795 2198 Romanae
1836 2134 1980 2198 iura
2016 2134 2567 2220 impertiebantur,

237 2245 530 2330 patuisse
575 2242 990 2330 putabimus?
1046 2243 1184 2308 Nec
1227 2253 1419 2318 certe,
1457 2241 1513 2304 si
1558 2241 1707 2304 olim
1745 2241 1987 2306 Italicis
2039 2243 2247 2319 sociis,
2292 2267 2568 2328 quorum

235 2352 508 2418 foedera
529 2353 729 2430 varia,
756 2352 1114 2438 partimque
1147 2362 1316 2415 certe
1355 2350 1613 2414 minime
1644 2371 1851 2434 aequa
1871 2362 2070 2426 erant,
2096 2361 2341 2416 tantum
2370 2352 2570 2418 daba-

235 2473 369 2539 tur,
413 2472 756 2548 postquam
787 2483 975 2547 saepe
1000 2458 1404 2544 aequissimis
1429 2458 1799 2523 foederibus
1838 2457 2179 2544 imperium
2208 2460 2569 2526 Romanum

236 2580 426 2634 extra
453 2569 704 2634 Italiam
735 2579 1165 2656 propagatum
1195 2578 1313 2644 est,
1349 2568 1450 2633 his
1484 2566 1963 2653 provinciarum
1996 2568 2189 2634 sociis
2226 2593 2355 2634 non
2394 2570 2569 2634 idem

233 2678 439 2743 tribui
481 2678 709 2744 debuit
751 2678 1242 2762 necessarioque
1283 2699 1360 2741 eo
1401 2677 1839 2754 deveniemus,
1888 2688 1959 2742 ut
2002 2689 2247 2762 partem
2292 2677 2571 2762 aliquam

237 2786 703 2873 suffragiorum
731 2809 880 2851 cum
909 2786 1205 2851 omnibns
1237 2785 1426 2849 sociis
1466 2787 1994 2872 communicatam
2024 2809 2166 2850 esse
2194 2797 2571 2862 statuamus,

233 2897 308 2960 id
328 2898 505 2983 quod
525 2919 656 2962 non
679 2906 929 2960 tantum
949 2918 1096 2960 cum
1117 2895 1285 2958 omni
1313 2895 1697 2980 scriptorum
1716 2893 2112 2970 auctoritate,
2132 2915 2355 2958 verum
2382 2893 2571 2959 etiam

239 3028 396 3071 cum
421 3005 566 3092 ipso
594 3027 770 3070 more
789 3004 1082 3070 Romano
1115 3003 1374 3069 videtur
1399 3025 1707 3088 pugnare.
1754 3002 1891 3067 Nec
1912 3025 2068 3068 vero
2090 3003 2199 3068 illa
2235 3003 2449 3090 opinio
2474 3004 2571 3068 ni-

235 3114 404 3178 titur
426 3114 550 3179 nisi
577 3137 776 3200 prava
801 3114 978 3179 Livii
1000 3112 1539 3199 interpretatione.
1585 3110 1789 3197 Apud
1810 3133 2003 3196 quem
2034 3133 2198 3196 quae
2226 3122 2402 3176 sunt:
2434 3117 2571 3175 Mo-

182 3227 188 3230 ’
237 3232 474 3286 verunt
491 3233 774 3286 sanatum
793 3233 852 3286 et
871 3226 1206 3303 legationes
1227 3224 1453 3282 socium
1486 3223 1711 3282 batim·
1726 3223 2011 3297 nominis,
2030 3219 2122 3285 ita
2140 3221 2481 3308 explicant,
2499 3232 2573 3285 ut

237 3351 376 3394 non
393 3329 585 3395 modo
610 3329 902 3406 Latinos,
933 3351 1156 3394 verum
1177 3329 1366 3393 etiam
1390 3328 1674 3412 reliquos
1704 3329 1911 3394 socios
1936 3329 2018 3394 ad
2046 3341 2334 3394 senatum
2356 3329 2571 3396 adisse

235 3437 630 3513 existiment,
688 3439 874 3522 eique
920 3437 1202 3523 opinioni
1243 3447 1318 3500 ut
1356 3422 1853 3520 patrocinentur,
1896 3437 2171 3501 afferunt
2210 3437 2352 3514 hoc,
2394 3438 2569 3522 quod

235 3555 393 3633 post
447 3545 851 3623 Latinorum,
912 3546 1024 3630 qui
1069 3544 1340 3609 Romam
1399 3545 1773 3630 migrarant,
1826 3545 2123 3610 iniuriam
2184 3567 2569 3610 commemo-

233 3664 470 3720 rantur
509 3677 548 3718 a
585 3654 784 3727 ¹Livio
841 3652 1226 3718 Samnitium
1277 3652 1825 3738 Pelignorumque
1868 3655 2186 3739 querelae,
2232 3655 2343 3740 qui
2384 3664 2570 3738 quat-

235 3775 392 3828 tuor
440 3763 617 3827 milia
665 3762 1055 3826 familiarum
1096 3762 1177 3828 ab
1221 3785 1290 3827 se
1336 3763 1691 3846 Fregellae,
1734 3763 1775 3826 i.
1824 3785 1878 3827 e.
1920 3764 1989 3828 in
2030 3764 2346 3829 coloniam
2386 3763 2569 3828 Lati-

235 3893 424 3949 nam,
499 3871 810 3935 transisse
877 3869 1200 3934 dixerunt.
1302 3871 1512 3952 Quasi
1587 3894 1773 3948 vere,
1842 3895 1990 3937 cum
2058 3873 2328 3937 Latinos
2399 3871 2569 3936 solos

239 3980 662 4056 nominasset,
725 3989 1050 4063 tamquam
1097 3979 1525 4065 supplementi
1573 3980 1714 4045 loco
1754 3980 1987 4046 Livius
2032 3981 2421 4066 reliquorum
2466 4002 2571 4046 so-

241 4089 491 4155 ciorum
535 4086 776 4153 similes
819 4087 1112 4172 querelas
1153 4109 1653 4153 commemorare
1698 4111 1825 4153 non
1872 4089 2150 4175 potuerit
2186 4111 2263 4154 ac
2305 4111 2569 4154 necesse

243 4199 349 4276 sit,
401 4221 552 4263 cum
591 4196 915 4261 sociorum
955 4195 1256 4260 iniuriam
1296 4195 1386 4260 ita
1409 4195 1754 4283 adiungat:
1801 4197 2115 4278 Fregellas
2136 4219 2371 4280 quoque
2392 4201 2571 4262 milia

239 4317 542 4391 quattuor
579 4307 998 4386 familiarum
1041 4309 1336 4370 ,transisse
1387 4305 1460 4366 ab
1501 4327 1561 4367 se
1613 4309 1921 4368 Samnites
1961 4308 2323 4386 Pelignique
2366 4327 2571 4386 quera-

241 4416 494 4494 bantur,
527 4435 638 4484 eos
673 4412 864 4478 etiam
887 4410 968 4478 ab
995 4411 1178 4478 initio
1221 4411 1623 4490 narrationis,
1651 4435 1779 4498 quo
1806 4422 2009 4476 totum
2039 4413 2129 4478 rei
2153 4413 2339 4498 quasi
2364 4435 2571 4499 genus
