2917 5017
833 325 914 376 De
953 323 1126 376 Gallia
1165 325 1517 376 Romanorum
1558 327 1839 392 provincia.
2370 325 2483 392 131

155 505 366 568 supra
411 484 722 562 diximus,
767 508 959 570 quem
998 485 1124 550 hoc
1163 485 1304 550 loco
1341 486 1633 572 legatum
1673 486 1917 553 Tiberii
1956 487 2337 554 Germaniae
2380 512 2491 555 su-

157 590 445 676 perioris
491 593 802 678 appellari
844 604 1138 680 apparet3
1191 617 1340 658 nam
1384 604 1448 658 et
1489 605 1835 679 utrumqne
1880 596 2255 674 exercitum,
2300 621 2493 683 quem

101 783 114 794 ·
158 698 440 764 Tacitus
483 700 641 764 dicit
673 701 964 767 adversis
1008 701 1346 767 itineribus
1385 725 1531 767 esse
1574 702 1920 781 obiectum,
1960 715 2207 768 certum
2240 717 2340 770 est
2362 728 2489 771 non

160 829 362 892 posse
412 830 560 872 esse
598 809 726 873 nisi
767 833 916 874 eum
934 856 953 887 ,
1015 811 1128 894 qui
1171 812 1237 877 in
1278 811 1575 875 inferiore
1620 821 1683 875 et
1728 812 1999 877 alterum
2040 811 2153 897 qui
2190 813 2259 878 in
2300 835 2493 900 supe-

157 917 334 982 riore
380 915 734 982 Germania
771 929 926 993 erat,
969 927 1034 982 et
1063 917 1408 984 Visellium
1445 919 1711 1003 quidem
1744 919 2129 986 Germaniae
2170 921 2491 988 inferioris

157 1025 458 1110 legatum
503 1025 710 1090 fuisse
755 1025 949 1090 modo
996 1025 1301 1091 fidimus.
1377 1027 1561 1092 Idem
1596 1039 1810 1092 autem
1852 1026 1931 1094 C.
1962 1026 2164 1094 Silius
2206 1053 2371 1094 anno
2410 1030 2491 1096 24

157 1157 222 1218 p.
269 1131 468 1209 Chr„
527 1133 704 1218 quod
760 1157 839 1198 ex
891 1133 1116 1198 amicis
1173 1132 1545 1200 Germanici
1598 1136 1871 1200 maxime
1924 1134 2185 1201 Tiberio
2239 1137 2491 1202 invisus

163 1253 340 1317 erat,
397 1241 749 1306 maiestatis
803 1252 1144 1306 accusatus
1176 1233 1320 1308 'est.
1402 1243 1507 1308 De
1551 1265 1627 1308 eo
1674 1244 1769 1309 sic
1806 1245 2005 1308 refert
2044 1243 2311 1310 Tacitus
2350 1246 2491 1310 An-

155 1351 284 1413 nal.
323 1348 452 1426 IV,
505 1349 578 1414 18
622 1353 908 1412 amicitia
945 1353 1310 1414 Germanici
1335 1355 1685 1431 perniciosa
1724 1357 1973 1433 utrique
2018 1349 2211 1436 (Silio
2234 1363 2297 1417 et
2318 1352 2492 1417 Titio

163 1457 480 1541 Sabino),
540 1461 696 1520 Silio
737 1467 796 1520 et
839 1461 1004 1539 quod
1043 1462 1314 1540 ingentis
1355 1463 1661 1522 exercitus
1707 1469 1927 1540 septem
1963 1480 2079 1540 per
2114 1482 2311 1524 annos
2359 1483 2491 1522 mo-

161 1569 419 1628 derator
463 1571 788 1647 partisque
843 1569 1016 1647 apud
1061 1570 1467 1630 Germaniam
1524 1569 2005 1648 triumphalibus
2060 1573 2497 1632 Sacroviriani

167 1675 306 1737 belli
375 1679 579 1736 victor
631 1673 851 1758 (erat)
905 1711 990 1720 -—
1043 1674 1380 1738 Credebant
1433 1677 1712 1754 plerique
1782 1687 2034 1740 auctam
2088 1679 2489 1760 offensionem

171 1786 356 1862 ipsius
407 1786 919 1863 intemperantia,
981 1785 1300 1844 immodice
1352 1787 1649 1846 iactantis
1694 1803 1873 1845 suum
1918 1789 2177 1848 militem
2222 1789 2293 1846 in
2332 1785 2491 1847 obse-

169 1895 306 1968 quio
347 1893 686 1966 duravisse,
735 1913 874 1952 cum
919 1894 1041 1954 alii
1077 1893 1166 1952 ad
1205 1891 1525 1952 seditiones
1559 1891 2049 1971 prolaberentur,
2091 1913 2283 1972 neque
2316 1913 2491 1952 man-

164 2021 384 2060 surum
433 1999 680 2062 Tiberio
719 2001 1068 2079 imperium,
1109 2001 1169 2059 si
1199 2001 1277 2058 iis
1309 2017 1543 2077 quoque
1584 1999 1923 2078 legionibus
1960 2002 2181 2080 cupido
2216 2000 2496 2062 novandi

142 2109 411 2187 fuisset.
495 2105 757 2170 Invisus
799 2106 1004 2191 igitur
1045 2116 1181 2170 erat
1225 2103 1430 2168 Silius
1474 2103 1767 2182 Tiberio,
1818 2107 1995 2191 quod
2037 2107 2207 2172 inter
2248 2107 2489 2170 amicos

163 2213 549 2278 Germanici
594 2224 776 2278 sexto
815 2235 982 2278 anno
1011 2224 1156 2278 ante
1187 2212 1479 2276 defuncti
1503 2213 1734 2290 fuerat,
1780 2214 2017 2280 deinde
2052 2216 2229 2298 quod
2260 2216 2491 2300 ingen-

159 2336 295 2386 tem
353 2321 706 2386 exercitum
761 2333 1048 2398 rexerat,
1109 2321 1414 2384 nimirum
1468 2319 1851 2387 Germaniae
1914 2323 2263 2408 superioris
2285 2369 2302 2398 ,
2360 2343 2491 2405 quo

162 2433 410 2497 bellum
451 2427 776 2494 Sacroviri
822 2431 1200 2495 confecerat.
1283 2428 1420 2494 Sed
1461 2441 1705 2514 septem
1743 2430 1839 2494 illi
1868 2431 2017 2494 anni
2046 2431 2160 2516 qui
2186 2429 2491 2495 fuerunt?

161 2539 514 2604 Nescimus
571 2538 744 2603 enim
800 2539 1060 2622 quando
1121 2535 1323 2602 Silius
1387 2559 1469 2602 ex
1514 2539 1848 2623 provincia
1888 2539 2163 2604 Romam
2208 2537 2489 2604 redierit.

167 2648 582 2732 Quamquam
645 2644 978 2731 probabile
1045 2657 1144 2711 est
1205 2668 1354 2710 eum
1408 2647 1603 2731 paulo
1664 2659 1810 2712 ante
1876 2647 2235 2712 decessisse
2296 2667 2491 2728 quam

168 2769 516 2823 accusatus
573 2765 670 2818 est
725 2777 804 2818 ac
847 2755 942 2818 sic
985 2753 1266 2818 solemus
1307 2753 1388 2818 de
1433 2755 1719 2819 omnium
1762 2777 2019 2820 reorum
2062 2751 2277 2818 causis
2317 2751 2489 2815 iudi·-

175 2889 308 2934 care
326 2891 346 2944 3
417 2865 536 2930 sed
590 2863 902 2929 faciamus
959 2863 1030 2926 id
1085 2883 1214 2926 non
1269 2885 1410 2928 esse
1474 2864 1763 2940 solitum,
1822 2862 1981 2947 quid
2030 2862 2159 2926 iam
2204 2859 2287 2923 de
2332 2856 2490 2922 Silio

168 2974 534 3062 reperitur?
608 2973 686 3037 In
729 2971 972 3058 duplici
1013 2969 1200 3054 quasi
1243 2971 1612 3054 provinciae
1658 2993 1892 3056 genere
1938 2977 2489 3042 commemoratur,

167 3085 448 3169 primum
487 3103 656 3146 anno
699 3081 798 3156 14,
840 3102 996 3155 cum,
1022 3077 1448 3143 Germanicus
1480 3079 1823 3146 universae
1854 3077 2105 3144 Galliae
2144 3085 2489 3162 praeesset,

164 3213 298 3275 quo
355 3200 644 3274 tempore
687 3211 834 3254 eum
877 3187 1188 3252 exercitui
1233 3187 1547 3272 superiori
1593 3199 1896 3271 quattuor
1930 3186 2261 3273 legionum
2303 3207 2489 3271 prae-

165 3300 372 3364 fuisse
431 3297 836 3362 ostendimus
898 3295 1082 3380 (Tac.
1121 3287 1296 3359 Ami.
1335 3294 1399 3372 Ι,
1455 3295 1597 3378 31),
1658 3319 1779 3362 nec
1818 3307 1987 3362 certe
2026 3295 2171 3381 ipso
2206 3305 2491 3378 tempore

163 3429 296 3491 quo
355 3407 708 3490 Augustus
763 3404 954 3482 obiit,
1009 3405 1078 3469 in
1135 3403 1532 3490 provinciam
1581 3405 1906 3489 pervenit,
1966 3403 2083 3468 sed
2140 3401 2489 3486 superiore,

166 3516 422 3602 opinor,
465 3536 654 3590 anno,
693 3522 1034 3598 postquam
1076 3512 1142 3576 in
1186 3511 1525 3593 consulatu
1566 3509 1704 3576 Cal.
1740 3511 1867 3576 Iul.
1911 3511 2059 3576 anni
2105 3511 2181 3575 13
2224 3510 2321 3576 M.
2354 3510 2491 3575 Ae-

167 3623 388 3688 milius
431 3621 798 3688 Mamercus
833 3623 1124 3686 Scaurus
1163 3630 1227 3684 et
1251 3617 1374 3684 Cn.
1403 3615 1665 3686 Firmus
1704 3619 1959 3685 suffecti
1995 3627 2164 3683 sunt.
2231 3617 2489 3682 Deinde

170 3731 540 3798 nominatur
577 3731 645 3794 in
684 3729 854 3796 bello
901 3727 1260 3804 Sacroviri,
1309 3728 1487 3812 quod
1528 3749 1697 3792 anno
1744 3727 1819 3792 21
1872 3737 2129 3812 gestum
2173 3737 2303 3804 est,
2359 3748 2490 3812 quo

168 3841 469 3906 confecto
515 3838 570 3904 si
613 3839 918 3904 continuo
957 3838 1028 3902 in
1066 3837 1295 3902 urbem
1339 3837 1637 3915 redisset,
1680 3837 1829 3924 plus
1867 3859 2063 3920 quam
2101 3845 2245 3900 octo
2287 3857 2489 3900 annos

164 3950 234 4014 in
276 3948 618 4036 provincia
657 3947 1010 4034 explesset,
1053 3967 1184 4010 non
1227 3956 1506 4033 septem,
1552 3946 1666 4030 qui
1708 3969 1747 4010 a
1789 3945 2011 4010 Tacito
2051 3954 2489 4028 numerantur.

167 4058 455 4124 Necesse
517 4057 722 4142 igitur
765 4065 896 4132 est,
959 4054 1028 4118 hi
1071 4064 1314 4140 septem
1359 4053 1522 4132 anni·
1550 4054 1733 4119 aliter
1774 4053 2135 4118 efficiantur
2177 4053 2491 4118 deducto-

168 4189 296 4251 que
344 4166 460 4230 illo
518 4176 802 4251 tempore
818 4210 837 4241 ,
895 4185 1026 4249 qno
1071 4162 1503 4229 Germanicus
1548 4160 1781 4226 Galliis
1822 4170 2115 4246 praeerat
2160 4160 2493 4244 Siliusque

169 4275 322 4360 quia
361 4297 492 4340 non
526 4273 790 4350 Tiberii,
829 4271 948 4337 sed
975 4271 1346 4338 Germanici
1386 4271 1642 4356 legatus
1682 4281 1838 4345 erat,
1880 4269 2277 4354 superiorem
2304 4277 2493 4351 quat-

173 4394 319 4446 tuor
373 4382 702 4468 legionum
755 4380 1105 4446 exercitum
1158 4402 1384 4466 regere
1438 4380 1653 4443 minus
1699 4387 1867 4442 recte
1914 4376 2043 4440 dici
2081 4385 2365 4461 poterat,
2425 4374 2495 4438 hi

2001 4483 2093 4549 9*
