2917 5017
467 337 585 405 174
982 342 1062 392 De
1095 339 1270 391 Gallia
1305 340 1654 392 Romanorum
1704 341 1979 407 provincia·
2000 341 2271 406 appendix.

461 505 632 569 tione
677 506 974 570 efficitur.
1062 504 1317 568 Etenim
1359 503 1699 588 Appianus
1752 503 1897 568 bell.
1944 505 2065 568 civ.
2105 503 2205 581 Π,
2245 504 2349 581 25,
2394 527 2540 568 cum
2581 505 2755 568 ceteri

461 624 756 678 auctores
795 614 876 677 de
916 613 1036 678 hac
1077 635 1148 676 re
1187 621 1457 688 taceant,
1502 608 1845 676 Caesarem
1886 625 2101 676 narrat
2134 635 2299 678 anno
2338 613 2405 676 51
2444 610 2523 676 ab
2552 622 2755 676 senatu

461 723 732 806 petisse,
781 734 856 786 ut
901 721 1024 787 sibi
1079 720 1324 804 aliquid
1379 721 1687 805 temporis
1729 720 1810 784 ad
1863 721 2372 804 quinquennium
2413 721 2589 805 quod
2628 721 2756 806 lege

461 828 772 915 Pompeia
832 830 1086 894 Licinia
1131 827 1436 904 habebat,
1500 828 1889 892 adiiceretur
1930 830 2061 912 (τὴν
2110 829 2339 914 βουλὴν
2380 827 2515 913 ᾔτει
2556 827 2755 914 χρόνον

461 937 649 1000 ἄλλον
711 939 914 1020 ὀλίγον
977 939 1039 1006 ἐς
1091 939 1196 1020 τὴν
1261 941 1577 1020 παροῦσαν
1640 939 1697 998 οἱ
1756 941 1861 1018 τῆς
1919 935 2220 1006 Γαλατίας
2264 939 2589 1020 ἡγεμονίαν
2634 937 2670 1019 ἢ
2711 937 2761 1003 ἐς

463 1045 648 1129 μέρος
691 1047 877 1129 αὐτῆς
916 1047 1276 1131 ἐπιλαβεῖν).
1341 1041 1488 1109 Cur
1519 1043 1643 1108 hoc
1684 1045 1989 1129 petebat?
2038 1044 2215 1128 quod
2257 1055 2355 1109 est
2393 1045 2591 1108 breve
2617 1043 2761 1108 illud

459 1163 714 1239 tempus
732 1203 750 1230 ,
811 1154 986 1238 quod
1029 1153 1184 1218 addi
1229 1152 1352 1217 sibi
1396 1150 1695 1217 volebat?
1779 1152 2099 1217 Nimirum
2154 1153 2297 1238 ipso
2342 1154 2452 1217 illo
2498 1165 2763 1238 tempore

459 1260 554 1324 M.
597 1261 947 1326 Marcellus
993 1263 1220 1326 consul
1259 1283 1452 1348 agere
1492 1272 1788 1346 coeperat
1828 1261 1893 1324 in
1938 1272 2183 1337 senatu,
2230 1271 2303 1325 ut
2344 1273 2491 1325 ante
2532 1274 2762 1344 tempus

462 1366 728 1434 Caesari
777 1368 1236 1434 succederetur
1281 1380 1344 1433 et
1387 1391 1467 1434 ne
1504 1368 1785 1434 absentis
1826 1370 1893 1432 in
1924 1370 2202 1459 petendo
2246 1371 2587 1434 consulatu
2625 1369 2764 1432 ratio

459 1475 838 1554 haberetur,
885 1487 1220 1562 propterea
1263 1478 1440 1560 quod
1482 1475 1861 1545 tribuniciae
1903 1477 2034 1562 legi
2086 1477 2439 1563 Pompeius
2480 1478 2609 1542 alia
2642 1477 2765 1560 lege

461 1585 544 1649 de
583 1585 724 1650 iure
781 1585 1275 1670 magistratuum
1331 1585 1597 1650 ferenda
1638 1586 2034 1672 obrogasset.
2126 1586 2325 1668 Quod
2368 1586 2483 1652 ubi
2544 1585 2767 1670 accepit

463 1690 736 1768 Caesar,
795 1693 1095 1776 quoniam
1149 1694 1518 1778 provinciae
1569 1695 2087 1780 prorogationem
2143 1694 2283 1759 iure
2340 1693 2609 1758 defendi
2660 1714 2767 1754 non

467 1823 656 1887 posse
707 1801 1002 1879 videbat,
1045 1825 1084 1866 a
1127 1814 1352 1866 senatu
1389 1803 1729 1889 impetrare
1774 1802 2105 1888 cupiebat,
2150 1804 2327 1888 quod
2366 1817 2563 1868 antea
2596 1825 2635 1864 a
2668 1823 2769 1886 po·

465 1911 620 1995 pulo
666 1912 886 1976 datum
935 1921 1093 1988 erat,
1133 1909 1438 1974 nimirum
1481 1921 1555 1975 ut
1594 1911 1841 1976 tamdiu
1871 1911 2222 1997 imperium
2260 1911 2589 1985 retineret,
2634 1907 2771 1970 dum

461 2019 688 2083 consul
747 2019 1216 2105 designaretur.
1303 2017 1440 2082 Nec
1496 2019 1563 2082 in
1619 2019 1743 2083 hoc
1798 2020 1974 2104 quod
2042 2043 2081 2084 a
2135 2030 2361 2083 senatu
2424 2017 2769 2103 petebatur,

463 2125 626 2190 illud
671 2126 958 2190 defuisse
1001 2127 1317 2202 existimO,
1358 2138 1431 2190 ut
1469 2127 1689 2190 liceret
1716 2127 2043 2193 absentem
2074 2129 2407 2193 consulem
2434 2123 2769 2211 designari,

467 2233 582 2298 sed
623 2233 962 2318 Appianus
1001 2254 1202 2298 unum
1248 2235 1632 2311 nominavit,
1676 2236 1949 2300 alterum
1990 2236 2263 2322 intelligi
2307 2238 2538 2301 voluit.

629 2340 897 2408 Certum
938 2343 1143 2427 igitur
1179 2365 1322 2408 esse
1367 2342 1580 2420 debet,
1620 2365 1780 2435 611111
1814 2341 2079 2409 Caesari
2115 2344 2397 2419 daretur,
2438 2355 2518 2408 ut
2558 2344 2768 2410 absens

462 2462 709 2536 peteret
747 2452 1186 2526 consulatum,
1239 2473 1370 2514 una
1413 2451 1634 2516 datum
1678 2475 1855 2528 esse,
1910 2465 1985 2515 ut
2031 2446 2426 2539 provinciam
2468 2453 2633 2517 dum
2674 2452 2770 2514 de·
2860 2473 2862 2495 ³

459 2560 844 2644 signaretur,
891 2558 1210 2624 retineret.
1296 2557 1430 2623 Sed
1474 2560 1798 2643 quomodo
1839 2560 1968 2624 iam
2012 2560 2340 2624 diversum
2384 2583 2533 2625 esse
2578 2569 2773 2646 potest

458 2668 656 2729 abesse
697 2678 762 2730 et
807 2671 1074 2730 retinere
1109 2673 1444 2730 exercitum
1465 2674 1498 2732 ,Ρ
1553 2667 1783 2732 Nonne
1806 2669 1918 2752 qui
1944 2668 2342 2754 provinciam
2367 2668 2587 2746 habet,
2620 2667 2773 2732 idem

457 2773 650 2839 habet
711 2775 1103 2840 exercitum?
1194 2770 1386 2841 Certe
1405 2821 1422 2852 ,
1486 2775 1603 2840 sed
1664 2797 1789 2839 non
1848 2786 2097 2840 tantum
2146 2788 2460 2860 quantum
2526 2773 2771 2840 Caesar.

457 2883 816 2968 Acceperat
858 2883 966 2948 ille
1015 2886 1160 2972 lege
1204 2885 1486 2960 Vatinia,
1532 2897 1605 2947 ut
1649 2907 1954 2970 magnum
2002 2885 2357 2950 exercitum
2414 2905 2773 2970 comparare
2858 2885 2862 2946 ¹}

454 2991 693 3068 liceret,
737 3015 858 3056 1166
879 2993 985 3056 lex
1006 2993 1315 3078 Pompeia
1340 2992 1615 3070 Licinia,
1664 3015 1811 3056 cum
1854 2993 2047 3056 modo
2094 2993 2469 3058 consulibus
2514 3015 2771 3078 magnae

2860 2947 2863 3060 Ι

457 3101 822 3185 provinciae
865 3100 1239 3185 infinitaque
1278 3101 1426 3164 belli
1468 3101 1736 3185 gerendi
1778 3111 2063 3186 potestas
2106 3101 2341 3166 tradita
2382 3111 2621 3178 essent,
2665 3100 2771 3164 mi·
2860 3113 2862 3150 ἐ

453 3230 578 3272 nus
639 3209 698 3272 ei
753 3209 1108 3272 concedere
1167 3208 1395 3293 potuit.
1484 3209 1616 3272 Sed
1674 3231 1822 3272 cum
1874 3209 2032 3273 haec
2084 3230 2341 3293 quoque
2392 3210 2499 3273 lex
2546 3210 2770 3273 exisset
2860 3219 2862 3256 ἔ

459 3327 651 3401 atque
705 3317 974 3380 alterum
1020 3316 1530 3401 quinquennium
1588 3317 1975 3402 completum
2020 3328 2223 3393 esset,
2264 3327 2517 3402 poterat
2560 3317 2640 3382 ab
2680 3337 2768 3380 se·
2860 3341 2862 3365 τ

460 3436 614 3488 natu
673 3425 812 3488 sine
849 3423 1050 3488 dubio
1093 3424 1286 3488 adimi
1329 3425 1681 3501 exercitus,
1726 3425 1913 3490 cuius
1955 3435 2253 3511 sumptus
2298 3424 2559 3511 publice
2600 3447 2768 3511 prae·
2860 3435 2862 3474 ἐ

453 3532 735 3608 beretur,
781 3532 896 3596 sed
933 3533 1263 3618 provincia
1311 3532 1621 3617 relinqui:
1664 3556 1791 3617 quo
1834 3535 2003 3597 facto
2042 3532 2251 3596 extitit
2278 3533 2463 3610 illud,
2508 3545 2584 3598 ut
2616 3531 2766 3598 Cae·
2860 3546 2863 3583 i

457 3663 562 3705 sar
601 3640 860 3726 publice
905 3641 970 3704 in
1012 3640 1296 3726 regenda
1334 3640 1668 3725 provincia
1706 3642 1982 3716 abesset,
2026 3642 2379 3706 exercitum
2416 3653 2631 3708 autem
2652 3663 2767 3704 non
2860 3657 2862 3690 ὲ

459 3750 736 3835 amplius
775 3748 1097 3813 retineret.
1185 3748 1597 3832 Quamquam
1640 3771 1787 3813 cum
1822 3749 1929 3814 ille
1972 3749 2305 3833 paululum
2346 3750 2653 3835 temporis
2694 3747 2763 3811 ad
2860 3763 2862 3798 ὲ

453 3857 850 3944 provinciam
899 3856 1020 3922 sibi
1065 3857 1255 3922 adiici
1305 3865 1587 3942 cuperet,
1630 3857 1739 3921 vix
1784 3879 2014 3941 operae
2053 3857 2329 3943 pretium
2371 3867 2535 3933 erat,
2594 3877 2765 3940 sepa—

453 3976 590 4030 rato
631 3966 710 4030 ab
751 3966 1086 4051 provincia
1135 3966 1422 4030 exercitu
1464 3965 1639 4028 hunc
1678 3964 1913 4028 dimitti
1960 3964 2208 4042 iubere,
2250 3963 2427 4028 illam
2468 3962 2763 4048 relinqui3
2860 3951 2863 4040 ξ

454 4075 726 4139 fortasse
771 4075 958 4139 etiam
1005 4086 1225 4138 contra
1263 4095 1509 4137 morem
1554 4083 1835 4137 veterem
1876 4084 2030 4150 erat,
2072 4084 2146 4137 ut
2182 4081 2394 4136 rector
2414 4071 2765 4159 provinciae

455 4183 750 4270 adempto
795 4184 1082 4248 exercitu
1126 4194 1336 4246 tamen
1378 4192 1755 4246 remaneret.
1809 4183 2037 4266 Itaque
2085 4178 2317 4247 Cicero
2359 4192 2427 4246 et
2468 4181 2764 4266 exiguum

453 4292 787 4376 potestatis
831 4291 1178 4356 discrimen
1225 4300 1288 4354 et
1325 4289 1860 4355 consuetudinem
1897 4302 2191 4376 spectans
2227 4289 2583 4354 rectissime
2614 4286 2761 4353 scri-
2860 4317 2862 4370 !

453 4399 612 4484 psit,
663 4422 812 4463 cum
876 4421 1078 4462 unum
1131 4398 1355 4462 datum
1411 4409 1602 4475 esset,
1660 4397 1932 4462 alterum
1986 4422 2117 4463 una
2157 4399 2377 4464 datum
2420 4419 2599 4474 esse3
2653 4417 2759 4460 nec
2860 4475 2862 4484 a
