2917 5017
871 348 954 398 De
991 350 1254 399 dictatoris
1298 346 1537 399 Caesaris
1575 350 1874 401 honoribus.
2402 346 2521 411 251

203 504 392 569 aliud
453 508 756 593 Augusto
811 520 1002 595 atque
1056 508 1210 573 huic
1262 509 1388 594 ipsi
1443 509 1621 577 aliud
1675 532 1841 576 anno
1900 510 1999 587 36,
2057 511 2233 575 aliud
2299 521 2525 600 postea

201 612 435 678 datum
486 638 627 679 esse
680 617 1134 683 existimemus.

333 721 657 789 Nimirum
684 726 914 791 multas
941 726 1134 791 habet
1157 738 1364 811 partes
1387 724 1729 791 tribunicia
1747 727 2201 812 imperatorum
2221 737 2526 812 potestas,

199 854 368 913 quas
389 844 658 897 cunctas
681 834 872 898 simul
896 834 1078 898 datas
1103 856 1244 899 esse
1264 856 1392 897 non
1413 846 1511 897 est
1538 856 1835 911 necesse3
1864 848 2137 921 possunt
2158 835 2525 920 singillatim

197 940 403 1003 tribui
449 963 725 1025 eumque
764 942 950 1025 quasi
983 942 1258 1027 gradum
1291 964 1433 1007 esse
1467 943 1876 1008 observatum
1913 944 2048 1008 veri
2084 956 2182 1007 est
2205 943 2430 1018 simile,
2454 953 2529 1007 ut

195 1047 382 1130 quod
437 1048 650 1113 minus
683 1060 876 1126 esset,
911 1050 1116 1134 prius,
1154 1050 1329 1134 quod
1372 1050 1596 1126 maiuS,
1646 1062 1867 1136 postea
1907 1051 2375 1115 decerneretur.
2433 1050 2524 1115 Hi

193 1155 408 1238 igitur
427 1156 672 1240 gradus
692 1156 1070 1221 tribuniciae
1095 1157 1426 1243 potestatis
1453 1159 1824 1243 explorandi
1850 1170 1999 1224 sunt
2019 1181 2525 1244 progressusque

197 1264 414 1347 qualis
439 1264 747 1348 paulatim
765 1266 975 1329 factus
999 1264 1100 1341 sit,
1122 1266 1572 1332 inveniendus.
1620 1268 1905 1331 Primum
1931 1266 2132 1350 igitur
2154 1267 2285 1331 Dio
2299 1266 2524 1342 XLII,

195 1372 306 1447 20,
331 1395 524 1457 quem
553 1373 769 1437 locum
797 1396 990 1458 supra
1016 1373 1374 1451 citavimus,
1399 1371 1745 1440 Caesarem
1766 1375 2090 1461 accepisse
2120 1375 2209 1439 ait
2231 1378 2335 1457 τὴν
2360 1376 2523 1443 ἐξου-

200 1484 338 1543 σίαν
404 1487 522 1545 τῶν
575 1484 908 1568 δημάρχων
956 1482 1054 1544 διὰ
1102 1484 1258 1569 βίου,
1311 1488 1396 1551 ὡς
1445 1486 1656 1560 εἰπεῖν,
1702 1484 1938 1567 quibus
1983 1505 2111 1547 non
2152 1504 2313 1559 eam,
2360 1504 2525 1566 quae

197 1601 428 1675 postea
475 1600 665 1667 esset,
721 1592 1112 1667 universam,
1171 1590 1286 1655 sed
1331 1602 1579 1677 partem
1624 1592 1969 1676 quandam,
2014 1590 2339 1675 accepisse
2384 1590 2522 1675 ipse

195 1700 556 1785 significat,
615 1710 686 1764 ut
742 1700 1216 1784 quodammodo
1264 1701 1439 1765 idem
1498 1700 1669 1784 quod
1722 1700 1817 1764 illi
1876 1698 2109 1765 habere
2170 1699 2520 1763 videretur.

197 1808 389 1891 Quid
429 1820 646 1873 autem
691 1819 826 1873 erat
869 1809 1034 1873 hoc?
1109 1809 1294 1873 Duas
1337 1831 1444 1873 res
1487 1809 1619 1873 Dio
1650 1810 1954 1885 nominat,
1990 1808 2269 1892 primum
2311 1832 2521 1888 συγκα-

197 1918 504 1990 θέζεσθαι
565 1919 662 1981 ἐπὶ
719 1923 834 1981 τῶν
889 1920 1088 1981 αὐτῶν
1147 1919 1416 2003 βάθρων.
1504 1918 1649 1981 Hoc
1700 1918 1857 2001 quid
1916 1917 2018 1993 sit,
2077 1939 2206 1980 non
2260 1914 2523 1979 difficile

203 2038 307 2091 est
349 2027 698 2091 intellectu.
786 2026 1114 2091 Dicuntur
1176 2026 1343 2090 enim
1397 2026 1707 2091 subsellia
1746 2026 1983 2110 quibus
2026 2025 2269 2091 tribuni
2315 2022 2525 2109 plebis

209 2135 310 2199 uti
357 2134 666 2212 solebant,
721 2135 786 2199 in
831 2156 962 2219 quo
1013 2136 1266 2220 insigne
1325 2158 1545 2199 eorum
1594 2136 1924 2219 potestatis
1970 2147 2124 2201 erat.
2212 2133 2313 2199 Sit
2356 2134 2526 2198 enim

217 2267 466 2320 verum,
525 2243 702 2327 quod
761 2243 1386 2308 Pseudo-Asconius
1439 2246 1523 2308 ad
1570 2242 1707 2309 Cic.
1755 2243 1889 2308 div.
1940 2266 2003 2328 p.
2053 2247 2169 2311 118
2214 2245 2322 2319 ait,
2368 2244 2525 2309 sub-

205 2354 392 2418 sellia
439 2354 726 2419 omnium
778 2362 1168 2437 potestatum
1231 2352 1553 2417 minorum
1612 2353 1815 2417 fuisse
1878 2352 2257 2427 communia,
2313 2362 2525 2416 tamen

197 2486 282 2527 ex
339 2462 442 2527 his
502 2460 826 2527 subseHiis
884 2473 1055 2525 certa
1113 2482 1208 2537 ea,
1267 2460 1505 2545 quibus
1557 2461 1799 2526 tribuni
1855 2459 2221 2536 utebantur,
2280 2459 2525 2544 aliquid

198 2570 450 2657 proprii
512 2568 832 2635 habebant
883 2553 1353 2653 ‘tribuniciaque
1411 2568 1919 2654 appellabantur.
1994 2570 2349 2654 Ipsumque
2404 2569 2529 2633 hoc

197 2702 440 2745 nomen
509 2679 766 2764 saepius
821 2677 1158 2763 reperitur,
1222 2678 1400 2741 velut
1468 2673 1649 2740 Suet.
1697 2674 1886 2741 Caes.
1940 2678 2055 2753 783
2128 2674 2361 2742 Claud.
2409 2677 2525 2753 233

202 2788 340 2852 Dio
385 2784 570 2853 Cass.
601 2786 986 2862 XXXVII,
1032 2786 1140 2859 503
1186 2784 1371 2861 LIII,
1419 2785 1520 2851 27.
1590 2784 1961 2850 Utebantur
1998 2798 2213 2849 autem
2254 2807 2329 2849 eo
2372 2783 2527 2848 sub·

201 2898 388 2964 sellio
447 2897 722 2981 primum
779 2896 847 2958 in
888 2893 1082 2957 curia
1141 2894 1316 2975 (nam
1376 2916 1522 2957 cum
1576 2893 1721 2956 Val.
1764 2892 1943 2956 Max.
1990 2892 2079 2967 ΙΙ,
2124 2892 2184 2968 2,
2228 2893 2265 2958 7
2316 2903 2529 2957 narret

197 3029 314 3071 eos
368 3004 550 3069 initio
606 3014 752 3068 ante
803 3004 976 3067 fores
1039 3000 1252 3066 curiae
1305 3002 1533 3085 positis
1594 3000 1919 3066 subselliis
1975 3000 2233 3066 decreta
2277 3011 2528 3086 patrum

202 3114 632 3189 examinasse,
695 3122 1038 3197 postquam
1095 3111 1162 3175 in
1209 3112 1452 3174 curiam
1496 3110 1764 3175 admissi
1808 3120 1977 3185 sunt,
2032 3132 2160 3174 non
2204 3110 2416 3173 minus
2456 3108 2527 3171 id

200 3247 416 3311 genus
463 3222 766 3288 sedilium
808 3221 1114 3286 habuisse
1143 3219 1477 3306 probabile
1520 3227 1672 3301 est),
1715 3218 1949 3282 deinde
1979 3218 2047 3282 in
2077 3217 2320 3282 theatro
2352 3219 2528 3303 (nam

205 3341 522 3419 regnante
561 3331 870 3416 Augusto
919 3330 1049 3395 Dio
1095 3328 1278 3402 LIII,
1328 3329 1404 3393 27
1454 3323 1533 3391 C.
1578 3326 1977 3391 Thoranium
2019 3326 2349 3391 tribunum
2390 3325 2529 3411 ple-

204 3441 315 3507 bei
385 3440 453 3503 in
526 3439 843 3503 theatrum
914 3438 994 3503 ad
1059 3437 1366 3502 subsellia
1435 3434 1777 3500 tribunicia
1842 3446 2091 3520 patrem
2156 3457 2347 3499 suum
2412 3434 2528 3501 de·-

205 3548 480 3613 duxisse
525 3552 790 3629 narrat),
845 3556 984 3609 tum
1031 3544 1098 3608 in
1146 3543 1289 3631 aliis
1345 3544 1527 3620 locis,
1577 3544 1645 3608 in
1692 3543 1931 3627 quibus
1979 3542 2083 3606 vel
2140 3543 2379 3627 singuli
2424 3543 2529 3609 vel

205 3680 360 3722 cum
406 3654 670 3740 collegis
705 3653 950 3739 negotii
984 3651 1252 3737 gerendi
1285 3674 1481 3716 causa
1518 3651 1978 3726 consedissent,
2022 3651 2199 3715 velut
2232 3650 2301 3714 in
2332 3652 2527 3715 comi-

203 3766 312 3829 tiis
351 3764 533 3851 (Liv.
555 3763 680 3839 111,
725 3762 837 3845 64)
883 3771 948 3826 et
993 3762 1047 3826 si
1092 3783 1282 3844 quem
1323 3760 1517 3824 alium
1558 3760 1772 3824 locum
1812 3758 2143 3824 sanctitate
2192 3757 2532 3823 tribunicia

205 3893 526 3958 occupare
558 3870 794 3935 vellent
829 3870 994 3957 (Dio
1037 3868 1425 3945 XXXVII,
1472 3867 1603 3951 50).
1666 3867 1804 3932 Iam
1842 3891 1921 3932 ex
1968 3867 2067 3931 his
2113 3866 2330 3943 rebus,
2365 3888 2530 3950 quae

203 3983 450 4047 honore
497 3977 787 4045 subsellii
830 3976 1158 4042 tribunicii
1209 3975 1719 4051 continebantur,
1767 3987 2012 4041 ceteras
2057 3974 2317 4059 quidem
2362 3972 2529 4040 Cae-

209 4114 314 4156 sar
353 4092 628 4154 fortasse
669 4086 882 4151 minus
923 4084 1302 4171 usurpabat,
1345 4097 1681 4170 propterea
1720 4083 1897 4167 quod
1957 4105 2209 4169 semper
2253 4084 2530 4148 dictatu-

211 4222 346 4263 ram
409 4208 470 4263 et
528 4195 929 4261 consulatum
987 4192 1252 4279 gerebat
1271 4242 1285 4265 ,
1340 4216 1725 4277 quamquam
1779 4192 2061 4275 reliquos
2113 4192 2528 4277 imperatores

217 4328 405 4391 saepe
465 4324 818 4389 usurpasse
871 4284 1040 4365 infra
1097 4301 1555 4386 intelligemus,
1620 4299 1736 4365 sed
1793 4298 1966 4383 quod
2012 4299 2093 4364 ad
2142 4301 2385 4365 theatra
2426 4300 2529 4363 lu-

215 4413 465 4497 dosque
511 4409 887 4498 pertinebat,
930 4432 1058 4475 non
1101 4409 1503 4498 contempsit,
1540 4419 1614 4475 ut
1652 4408 1720 4475 in
1748 4406 1943 4475 totius
1970 4405 2189 4499 populi
2220 4424 2537 4479 consessu·
