2917 5017
719 340 804 389 De
841 341 1104 390 dictatoris
1147 338 1384 390 Caesaris
1428 340 1729 390 honoribus.
2254 339 2377 407 257

139 511 308 575 bunos
345 517 712 593 provocatur
751 504 922 590 iique
963 526 1044 567 ex
1089 500 1344 587 collegii
1392 505 1707 570 sententia
1756 507 2197 592 pronuntiant:
2257 530 2385 592 qua

135 618 196 681 de
230 638 288 679 re
322 616 402 679 ita
443 624 704 689 constat,
745 624 818 677 ut
866 633 1052 676 nemo
1099 610 1372 677 dubitet.
1457 610 1679 695 Quare
1722 614 2069 701 Augustus
2114 615 2384 681 simulac

134 735 362 788 veterem
397 721 796 787 tribuniciam
835 730 1208 807 potestatem
1257 720 1519 805 accepit,
1566 731 1813 807 poterat
1844 733 1908 787 et
1936 722 2113 787 solus
2142 746 2382 789 moram

131 834 314 907 facere,
365 830 416 894 si
467 830 566 895 cui
615 852 804 916 opem
844 830 1011 894 ferre
1061 827 1165 892 vel
1211 826 1608 893 intercedere
1662 829 1874 907 vellet,
1926 842 2174 917 poterat
2228 832 2381 897 item

133 962 244 1003 cum
283 937 532 1023 collegis
573 938 654 1003 de
681 936 1214 1023 appellationibus
1253 946 1677 1021 cognoscere3
1722 961 1843 1003 nec
1884 938 2235 1004 obscurum
2264 952 2381 1017 est,

131 1059 322 1131 quanta
363 1046 495 1110 eius
539 1046 604 1110 in
647 1038 1058 1132 impediendo
1094 1057 1156 1109 et
1200 1044 1549 1109 iudicando
1590 1046 1937 1112 auctoritas
1968 1070 2111 1113 esse
2134 1048 2381 1114 debue-

127 1155 202 1217 rit.
273 1154 396 1218 Iam
449 1164 662 1220 autem
715 1156 838 1221 hoc
895 1153 1228 1239 agebatur,
1289 1163 1364 1216 ut
1407 1176 1605 1239 supra
1653 1156 2046 1241 collegarum
2100 1156 2381 1241 aequali-

131 1273 282 1327 tatem
323 1272 572 1327 evectus
627 1264 775 1349 plus
821 1286 990 1327 unus
1043 1261 1302 1335 valeret,
1346 1284 1537 1345 quam
1582 1264 1847 1349 reliqui:
1906 1264 2129 1329 datum
2178 1264 2383 1349 igitur

130 1372 192 1436 sit
225 1392 457 1435 necesse
503 1381 622 1447 est,
663 1372 940 1457 primum
979 1382 1073 1446 ut,
1107 1370 1162 1434 si
1197 1370 1303 1434 cui
1335 1371 1575 1435 auxilio
1606 1384 1775 1437 esset
1800 1373 1905 1437 vel
1930 1373 1983 1437 si
2011 1373 2117 1437 cui
2146 1371 2381 1437 actioni

126 1479 504 1556 intercederet,
565 1502 643 1544 ea
684 1480 905 1565 utique
966 1479 1207 1543 valeret
1246 1478 1621 1544 intercessio
1670 1504 1833 1545 neve
1890 1479 1996 1545 cui
2054 1480 2277 1544 liceret
2322 1479 2381 1544 ei

126 1589 207 1673 qui
245 1598 442 1653 contra
480 1588 724 1674 egisset
753 1588 1002 1656 ,auxilio
1045 1610 1208 1663 esse,
1249 1596 1386 1652 tum
1409 1601 1483 1652 ut
1520 1588 1601 1652 de
1636 1587 2171 1673 appellationibus
2204 1587 2380 1672 quod

129 1719 252 1761 unus
295 1706 642 1781 cognosset,
688 1696 755 1760 id
800 1696 948 1782 plus
995 1696 1232 1760 valeret
1275 1717 1470 1779 quam
1512 1696 1688 1780 quod
1740 1697 2143 1761 tribunorum
2186 1696 2379 1760 colle-

129 1805 263 1889 gium
301 1804 786 1891 pronuntiasset.
855 1804 1026 1869 Vere
1069 1804 1272 1888 igitur
1313 1803 1366 1866 si
1410 1802 1625 1868 dicere
1659 1805 1971 1880 volemus,
2018 1827 2147 1868 non
2182 1804 2377 1868 unius

126 1912 313 1976 tribuni
356 1912 557 1998 plebis
600 1924 998 1999 potestatem,
1047 1911 1164 1976 sed
1210 1911 1405 1975 totius
1453 1911 1707 1997 collegii
1762 1912 2064 1998 Augusto
2104 1911 2379 1976 delatam

125 2045 232 2086 esse
275 2021 699 2107 intelligimus,
743 2020 858 2084 sed
899 2020 988 2084 ita
1031 2030 1104 2084 ut
1139 2018 1352 2105 ipsum
1395 2019 1742 2105 collegium
1786 2020 2054 2105 eiusque
2098 2030 2378 2106 potestas

125 2152 224 2193 non
248 2130 570 2194 tolleretur.
631 2129 890 2193 Etenim
930 2129 1120 2193 etiam
1164 2140 1386 2213 postea
1431 2128 1725 2193 tribunos
1771 2140 1834 2195 et
1870 2130 2183 2194 auxilium
2209 2129 2378 2193 ferre

123 2248 171 2301 et
208 2238 570 2303 intercedere
626 2248 688 2301 et
734 2237 1030 2321 denique,
1086 2236 1262 2320 quod
1311 2258 1459 2299 cum
1514 2259 1589 2301 eo
1640 2239 2049 2303 coniunctum
2115 2246 2233 2314 est,
2296 2236 2379 2300 de

121 2346 594 2431 appellationibus
659 2345 947 2410 iudicare
1003 2344 1336 2420 audimus,
1397 2344 1513 2409 sed
1572 2344 1935 2409 necessario
2002 2345 2256 2422 accidit,
2322 2344 2380 2409 si

121 2454 239 2536 quid
284 2457 616 2542 imperator
673 2455 775 2520 vel
815 2453 1294 2541 pronuntiasset
1337 2453 1441 2518 vel
1502 2454 1554 2518 si
1600 2454 1704 2519 cui
1748 2454 1842 2519 rei
1882 2452 2376 2531 intercessisset,

117 2561 167 2625 id
198 2564 388 2647 utique
429 2576 501 2629 ut
539 2576 754 2629 ratum
797 2574 990 2639 esset,
1037 2562 1093 2627 si
1139 2562 1298 2647 quid
1345 2562 1536 2627 simili
1575 2563 1643 2626 in
1694 2584 1889 2627 causa
1923 2561 2165 2626 tribuni
2204 2562 2379 2647 egis-

121 2681 242 2747 sent,
280 2673 640 2757 provocatio
689 2672 770 2737 ad
815 2672 1266 2757 imperatorem
1306 2668 1506 2734 fieret.
1593 2669 1771 2734 Hinc
1813 2680 2033 2733 natum
2076 2679 2173 2734 est
2213 2669 2378 2733 illud

118 2779 456 2865 imperatoris
489 2783 620 2856 ius,
653 2781 830 2867 quod
856 2778 1202 2843 maximum
1229 2776 1372 2855 fuit,
1401 2788 1473 2841 ut
1502 2800 1866 2862 supremam
1889 2799 2060 2841 unus
2091 2777 2378 2841 omnium

122 2899 166 2949 et
224 2890 418 2977 legum
492 2902 558 2955 et
643 2890 1033 2954 iudiciorum
1104 2896 1479 2972 potestatem
1557 2884 1823 2949 haberet
1903 2884 2377 2949 condemnatis-

119 3017 211 3077 que
267 3000 339 3065 ab
391 3000 536 3065 aliis
601 2998 932 3063 iudicibus
997 3018 1266 3081 poenam
1333 2993 1653 3058 remittere
1716 3004 1966 3079 posset3
2027 3016 2175 3058 nam
2228 2993 2381 3077 quia

117 3114 278 3171 totum
324 3108 422 3173 ius
467 3131 551 3173 ex
597 3105 1040 3194 appellationis
1083 3103 1328 3167 ratione
1369 3110 1577 3165 ortum
1624 3110 1741 3177 est,
1782 3112 1857 3165 ut
1890 3123 2095 3187 poena
2134 3102 2213 3167 ab
2257 3102 2379 3165 im-

119 3226 383 3299 peratore
421 3217 855 3290 minueretur,
923 3235 1052 3277 non
1121 3210 1588 3285 intenderetur,
1663 3208 2021 3274 obtinuisse
2086 3210 2379 3275 arbitror.

121 3317 278 3399 Quod
316 3322 415 3389 ius
469 3324 551 3389 ab
595 3324 902 3409 Augusto
954 3332 1226 3385 tunc.ea
1267 3342 1458 3404 quam
1505 3317 1785 3382 diximus
1842 3318 1985 3402 lege
2011 3329 2255 3390 ,ortum
2296 3318 2381 3384 ad

117 3447 292 3494 omnes
343 3432 650 3518 deinceps
702 3406 1118 3518 imperatores
1173 3439 1235 3492 et
1287 3430 1371 3493 ad
1414 3438 1779 3492 nostrarum
1824 3425 2157 3491 civitatum
2201 3426 2379 3512 prin-

115 3537 248 3623 cipes
289 3542 555 3607 transiit.
619 3540 822 3621 „Hanc
864 3548 1075 3604 autem
1119 3536 1258 3600 eius
1309 3536 1470 3602 iuris
1510 3534 1837 3600 tribunicii
1888 3534 2064 3618 quod
2106 3535 2381 3621 impera-

117 3653 245 3711 tores
295 3648 632 3725 habebant,
689 3648 1002 3713 rationem
1059 3666 1201 3709 esse
1242 3645 1384 3731 ipsa
1427 3642 1707 3729 diligens
1751 3642 2097 3707 verborum
2143 3642 2380 3707 Dionis

114 3751 501 3843 interpretatio
553 3758 779 3835 docet3
817 3779 992 3822 nam
1036 3754 1212 3841 quod
1267 3754 1491 3819 datum
1536 3774 1679 3817 esse
1726 3752 1815 3815 ait
1869 3754 1995 3820 τοῖς
2042 3749 2380 3835 ἐπιβοωμέ·

115 3882 206 3932 νοις
241 3866 502 3949 ἀμύνειν,
553 3889 792 3931 moram
832 3868 1042 3932 facere
1085 3872 1379 3951 poterant
1421 3860 1664 3945 singuli
1705 3859 1946 3925 tribuni
1984 3857 2213 3946 plebis,
2257 3856 2381 3921 eri-

112 3992 226 4053 pere
269 3998 344 4039 ex
387 3996 592 4061 poena
633 3997 760 4039 non
808 3983 1117 4059 poterant,
1177 3971 1331 4035 item
1376 3969 1551 4055 quod
1606 3979 1705 4033 est
1764 3965 2050 4051 ἔκκλητον
2096 3966 2381 4042 δικάζειν,

113 4080 340 4167 collegio
395 4094 644 4149 tantum
690 4104 1069 4149 concessum
1127 4090 1280 4145 erat.
1365 4078 1501 4143 Sed
1556 4076 1762 4163 magis
1824 4074 2167 4161 perspicua
2210 4082 2381 4151 sunt,

113 4207 241 4269 quae
275 4191 400 4257 Dio
442 4192 627 4269 LIII,
679 4192 748 4259 17
799 4191 880 4257 de
923 4198 1236 4277 potestate
1288 4185 1633 4252 tribunicia
1675 4183 1899 4249 habet:
1958 4182 2172 4245 δίδωσι
2218 4180 2384 4265 σφίσι

113 4297 165 4378 (i.
205 4324 252 4363 e.
300 4300 821 4388 imperatoribus)
880 4299 953 4363 τὰ
1007 4296 1432 4381 ἐπιγιγνόμενα
1497 4294 1601 4381 ὑφ’
1664 4292 1875 4378 ἑτέρου
1930 4292 2109 4366 τινὸς,
2166 4288 2237 4353 ἂν
2298 4288 2381 4373 μὴ

115 4416 500 4489 συνεπαινῶσι,
551 4409 763 4475 παύειν
783 4432 802 4487 ;
843 4406 1064 4474 tollere
1121 4405 1324 4493 igitur
1364 4412 1575 4490 potest
1615 4401 1961 4489 imperator
2008 4395 2147 4483 ipse
2200 4394 2384 4482 quic·

1904 4505 1978 4575 17
