2917 5017
459 325 541 391 50
1117 325 1198 374 De
1239 322 1408 374 Gallia
1446 323 1801 372 Romanorum
1834 322 2111 386 provincia.

459 500 824 576 acceperat,
869 489 1149 556 Galliam
1199 488 1364 552 rexit
1405 505 1617 570 neque
1658 495 1881 549 exacto
1926 484 2341 570 magistratus
2380 505 2547 548 anno
2588 481 2780 552 aliam

458 599 855 684 provinciam
891 598 1067 662 adiit.
1150 597 1338 662 Alter
1374 595 1569 671 enim,
1608 593 1761 678 quia
1802 593 2171 658 consulares
2216 593 2581 677 provinciae
2631 601 2781 654 ante

454 706 717 771 comitia
759 705 1277 781 destinabantur,
1336 705 1465 769 iam
1514 703 1581 768 in
1621 702 1765 788 ipso
1808 700 2223 786 magistratus
2264 700 2366 765 sui
2404 723 2573 764 anno
2616 723 2781 774 eam,

457 837 652 900 quam
708 814 944 879 deinde
1002 824 1298 878 recturus
1357 824 1523 888 erat,
1581 809 1981 897 provinciam
2034 807 2380 873 obtinebat.
2483 807 2560 870 ld
2616 807 2783 870 adeo

459 923 588 988 iam
640 923 734 988 sio
780 924 1313 998 demonstremus,
1357 931 1431 984 ut
1472 940 1639 1004 quae
1676 917 2017 1003 quotannis
2054 939 2203 980 cum
2238 917 2593 1002 praetoriae
2639 927 2781 979 tum

459 1030 832 1095 consulares
897 1030 1266 1116 provinciae
1327 1028 1600 1103 fuerint,
1666 1025 2105 1092 examinemus
2165 1025 2486 1109 simulque
2554 1025 2611 1088 si
2669 1024 2784 1106 qui

461 1137 900 1204 Narbonensis
955 1136 1204 1202 Galliae
1248 1136 1579 1222 praesides
1625 1143 2117 1220 cognoscantur,
2156 1133 2523 1196 afferamus.

627 1243 1054 1310 Substitimus
1097 1256 1312 1309 autem
1353 1267 1551 1330 supra
1593 1244 1659 1306 in
1702 1264 1869 1306 anno
1914 1241 1997 1306 78
2037 1263 2094 1304 a.
2145 1237 2322 1317 Chr„
2364 1263 2493 1326 quo
2522 1239 2617 1304 M.
2648 1239 2785 1302 Le·-

458 1354 654 1439 pidus
680 1353 1168 1419 Narbonensem
1197 1353 1479 1418 Galliam
1524 1352 1750 1427 tenuit,
1790 1352 1903 1435 qui
1952 1372 2097 1414 cum
2127 1349 2366 1414 bellum
2413 1349 2785 1422 excitasset,

459 1473 525 1528 et
578 1461 663 1544 Q.
711 1461 944 1527 Catulo
965 1509 982 1538 ,
1051 1453 1184 1526 cui'
1217 1462 1405 1526 Italia
1460 1470 1794 1536 evenerat,
1854 1458 2193 1543 imperium
2246 1467 2669 1544 prorogatum
2722 1469 2790 1520 et

459 1568 582 1635 Cn.
615 1571 924 1656 Pompeio
969 1580 1149 1634 extra
1191 1570 1485 1634 ordinem
1528 1567 1847 1632 exercitus
1899 1566 2088 1631 datus
2134 1578 2250 1641 est,
2297 1590 2491 1652 quem
2532 1567 2638 1631 ille
2682 1567 2789 1629 in-

457 1678 590 1742 vito
633 1690 878 1755 senatu,
923 1678 1080 1742 dum
1118 1700 1285 1741 anno
1319 1677 1402 1743 76
1433 1677 1499 1740 in
1540 1675 1925 1760 Hispaniam
1968 1675 2338 1740 ulteriorem
2383 1686 2606 1741 contra
2628 1673 2789 1739 Ser-

457 1787 692 1852 torium
757 1787 998 1852 missus
1057 1798 1186 1862 est,
1255 1785 1519 1849 retinuit
1576 1783 1797 1869 (Plut.
1838 1782 2064 1868 Pomp.
2111 1785 2249 1864 17).
2354 1783 2573 1865 Quare
2628 1806 2787 1847 cum

457 1918 623 1960 anno
664 1896 766 1970 77,
813 1917 942 1981 quo
984 1895 1069 1958 D.
1095 1895 1326 1958 Iunius
1371 1894 1616 1956 Brutus
1662 1901 1727 1957 et
1764 1891 1961 1956 Mam.
1992 1892 2315 1957 Aemilius
2359 1893 2657 1978 Lepidus
2704 1915 2789 1956 ex

459 2003 828 2087 interregno
870 1999 1057 2078 (Sall.
1105 2001 1253 2064 hist.
1300 2001 1332 2064 Ι
1376 2011 1533 2064 orat.
1580 1999 1779 2085 Phil.)
1834 2001 2236 2066 consulatum
2274 2000 2581 2075 inierunt,
2640 2001 2793 2064 duo

457 2110 582 2176 iam
626 2119 843 2174 essent
884 2108 951 2171 in
977 2108 1164 2172 Italia
1199 2108 1522 2172 exercitus
1568 2129 1717 2173 cum
1761 2108 2020 2172 duobus
2064 2109 2579 2192 imperatoribus,
2620 2109 2791 2192 quid
2904 2127 2906 2142 ·

457 2218 685 2282 consul
739 2218 842 2282 vel
901 2217 1202 2282 consules
1259 2216 1326 2280 in
1381 2237 1456 2280 ea
1512 2217 1763 2302 egerint
1824 2239 1953 2280 non
2009 2217 2177 2286 tradi
2228 2216 2487 2281 minime
2548 2215 2790 2280 mirum

457 2336 574 2388 est.
637 2323 1020 2390 Substitisse
1063 2335 1280 2390 autem
1320 2325 1617 2388 existimo
1658 2324 1881 2389 ambos
1926 2347 2057 2390 cos.
2104 2324 2171 2388 in
2196 2325 2402 2401 Italia,
2441 2336 2787 2410 praetextu

459 2432 791 2497 seditionis
855 2433 1152 2516 quamvis
1215 2433 1344 2497 iam
1414 2454 1839 2517 compressae.
1958 2431 2125 2496 Nam
2192 2431 2391 2498 Mam.
2461 2431 2788 2518 Lepidus,

454 2561 845 2625 quamquam
889 2551 1198 2605 consueto
1244 2563 1422 2605 more
1470 2541 1821 2605 exercitum
1868 2550 1931 2604 et
1973 2550 2379 2625 quaestorem
2425 2551 2489 2603 et
2530 2540 2787 2626 legatos

458 2656 522 2710 et
557 2646 878 2731 reliquum
921 2658 1299 2733 apparatum
1349 2649 1689 2714 militarem
1730 2647 1957 2713 habuit
2008 2644 2179 2732 (Cic.
2223 2671 2287 2733 p.
2335 2645 2591 2712 Cluent.
2646 2649 2787 2731 36),

455 2763 669 2818 tamen
705 2755 834 2819 iam
875 2756 1240 2841 provectior
1279 2767 1487 2821 aetate
1528 2768 1683 2833 erat,
1724 2779 1872 2822 cum
1912 2757 1997 2821 ad
2030 2755 2437 2820 consulatum
2478 2757 2789 2841 perveni-

455 2872 555 2926 ret
605 2864 728 2946 (cf.
779 2863 1096 2951 Borghes.
1152 2864 1220 2927 in
1263 2867 1411 2930 Act.
1461 2865 1643 2930 acad.
1694 2865 1881 2929 Rom.
1930 2864 2103 2929 arch.
2143 2863 2276 2929 VH
2336 2887 2400 2950 p.
2458 2864 2644 2950 159),
2706 2877 2785 2931 ut

457 2970 730 3036 dubium
765 2995 906 3037 esse
941 2974 1254 3050 videatur,
1297 2997 1455 3038 num
1492 2973 1858 3059 provinciae
1886 2983 2185 3036 externae
2230 2973 2555 3057 regendae
2594 2975 2779 3058 cupi-

455 3078 579 3142 dus
641 3079 867 3157 fuerit,
934 3103 1051 3145 nec
1107 3082 1194 3147 D.
1247 3082 1493 3146 Brutus
1566 3082 1699 3146 scio
1768 3103 1961 3164 quam
2024 3079 2423 3164 provinciam
2484 3082 2785 3167 accipere

455 3187 758 3273 potuerit.
865 3187 1203 3272 Siquidem
1261 3210 1430 3254 anno
1488 3191 1527 3255 7
1533 3189 1572 3254 6
1627 3189 1983 3274 Hispaniae
2052 3212 2091 3254 a
2153 3184 2274 3252 Cn.
2335 3188 2649 3274 Pompeio
2718 3201 2785 3256 et
2904 3219 2906 3286 ἰ

457 3293 541 3375 Q.
568 3294 856 3372 Metello,
900 3295 1128 3360 Africa
1163 3296 1244 3360 ab
1268 3296 1349 3362 L.
1385 3297 1683 3374 Lucu110,
1708 3295 2097 3361 Macedonia
2125 3295 2206 3361 ab
2233 3297 2450 3382 Appio
2474 3294 2787 3377 Claudio,

455 3402 618 3467 Asia
663 3400 744 3466 ab
788 3401 868 3466 L.
915 3400 1172 3479 Silano,
1215 3403 1656 3470 Narbonensis
1704 3403 1919 3470 Gallia
1958 3404 2040 3470 ab
2084 3403 2164 3469 L.
2209 3405 2490 3481 Manli0,
2549 3403 2789 3473 Cilicia
2904 3447 2906 3472 ε

455 3508 535 3574 ab
597 3510 674 3574 P.
733 3511 1008 3576 Servilio
1066 3511 1490 3597 regebantur,
1554 3511 1855 3578 Sardinia
1910 3524 1973 3578 et
2033 3513 2261 3578 Sicilia
2319 3525 2467 3599 post
2524 3512 2783 3582 Sullam

454 3641 786 3704 nunquam
809 3617 1170 3704 praesidem
1213 3621 1617 3686 consularem
1650 3620 1955 3686 videntur
1984 3620 2313 3699 habuisse,
2358 3633 2433 3686 ut
2457 3624 2636 3690 nulla
2668 3648 2783 3690 su-

454 3727 654 3811 persit
681 3727 1035 3813 provincia,
1062 3750 1258 3812 quam
1289 3729 1439 3792 anni
1463 3729 1543 3795 77
1574 3728 1948 3795 consulibus
1972 3730 2287 3816 obtigisse
2312 3732 2782 3800 existimemus.

454 3833 628 3898 Tum
669 3856 838 3898 anno
861 3835 944 3902 76
980 3830 1057 3898 C.
1100 3833 1514 3901 Scribonium
1560 3835 1909 3903 Curionem
1954 3839 2406 3906 Macedoniam
2446 3843 2781 3928 accepisse
2853 3859 2864 3868 ⁰

455 3954 704 4008 constat
764 3939 1166 4032 (Comment.
1221 3944 1555 4030 epigraph.
1594 3945 1740 4010 Vol.
1774 3947 1845 4012 11
1884 3970 1950 4034 p.
1998 3948 2156 4032 180)
2173 3995 2191 4027 ,
2260 3949 2577 4035 collegam
2632 3953 2779 4016 eius

457 4048 580 4116 Cn.
627 4051 998 4129 Octavium,
1041 4051 1364 4118 hominem
1401 4054 1622 4120 mitem
1662 4077 1739 4124 ac
1776 4056 1919 4140 paci
1960 4055 2285 4142 aptiorem,
2325 4057 2503 4143 quod
2550 4059 2777 4126 multis

455 4160 744 4246 corporis
797 4160 1134 4249 doloribus
1179 4161 1576 4227 cruciaretur
1618 4160 1786 4247 (Cic.
1809 4164 1992 4228 Brut.
2030 4186 2084 4230 c.
2112 4165 2193 4232 60
2216 4177 2281 4230 et
2299 4167 2381 4230 de
2402 4165 2511 4230 fin.
2540 4167 2631 4246 ΙΙ,
2658 4169 2775 4246 28;

455 4267 608 4333 Sall.
649 4269 798 4334 hist.
838 4269 962 4345 III,
1009 4269 1093 4334 83
1139 4269 1242 4334 ed.
1284 4269 1552 4354 Kritz.),
1594 4271 1819 4336 Italiae
1862 4270 2241 4357 Galliaeque
2284 4275 2647 4359 praefuisse
2690 4299 2775 4343 ex

429 4387 810 4442 ,ceterorum
831 4397 1148 4441 annorum
1175 4377 1591 4444 similitudine
1614 4380 2031 4465 probabiliter
2054 4382 2547 4467 suspicabimur.
2574 4385 2773 4449 Anno
