2917 5017
425 342 548 409 204
1082 350 1166 403 De
1203 347 1463 398 dictatoris
1506 346 1739 398 Caesaris
1784 346 2081 399 honoribus.

423 519 742 587 narratur,
781 534 910 576 non
953 511 1041 587 vi,
1087 511 1201 576 sed
1243 512 1390 596 lege
1427 510 1557 575 lata
1592 507 1939 575 Caesarem
1978 512 2223 576 aerario
2262 511 2540 597 potitum
2582 532 2737 586 esse,

429 619 545 683 sed
593 620 970 685 universum
1014 619 1253 685 bellum
1299 620 1364 682 in
1402 618 1785 703 Pompeium
1831 618 2099 704 eiusque
2146 620 2397 706 legatos
2440 619 2568 684 iam
2604 618 2739 703 lege

423 750 498 793 ac
540 728 682 792 iure
725 730 1045 793 munitum
1091 728 1393 813 gessisse.
1457 726 1777 792 Notabilis
1821 740 2032 793 autem
2070 740 2169 794 est
2207 730 2350 815 ipsa
2379 730 2571 793 etiam
2600 750 2740 813 pro-

425 837 783 902 consularis
821 847 1124 922 potestas,
1165 860 1330 921 quae
1371 834 1681 922 paulatim
1714 836 1801 900 ita
1834 836 2219 921 amplificata
2249 848 2365 915 est,
2412 848 2487 901 ut
2510 833 2744 901 Caesar

423 968 500 1011 ea
553 957 816 1011 ornatus
877 946 992 1009 toti
1047 944 1188 1010 orbi
1239 956 1551 1009 terrarum
1608 944 1967 1029 imperaret.
2064 945 2230 1010 Nam
2280 946 2348 1009 in
2388 956 2609 1011 vetere
2650 967 2744 1009 re-

421 1054 684 1140 publica
739 1076 814 1119 ea
867 1055 1062 1120 unius
1107 1054 1242 1117 fere
1286 1052 1657 1137 provinciae
1700 1053 2023 1137 uniusque
2073 1054 2222 1118 anni
2260 1053 2503 1119 finibus
2550 1054 2745 1118 conti-

423 1162 717 1239 nebatur,
778 1161 962 1228 Sulla
1005 1174 1258 1248 tempus
1297 1159 1623 1246 produxit,
1686 1150 1985 1227 Caesaris
2022 1162 2443 1247 Pompeiique
2492 1160 2747 1226 ambitio

425 1278 488 1332 et
530 1279 660 1335 tres
703 1291 818 1356 pro
859 1293 988 1335 una
1023 1270 1384 1356 provincias
1428 1280 1493 1333 et
1526 1269 1749 1335 decem
1786 1292 1989 1335 annos
2028 1270 2537 1357 comprehendit,
2589 1267 2747 1335 Cae-

427 1380 588 1445 saris
645 1378 925 1465 denique
977 1389 1418 1445 consummata
1461 1379 1587 1442 iam
1631 1379 1953 1463 potentia,
2018 1378 2267 1445 etiamsi
2310 1381 2477 1444 sorte
2522 1402 2749 1466 perpe-

423 1488 716 1554 tuitatem
771 1489 1062 1553 nondum
1124 1488 1527 1573 concupivit,
1597 1490 1774 1570 (nam
1825 1488 1972 1552 anni
2031 1488 2209 1553 haud
2266 1489 2397 1553 scio
2455 1510 2539 1551 an
2602 1487 2751 1551 certi

425 1597 554 1663 sint
596 1598 993 1683 praescripti,
1033 1620 1150 1683 per
1189 1618 1353 1680 quos
1398 1592 1643 1660 Caesar
1678 1596 2019 1682 imperium
2065 1596 2331 1662 haberet
2371 1596 2439 1660 in
2486 1596 2753 1681 provin-

427 1706 576 1790 ciis)
632 1705 1106 1791 provinciarum
1153 1714 1324 1770 certe
1365 1703 1527 1768 fines
1562 1705 1823 1769 sustulit
1850 1704 1934 1768 ad
1969 1726 2237 1790 eamque
2264 1704 2753 1791 amplitudinem

422 1814 736 1901 pervenit,
781 1837 972 1898 quam
1009 1824 1235 1899 postea
1283 1816 1629 1897 Augustus
1672 1813 1937 1878 retinuit
1977 1825 2169 1897 atque
2217 1814 2299 1879 ad
2340 1834 2756 1878 successores
2794 1829 2805 1843 “

427 1945 580 1988 suos
641 1922 1042 2008 propagavit.
1152 1922 1336 1986 Haec
1395 1920 1596 2007 igitur
1648 1931 1746 1987 est
1802 1922 1985 2007 origo
2042 1922 2525 2008 proconsularis
2584 1920 2757 1985 illius

420 2032 756 2117 potestatis
776 2078 794 2107 ,
859 2052 1053 2115 quam
1113 2041 1334 2115 postea
1393 2030 1811 2116 imperatores
1871 2029 2147 2094 Romani
2208 2030 2578 2095 habuerunt
2646 2031 2757 2112 (cf.
2868 2082 2876 2134 .'

425 2137 785 2204 Comment.
827 2138 975 2203 Vol.
1005 2137 1074 2202 ΙΙ
1108 2160 1172 2223 p.
1205 2138 1336 2214 79),
1379 2160 1658 2222 quorum
1699 2139 2050 2205 dominatio
2089 2140 2249 2204 nihil
2290 2162 2558 2217 novum,
2599 2138 2759 2204 nihil
2873 2159 2874 2163 ’

421 2247 753 2312 insolitum
797 2245 1050 2311 adiecit.

592 2355 810 2441 Atque
855 2355 1022 2418 hanc
1064 2352 1151 2419 ob
1199 2376 1481 2431 causam,
1529 2355 1703 2439 quod
1748 2357 1908 2421 haec
1951 2366 2233 2443 potestas
2278 2358 2357 2433 ei,
2410 2379 2543 2443 qua
2587 2352 2758 2421 Cae·
2867 2441 2873 2450 Ι

425 2486 532 2529 sar
571 2475 758 2529 antea
799 2464 867 2527 in
913 2460 1144 2527 Galliis
1189 2463 1495 2547 regendis
1536 2487 1700 2529 usus
1758 2474 1925 2542 erat,
1988 2486 2257 2550 prorsus
2316 2465 2547 2531 similis
2611 2467 2759 2540 fuit,

424 2572 666 2635 factum
711 2594 854 2636 esse
896 2571 1190 2647 arbitror,
1235 2581 1309 2633 ut
1348 2570 1429 2635 ab
1476 2594 1557 2635 eo
1596 2582 1904 2658 tempore,
1948 2595 2077 2657 quo
2120 2598 2259 2639 eam
2291 2574 2558 2660 accepit,
2604 2574 2761 2638 anni
2878 2556 2880 2592 ³

423 2678 825 2765 principatus
868 2679 1190 2743 numerari
1231 2702 1361 2743 non
1405 2679 1669 2744 soleant.
1764 2680 2022 2747 Etenim
2060 2693 2345 2760 veteres,
2407 2682 2521 2767 qui
2558 2704 2761 2747 accu-

425 2787 628 2852 ratius
663 2787 747 2851 de
780 2786 1193 2873 chronologia
1221 2788 1619 2874 scripserunt
1642 2793 1821 2871 (nam
1852 2812 1985 2867 eos,
2020 2792 2131 2877 qui
2166 2792 2478 2857 crassiore
2505 2791 2762 2857 ratione
2875 2807 2877 2809 ’

423 2896 529 2960 usi
571 2895 903 2961 mensibus
951 2896 1259 2980 neglectis
1303 2918 1507 2989 annos
1551 2907 1799 2961 tantum
1848 2910 2206 2976 numerant,
2256 2901 2434 2965 velut
2468 2897 2759 2985 Syncell.

423 3027 486 3090 p.
527 3004 650 3071 574
695 3003 796 3068 ed.
836 3004 1067 3081 Bonn„
1107 3004 1597 3090 praetermitto),
1639 3027 1915 3091 regnum
1942 3005 2242 3073 Caesaris
2280 3008 2485 3074 fuisse
2526 3008 2762 3073 dicunt
2878 3042 2880 3051 ·

425 3122 729 3198 quattuor
781 3135 1094 3177 annorum
1151 3123 1215 3178 et
1271 3123 1515 3199 septem
1570 3115 1889 3181 mensium
1944 3115 2110 3202 (vid.
2157 3115 2403 3182 Euseb.
2450 3114 2759 3184 Chronic.
2875 3114 2880 3123 ”

426 3231 579 3287 tom.
622 3221 659 3285 I
699 3244 766 3307 p.
807 3222 926 3287 194
969 3221 1225 3298 Venet.,
1275 3220 1579 3287 Chronic.
1622 3223 1855 3289 Pasch.
1902 3246 1963 3310 p.
2010 3224 2131 3289 354
2176 3225 2278 3289 ed.
2320 3224 2598 3310 Bonn.),
2664 3236 2759 3303 ut,

429 3350 576 3393 cum
613 3327 781 3393 Idib.
818 3329 1073 3394 Martiis
1119 3330 1269 3395 anni
1315 3331 1394 3397 44
1439 3332 1695 3397 occisus
1744 3332 1860 3409 sit,
1923 3332 2178 3396 initium
2233 3333 2421 3419 regni
2466 3334 2758 3398 incidere

427 3448 719 3523 oporteat
758 3437 826 3502 in
867 3460 1155 3503 mensem
1194 3439 1437 3505 Iulium
1482 3442 1587 3506 vel
1626 3438 2006 3527 Augustum
2050 3441 2198 3507 anni
2244 3441 2343 3506 49.
2423 3442 2563 3507 Iam
2608 3465 2759 3528 pro·
2878 3432 2880 3435 Α

429 3546 786 3612 consularis
843 3547 954 3612 illa
994 3560 1276 3633 potestas
1321 3550 1625 3634 quoniam
1671 3560 1933 3617 senatus
1976 3551 2084 3615 ille
2130 3560 2312 3616 extra
2351 3549 2617 3628 urbem,
2675 3551 2759 3616 de
2878 3568 2880 3573 ·

429 3677 558 3740 quo
597 3654 898 3733 diximus,
937 3656 1096 3742 ipsis
1121 3656 1272 3721 Kal.
1298 3656 1509 3743 April.
1542 3658 1805 3725 habitus
1840 3670 1936 3725 est
1980 3656 2152 3743 (Cic.
2190 3658 2272 3724 ad
2299 3659 2436 3723 Att.
2462 3656 2593 3735 IX,
2628 3657 2757 3742 17),

429 3763 642 3828 delata
681 3774 780 3828 est
827 3763 1092 3829 Caesari
1131 3766 1312 3831 initio
1355 3767 1596 3832 mensis
1640 3768 1912 3854 Aprilis,
1958 3791 1996 3834 a
2033 3791 2161 3853 qua
2206 3766 2260 3831 si
2298 3788 2574 3853 regnum
2616 3768 2755 3831 eius

427 3872 837 3959 inciperetur,
882 3882 1186 3959 quattuor
1211 3876 1360 3939 anni
1395 3886 1460 3939 et
1496 3876 1800 3942 undecim
1830 3887 2001 3941 certe
2030 3898 2284 3941 menses
2308 3874 2750 3940 efficerentur:

429 4002 625 4065 quare
667 3981 862 4047 alium
903 3982 1212 4047 honorem
1258 3985 1697 4067 quaerendum
1740 4008 1883 4050 esse
1923 3984 2247 4069 intelligo,
2318 4005 2447 4070 quo
2490 3994 2753 4069 accepto

431 4099 494 4154 et
539 4112 735 4176 supra
780 4089 1058 4175 reliquos
1104 4091 1378 4157 civitatis
1419 4094 1741 4180 principes
1772 4090 2016 4159 Caesar
2054 4094 2259 4159 elatus
2300 4093 2383 4157 sit
2413 4102 2477 4159 et
2512 4103 2752 4179 septem

429 4208 675 4263 tantum
722 4220 976 4263 menses
1023 4222 1218 4286 supra
1262 4210 1565 4285 quattuor
1606 4224 1807 4268 annos
1852 4202 2119 4280 vixerit,
2182 4224 2393 4288 neque
2437 4200 2605 4266 alius
2653 4223 2751 4265 re-

428 4308 678 4392 peritur
717 4306 844 4372 nisi
894 4308 1230 4384 dictatura,
1278 4330 1444 4393 quae
1472 4310 1541 4373 in
1566 4311 1751 4377 fastis
1780 4308 2161 4397 Capitolinis
2194 4312 2403 4397 primo
2436 4310 2749 4374 honorum

433 4412 733 4511 Caesaris
778 4417 922 4483 loco
962 4419 1243 4504 ponitur.
1316 4418 1481 4482 Eam
1522 4418 1844 4486 decretam
1879 4444 2023 4487 esse
2058 4443 2227 4487 anno
2252 4421 2331 4487 49
2374 4414 2452 4483 C.
2481 4418 2749 4485 Claudio
