2917 5017
795 327 878 378 De
913 328 1284 393 propagatione
1321 329 1539 378 civitatis
1571 329 1853 380 Romanae.
2361 324 2485 390 329

141 493 359 559 batur
379 492 879 577 'rectissimeque
903 487 1294 576 primoribus
1329 488 1420 554 ita
1464 487 1701 554 donata
1734 509 1879 554 esse
1906 488 2166 567 dicitur,
2203 499 2277 556 ut
2300 490 2485 576 plebs

143 626 234 668 ea
291 613 556 668 car-eret.
645 600 854 666 Vetus
901 599 1070 664 enim
1111 597 1551 663 Romanorum
1600 598 2004 664 consuetudo
2056 609 2213 675 erat,
2260 611 2335 664 ut
2376 623 2486 666 eo-

140 733 310 774 rum
373 733 540 795 quos
601 707 1012 793 subegissent
1069 706 1450 792 populorum
1512 705 1939 792 principibus,
1992 729 2123 792 quo
2178 708 2487 776 maiorem

143 818 560 905 reipublicae
592 817 932 896 ,Romanae
975 836 1256 880 amorem
1301 814 1657 891 iniicerent,
1700 815 2025 881 civitatem
2068 815 2486 902 impertirent.

141 927 338 990 Hinc
375 937 594 992 natum
647 935 744 990 est
785 925 970 1000 illud,
1017 924 1195 1009 quod
1233 922 1386 989 olim
1433 919 1909 1009 Campanorum
1956 923 2355 1010 principibus
2396 925 2487 990 ci-

145 1035 431 1100 vitatem
498 1033 836 1109 dederant,
897 1032 1078 1108 hinc,
1131 1031 1307 1116 quod
1362 1032 1430 1096 in
1484 1031 1741 1098 Latinis
1804 1031 2059 1119 oppidis
2118 1034 2489 1118 quicunque

144 1143 615 1230 magistratum
671 1151 1042 1227 gesserant,
1101 1141 1278 1206 cives
1333 1140 1607 1220 Romani
1660 1139 1933 1219 fiebant,
1988 1140 2141 1206 hinc
2188 1140 2488 1227 denique,

151 1252 346 1336 quod
387 1251 501 1336 qui
541 1272 732 1337 reges
771 1250 1162 1334 quibusdam
1203 1249 1463 1335 populis
1499 1247 2015 1334 imponebantur,
2058 1250 2193 1314 fere
2232 1249 2489 1315 civitate

149 1360 388 1426 donati
433 1369 498 1424 et
539 1381 688 1425 cum
721 1381 792 1424 re
817 1358 1110 1423 Romana
1147 1357 1705 1444 coniungebantur
1742 1369 1807 1423 et
1844 1358 2323 1435 coercebantur,
2362 1381 2491 1444 qua

149 1470 246 1534 de
295 1491 368 1534 re
407 1490 616 1554 pauca
661 1467 920 1554 collegit
965 1466 1200 1532 Marin.
1239 1467 1388 1532 Aet.
1427 1467 1573 1532 frat.
1621 1465 1783 1532 Arv-
1825 1489 1889 1552 p.
1916 1467 2061 1534 725.
2132 1465 2489 1534 Germano-

149 1601 316 1642 rum
365 1588 580 1643 autem
623 1589 686 1642 et
737 1574 1080 1641 Gallorum
1123 1575 1344 1662 populi
1403 1597 1555 1640 cum
1600 1575 1684 1640 ad
1728 1574 2071 1661 imperium
2125 1577 2489 1644 Romanum

148 1686 569 1762 accederent,
624 1708 754 1768 non
812 1707 1002 1771 saepe
1045 1685 1314 1771 regibus
1357 1684 1689 1770 parebant,
1730 1685 2019 1771 plerique
2078 1709 2227 1752 cum
2270 1687 2490 1753 multis

151 1795 683 1862 dissensionibus
723 1793 1094 1859 domesticis
1137 1793 1227 1857 ita
1270 1805 1452 1860 erant
1483 1791 1691 1868 liberi,
1735 1806 1807 1856 ut
1837 1805 2049 1860 tamen
2082 1797 2151 1860 in
2176 1805 2491 1881 potestate

153 1905 487 1971 nobilium
525 1927 600 1970 ac
644 1903 1004 1990 principum
1051 1914 1286 1978 essent,
1329 1902 1570 1987 quibus
1598 1898 1843 1966 Caesar
1868 1914 1933 1967 et
1957 1903 2309 1990 Augustus
2346 1905 2491 1991 ipso

150 2017 298 2092 illc,
329 2035 460 2100 quo
487 2011 858 2098 provinciae
880 2013 1154 2076 formam
1177 2012 1667 2087 constituerunt,
1692 2020 1979 2096 tempore
2008 2011 2329 2078 civitatem
2356 2014 2490 2079 Ro-

151 2147 420 2190 manam
461 2120 844 2186 tribuerunt.
913 2120 1088 2185 Hinc
1129 2121 1336 2185 extitit
1371 2120 1607 2206 ingens
1644 2141 1953 2187 numerus
1998 2121 2335 2200 Iuliorum,
2380 2122 2492 2207 qui

151 2233 376 2319 primo
397 2254 460 2317 p.
487 2227 641 2295 Chr.
667 2229 924 2295 saeculo
951 2229 1020 2294 in
1047 2227 1256 2294 Gallis
1283 2239 1346 2292 et
1375 2226 1721 2293 Germanis
1750 2241 2348 2306 commemorantur,
2373 2254 2493 2297 nec

153 2344 302 2408 fere
360 2340 702 2424 quisquam
761 2337 996 2404 nobilis
1051 2349 1162 2402 aut
1217 2336 1452 2404 Gallus
1510 2347 1623 2402 aut
1676 2337 2043 2404 Germanus
2104 2341 2493 2418 nominatur,

155 2473 362 2538 quem
405 2473 536 2514 non
592 2471 668 2514 eo
711 2449 966 2513 nomine
1009 2469 1202 2512 usum
1243 2459 1436 2530 atque
1486 2445 1568 2510 ab
1630 2447 1939 2512 alterutro
1988 2447 2245 2514 illorum
2290 2451 2493 2537 impe·-

155 2572 453 2626 ratorum
503 2557 760 2622 civitate
817 2558 1128 2624 donatum
1189 2577 1332 2620 esse
1385 2566 1497 2620 aut
1552 2566 1798 2620 certum
1852 2567 1965 2621 aut
2006 2559 2339 2643 probabile
2394 2560 2494 2624 sit.

157 2667 276 2734 Cf.
319 2691 486 2754 quae
539 2689 618 2730 ea
677 2664 760 2729 de
805 2687 875 2730 re
917 2664 985 2728 in
1037 2676 1375 2728 comment.
1421 2663 1753 2750 epigraph.
1794 2665 1828 2728 I
1881 2688 1945 2750 p.
1988 2666 2105 2732 441
2170 2666 2497 2753 significa-

159 2779 406 2842 vimus.
488 2773 804 2859 Exemplo
849 2782 1022 2848 sunt,
1060 2793 1336 2856 quorum
1379 2772 1621 2836 mentio
1664 2773 1841 2856 apud
1869 2773 2169 2840 Tacitum
2207 2775 2299 2839 fit.
2360 2773 2495 2840 Ve-

159 2887 267 2951 lut
315 2886 490 2950 Anu.
533 2882 659 2958 ΙΙΙ,
707 2881 788 2946 40
839 2882 934 2947 sic
982 2881 1098 2946 ait:
1165 2882 1389 2942 Eodem
1447 2903 1617 2943 anno
1678 2886 2033 2946 Galliarum
2090 2887 2367 2946 civitates
2426 2883 2495 2945 ob

161 2995 671 3076 magnitudinem
715 2995 878 3054 aeris
919 2993 1118 3054 alieni
1155 2989 1537 3052 rebellionem
1596 3001 1961 3072 coeptavere,
2007 2995 2185 3055 cuius
2234 2996 2496 3054 extimu-

161 3108 340 3168 lator
385 3107 726 3166 acerrimus
759 3106 930 3164 inter
967 3104 1258 3162 Treveros
1297 3103 1497 3160 Iulius
1541 3103 1781 3178 Florus,
1820 3103 1994 3182 apud
2023 3102 2261 3163 Aeduos
2296 3103 2498 3162 Iulius

161 3216 484 3277 Sacrovir.
556 3212 856 3274 Nobilitas
919 3209 1202 3299 ambobus
1259 3217 1320 3268 et
1361 3211 1671 3286 maiorum
1716 3209 1874 3272 bona
1908 3212 2109 3292 facta
2154 3231 2335 3291 eoque
2380 3211 2497 3271 Ro-

161 3338 365 3384 mana
411 3324 556 3383 olim
601 3323 821 3383 civitas
859 3321 1030 3395 data,
1075 3339 1214 3380 cum
1261 3321 1331 3380 id
1369 3340 1592 3380 rarum
1636 3341 1751 3381 nec
1792 3322 1920 3381 nisi
1958 3322 2185 3381 virtuti
2218 3320 2494 3399 pretium

161 3439 336 3493 esset.
418 3427 524 3492 En
577 3427 710 3492 duo
760 3426 1103 3513 principes,
1147 3427 1307 3490 alter
1343 3447 1441 3490 ex
1498 3425 1701 3490 libero
1749 3425 1991 3511 populo
2039 3425 2495 3503 Treverorum,

165 3538 334 3603 alter
395 3559 475 3600 ex
533 3536 864 3600 foederato
923 3534 1310 3599 Aeduorum
1331 3580 1348 3608 ‚
1411 3555 1689 3618 quorum
1740 3533 2019 3598 familiae
2076 3533 2157 3598 ab
2214 3532 2497 3600 Caesare

166 3645 280 3711 vel
327 3643 640 3731 Augusto
698 3637 1019 3709 civitatem
1057 3641 1436 3708 Romanam
1492 3641 1831 3706 habebant.
1915 3643 2079 3707 Item
2130 3643 2339 3708 Iulius
2383 3645 2496 3710 In·-

168 3757 300 3820 dus
355 3777 437 3820 ex
495 3741 809 3819 Treveris
859 3752 1044 3836 (Tac.
1087 3750 1264 3819 Ann.
1312 3751 1437 3829 III,
1478 3751 1585 3832 42)
1641 3775 1851 3817 nonne
1907 3752 1974 3816 in
2031 3752 2258 3816 eadem
2302 3772 2499 3818 causa

169 3864 342 3929 fuit?
434 3863 573 3930 Nec
627 3863 842 3928 minus
900 3874 1071 3928 certe
1125 3865 1420 3928 fuerunt·
1445 3861 1655 3926 Iulius
1709 3861 2060 3928 Africanus
2108 3883 2144 3924 e
2192 3859 2495 3924 Santonis
2517 3923 2571 3947 w,

169 3974 364 4061 (Tac.
407 3972 584 4038 Ann.
624 3972 742 4047 VI,
773 3973 865 4058 7),
909 3971 1118 4036 Iulius
1163 3970 1467 4057 Alpinus,
1505 3970 1807 4057 princeps
1832 3969 2283 4034 Helvetiorum
2310 3967 2496 4052 (Tac.

171 4081 348 4146 Hist.
392 4079 448 4156 Ι,
492 4079 628 4164 68),
673 4079 880 4145 Iulius
927 4079 1190 4146 Atticus
1235 4080 1601 4164 speculator
1644 4079 1829 4168 (Tac.
1872 4077 2048 4142 Hist.
2091 4077 2145 4152 I,
2192 4077 2323 4160 35),
2380 4076 2497 4141 sed

175 4198 350 4254 certe
413 4187 686 4254 barbara
743 4187 992 4274 origine
1052 4209 1174 4252 nec
1227 4187 1533 4272 ignobilis
1590 4187 1794 4271 (Plut.
1850 4184 2043 4251 Galb.
2096 4186 2231 4269 26),
2286 4184 2495 4249 Iulius

175 4298 473 4390 Auspex·
509 4319 544 4360 e
594 4295 992 4383 primoribus
1058 4295 1410 4362 Remorum
1464 4295 1647 4380 (Tac.
1692 4295 1866 4360 Hist.
1913 4295 2032 4372 IV,
2084 4293 2221 4380 69),
2285 4291 2495 4358 Iulius

183 4403 621 4493 Briganticus,
685 4407 981 4493 princeps
1034 4405 1428 4470 Batavorum
1485 4403 1672 4490 (Tac.
1717 4403 1887 4468 Hist.
1933 4402 2052 4480 IV,
2100 4401 2233 4487 70),
2288 4399 2495 4466 Iulius
