2917 5017
441 314 523 379 68
1099 316 1183 363 De
1222 312 1393 364 Gallia
1428 314 1782 361 Romanorum
1819 309 2096 373 provincia.

442 482 581 545 tulo
630 478 959 565 Spintheri
1002 499 1083 541 ex
1128 485 1429 560 praetura
1473 481 1790 537 evenerat.
1874 472 1951 534 In
1999 470 2192 553 Syria
2239 467 2582 553 imperium
2625 464 2760 527 Ro-

448 612 708 654 manum
752 586 1039 650 victoriis
1064 583 1185 649 Cn.
1216 582 1506 666 Pompeii
1545 579 1698 645 satis
1745 578 2090 643 videbatur
2129 600 2270 642 esse
2318 574 2765 646 constitutum,

444 698 555 781 qui
618 696 759 781 ipse
821 716 901 757 ne
960 716 1037 758 ea
1090 693 1323 755 iterum
1378 687 1846 772 triumphorum
1907 688 2156 772 copiam
2211 684 2514 749 exhibere
2571 703 2769 766 posse

448 804 777 868 videretur
818 800 1071 865 obstare
1112 797 1409 863 debebat.
1498 794 1720 877 Quare
1758 805 2090 880 supererat
2125 792 2530 866 Macedonia,
2575 810 2773 873 prae-

446 913 635 997 cipua
671 908 1027 974 consularis
1071 906 1405 992 provincia
1448 914 1640 988 atque
1687 902 2123 987 amplissimus
2147 900 2552 964 victoriarum
2593 919 2775 961 cam-

444 1042 605 1105 pus,
675 1041 865 1101 quam
926 1030 1082 1079 tunc
1126 1012 1203 1077 C.
1246 1010 1566 1077 Octavius
1623 1011 1894 1075 alterum
1953 1032 2192 1073 annum
2253 1019 2550 1071 recturus
2615 1015 2774 1069 erat.

448 1127 611 1191 Eam
658 1127 801 1189 iure
845 1123 1089 1189 Caesar
1142 1121 1466 1206 postulare
1524 1130 1772 1204 poterat
1829 1140 2028 1201 eaque
2078 1117 2414 1201 impetrata
2457 1114 2773 1197 quiesset,

450 1256 597 1299 cum
635 1256 762 1297 non
806 1234 1231 1317 impetrasset,
1275 1228 1547 1293 miscere
1594 1228 1808 1290 omnia
1852 1225 2079 1309 coepit.

614 1343 795 1406 Haec
840 1362 1003 1424 quae
1046 1338 1127 1402 ab
1174 1336 1591 1423 optimatibus
1621 1347 1842 1398 contra
1873 1330 2218 1397 Caesarem
2264 1332 2536 1415 eiusque
2587 1332 2794 1417 cupi-0

452 1450 713 1513 ditatem
754 1448 1045 1511 instituta
1078 1457 1247 1521 sunt,
1296 1444 1415 1508 etsi
1454 1443 1679 1529 populi
1723 1442 1938 1506 studio
1971 1463 2098 1504 non
2123 1441 2326 1503 multo
2353 1453 2502 1525 post
2531 1453 2784 1504 mutata

451 1568 621 1632 sunt,
666 1556 823 1619 utile
863 1566 1070 1617 tamen
1118 1574 1261 1617 esse
1301 1550 1646 1615 videbatur
1687 1550 1880 1635 paulo
1924 1548 2190 1612 uberius
2235 1568 2580 1633 exponere,
2646 1572 2786 1613 non

450 1664 641 1727 modo
663 1662 839 1747 quod
862 1661 946 1725 ad
966 1661 1272 1724 rationem
1304 1659 1670 1743 provinciae
1695 1656 1946 1722 Galliae
1975 1655 2464 1741 cognoscendae
2497 1657 2788 1721 maxime

449 1772 789 1857 pertinent,
836 1792 1057 1833 verum
1104 1769 1293 1833 etiam
1336 1779 1410 1831 ut
1454 1764 1755 1831 Caesaris
1793 1788 1896 1829 res
1940 1765 2350 1828 illustrarem.
2431 1764 2564 1845 Qui
2613 1766 2785 1849 quid

452 1880 895 1966 concupisset,
950 1878 1108 1963 quid
1149 1889 1474 1962 postremo
1525 1875 1798 1957 adeptus
1845 1884 2053 1949 esset,
2103 1896 2292 1937 nemo
2336 1885 2586 1959 poterat
2633 1897 2790 1937 esse

449 1989 617 2051 inter
662 1988 835 2050 viros
878 1986 1103 2051 doctos
1148 1985 1259 2069 qui
1304 1984 1611 2073 nesciret3
1665 1983 1824 2047 haec
1865 1982 2034 2046 enim
2084 1992 2213 2045 tam
2257 1992 2464 2067 aperte
2508 1990 2791 2044 veteres

452 2095 795 2179 scriptores
834 2104 1113 2167 narrant,
1156 2103 1229 2155 ut
1255 2074 1474 2154 nullus
1501 2089 1889 2154 dubitationi
1931 2089 2116 2153 locus
2155 2090 2570 2173 relinquatur.
2636 2090 2786 2152 Sed

454 2203 507 2265 si
536 2224 804 2285 quaeras
842 2200 1165 2285 quomodo
1209 2198 1480 2277 adeptus
1528 2198 1628 2273 sit,
1673 2197 1998 2281 quomodo
2027 2198 2364 2281 optimates
2407 2198 2548 2261 eius
2593 2198 2784 2283 cupi-

454 2310 717 2374 ditatem
764 2310 878 2373 diu
924 2309 1250 2384 eluserint,
1294 2306 1620 2392 quomodo
1666 2306 1853 2369 amici
1877 2306 2016 2368 eius
2043 2328 2302 2369 causam
2351 2306 2767 2391 susceperint,

452 2418 755 2501 quoniam
806 2428 1055 2481 veteres
1116 2416 1181 2479 in
1228 2417 1371 2501 ipsa
1426 2412 1757 2499 republica
1799 2413 2087 2477 Romana
2139 2414 2432 2479 viventes
2491 2427 2780 2499 praeter-

454 2524 669 2588 missis
712 2524 1123 2589 interioribus
1169 2524 1352 2607 quasi
1412 2519 1771 2587 rationibus
1791 2567 1807 2596 ‚
1869 2542 2036 2603 quae
2092 2522 2215 2585 sibi
2267 2521 2786 2606 aequalibusque

457 2632 593 2695 suis
655 2632 841 2696 facile
898 2644 1218 2717 paterent,
1285 2632 1494 2716 capita
1547 2642 1868 2711 tamquam
1925 2640 2200 2713 tangunt
2255 2653 2550 2716 quaeque
2611 2632 2794 2695 facta

462 2750 613 2803 sunt
656 2740 795 2803 sola
836 2749 1352 2815 commemorant,
1400 2762 1474 2801 ea
1521 2736 1762 2802 narrari
1810 2735 2032 2800 videas
2067 2761 2106 2801 a
2133 2738 2290 2802 viris
2337 2739 2564 2815 doctis,
2607 2762 2794 2823 quae

460 2871 587 2912 non
633 2849 843 2913 dicam
894 2849 957 2912 in
986 2849 1297 2924 Romana,
1347 2871 1574 2911 verum
1617 2847 1685 2910 in
1711 2845 1888 2911 nulla
1930 2868 2213 2930 unquam
2241 2846 2572 2931 republica
2611 2847 2791 2933 legi-

461 2957 583 3021 bus
640 2978 717 3021 ac
770 2958 909 3021 iure
967 2968 1313 3041 temperata
1358 2956 1652 3021 accidere
1711 2966 2075 3040 potuerunt.
2165 2954 2436 3019 Insanos
2491 2955 2588 3019 illi
2641 2956 2784 3020 fere

459 3064 701 3127 faciunt
743 3064 947 3129 fuisse
992 3065 1283 3129 inimicos
1312 3061 1630 3139 Caesaris,
1675 3064 1786 3147 qui
1831 3064 1966 3126 sine
2005 3063 2140 3126 ulla
2180 3062 2534 3127 honestatis
2565 3065 2786 3149 specie

460 3172 673 3235 virum
722 3172 989 3235 summis
1032 3168 1386 3234 honoribus
1428 3170 1790 3254 praeditum
1836 3169 2240 3234 contumeliis
2283 3170 2578 3258 maximis
2623 3174 2779 3237 affe·

460 3278 681 3353 cerint,
728 3279 959 3342 stultos
1002 3278 1241 3342 amicos
1280 3277 1442 3351 eius,
1497 3278 1607 3360 qui
1648 3278 1899 3342 violatis
1947 3277 2236 3342 moribus
2278 3300 2352 3342 ac
2395 3278 2662 3364 legibus
2687 3306 2790 3345 ea

458 3388 697 3471 populo
738 3386 1029 3451 Romano
1074 3406 1427 3470 proponere
1469 3386 1611 3449 ausi
1667 3386 1826 3462 sint,
1881 3409 2046 3470 quae
2090 3408 2318 3449 eversa
2359 3387 2616 3451 civitate
2666 3391 2788 3457 uni

456 3493 701 3557 homini
740 3493 1140 3579 prodessent,
1180 3492 1395 3577 ipsum
1438 3494 1774 3569 audacem,
1813 3494 2244 3570 temerarium,
2303 3495 2609 3559 latronem
2655 3520 2782 3580 po-

458 3602 586 3667 tius
616 3625 809 3688 quam
842 3614 906 3667 et
934 3602 1313 3687 prudentem
1338 3613 1421 3678 et,
1466 3603 1624 3686 quid
1663 3601 1730 3665 in
1756 3601 2085 3686 republica
2124 3602 2266 3666 fieri
2293 3615 2532 3688 posset,
2577 3604 2784 3689 longo

372 3695 378 3700 ⁶
456 3732 583 3773 usu
628 3711 959 3787 edoctum,
1020 3710 1233 3773 omnia
1278 3710 1556 3795 denique
1603 3711 1694 3775 ita
1740 3710 2078 3796 permista,
2119 3711 2462 3787 convulsa,
2521 3734 2779 3789 eversa,

458 3829 531 3896 ut
572 3840 701 3881 non
747 3816 1207 3902 rempublicam
1248 3818 1441 3893 illam,
1503 3820 1617 3883 sed
1661 3818 2061 3903 praedonum
2106 3819 2368 3903 aliquod
2427 3820 2781 3886 concilium

457 3925 659 3989 fuisse
700 3927 957 4001 credaS,
1015 3950 1053 3990 a
1090 3948 1222 4010 quo
1264 3926 1491 3991 orbem·
1543 3938 1858 3991 terrarum
1917 3950 2046 3991 non
2093 3928 2286 3991 armis
2331 3928 2526 3991 modo
2571 3951 2784 4015 expu-

455 4041 761 4117 gnatum,
818 4033 935 4097 sed
981 4033 1238 4119 legibus
1298 4034 1488 4097 etiam
1537 4034 2072 4119 comprehensum
2129 4057 2274 4099 esse
2331 4036 2470 4099 iure
2521 4038 2781 4103 mirere.

390 4185 396 4191 -
456 4136 665 4205 Cuius
706 4141 939 4205 erroris
980 4163 1172 4206 causa
1230 4142 1386 4205 mihi
1442 4142 1509 4205 in
1573 4164 1648 4206 eo
1707 4142 1982 4207 maxime
2027 4143 2287 4207 videtur
2345 4166 2490 4207 esse
2539 4146 2783 4229 posita,

452 4248 625 4333 quod
670 4248 897 4311 harum
946 4272 1165 4313 rerum
1224 4251 1443 4315 nullus
1489 4261 1662 4313 extat
1719 4250 1994 4335 scriptor
2051 4250 2204 4315 satis
2263 4252 2600 4338 copiosus,
2663 4257 2781 4339 qui

453 4378 602 4421 cum
644 4358 851 4441 magis
902 4358 1173 4442 posteris
1216 4358 1622 4441 externisque
1664 4382 1854 4443 quam
1899 4358 2276 4444 aequalibus
2321 4384 2396 4424 ac
2431 4364 2778 4449 populari-
