2917 5017
476 371 560 438 86
1034 433 1041 440 ‚
1138 373 1222 425 De
1262 371 1433 422 Gallia
1464 373 1816 422 Romanorum
1852 372 2127 436 provincia.

477 538 826 606 existimari
882 547 1109 625 potest.
1197 533 1457 602 Etenim
1502 532 1761 600 decerni
1813 535 2055 620 potuit,
2110 543 2187 598 ut
2229 557 2305 598 ex
2348 558 2425 599 eo
2468 535 2597 610 die,
2653 559 2763 618 quo

478 647 953 723 decerneretur,
995 645 1077 710 ad
1113 645 1392 712 eundem
1431 642 1607 706 diem
1644 642 1943 727 quintum
1983 643 2027 708 i.
2064 666 2118 708 e.
2160 665 2367 726 usque
2398 643 2481 707 ad
2511 665 2765 708 mensem

475 753 726 818 Maium
792 755 896 819 vel
959 753 1218 818 Iunium
1283 751 1432 815 anni
1494 751 1572 816 47
1637 752 1987 836 Pompeius
2056 751 2405 835 Hispanias
2466 750 2766 816 obtineret.

475 862 576 928 Ita
615 873 677 926 et
717 863 848 928 Dio
905 860 1188 946 quinque
1243 882 1446 924 annos
1490 859 1795 945 Pompeio
1848 860 2135 926 adiectos
2178 882 2321 924 esse
2368 859 2531 923 dixit
2571 859 2767 923 rectis-

479 970 638 1035 sime
687 981 751 1034 et
788 968 1180 1034 Plutarchus
1227 967 1601 1032 consulatus
1644 967 1851 1052 ipsius
1898 979 2153 1052 tempus
2198 989 2326 1031 non
2374 967 2770 1051 complectens

476 1099 846 1164 paucosque
904 1076 1015 1161 qui
1077 1077 1245 1140 ultra
1299 1098 1541 1140 annum
1594 1076 1671 1141 48
1726 1072 2133 1160 pertinebant
2192 1095 2446 1138 menses
2504 1075 2771 1139 omittens

477 1186 652 1272 quod
710 1183 1206 1269 quadriennium
1266 1184 1603 1268 appellarit
1664 1181 2078 1248 excusandus
2136 1191 2254 1245 est.
2360 1181 2474 1245 Ad
2536 1182 2773 1248 eandem

477 1295 646 1359 enim
688 1294 999 1358 rationem
1036 1291 1174 1357 Dio
1208 1290 1563 1367 XXXIX,
1610 1293 1687 1357 33
1732 1290 1927 1356 altera
1967 1289 2133 1375 legis
2176 1289 2536 1354 consularis
2581 1312 2774 1374 proro-

479 1403 736 1488 gatione
778 1398 1045 1466 Caesari
1100 1398 1446 1464 triennium
1498 1399 1823 1464 adiectum
1869 1420 2011 1462 esse
2058 1396 2313 1473 scribit,
2376 1418 2579 1462 annos
2618 1397 2689 1462 53
2727 1409 2776 1462 et

479 1511 562 1577 52
607 1522 669 1575 et
713 1511 788 1574 51
839 1507 1230 1593 intelligens,
1273 1527 1438 1589 quos
1482 1508 1648 1572 solos
1694 1508 1983 1593 integros
2022 1506 2079 1570 ei
2117 1506 2201 1570 ad
2241 1517 2431 1570 vetus
2473 1506 2633 1590 legis
2668 1505 2777 1569 Va-

479 1619 670 1684 tiniae
713 1627 968 1700 tempus
1015 1612 1272 1678 additos
1320 1637 1464 1679 esse
1509 1613 1811 1680 vidimus.
1905 1615 2058 1695 Qua
2099 1614 2180 1678 de
2226 1637 2429 1678 causa
2472 1637 2547 1678 eo
2590 1613 2776 1678 minus

479 1725 714 1790 erroris
751 1721 1040 1788 accusari
1081 1721 1295 1797 debet,
1334 1722 1512 1806 quod
1549 1722 1689 1809 ipse
1726 1723 1781 1787 si
1814 1745 2036 1788 verum
2072 1731 2425 1807 quaeratur
2456 1722 2577 1786 hoc
2612 1721 2779 1785 trien-

479 1834 662 1898 nium
703 1832 1028 1896 adiectum
1070 1830 1346 1894 inveniri
1399 1830 1489 1894 ait
1547 1833 1705 1895 ὥστε
1760 1832 1865 1913 τὴν
1907 1831 2237 1912 ἡγεμονίαν
2284 1831 2389 1892 καὶ
2441 1831 2645 1914 ἐκείνῳ
2687 1827 2782 1914 (τῷ

479 1939 774 2025 Καίσαρι)
814 1941 946 2024 τρία
988 1938 1092 2022 ἔτη
1133 1939 1328 2002 πλείω
1368 1943 1563 2022 (ὥσγε
1602 1939 1867 2021 τάληθὲς
1906 1937 2272 2020 εὑρίσκεται)
2318 1938 2601 2020 μηκύναι.
2670 1935 2782 2002 Sed

480 2057 691 2133 potest
730 2047 814 2110 de
855 2045 1308 2131 prorogatione
1349 2046 1604 2132 imperii
1642 2045 1818 2130 quod
1855 2043 2207 2129 Pompeius
2247 2042 2581 2110 obtinebat
2616 2045 2781 2108 etiam

477 2155 602 2218 alia
633 2153 796 2217 ratio
838 2152 984 2216 iniri
1015 2174 1234 2236 eaque,
1276 2163 1350 2216 ut
1379 2153 1536 2217 mihi
1571 2153 1847 2228 videtur,
1895 2152 2089 2236 paulo
2117 2151 2535 2238 probabilior.
2600 2150 2780 2218 Cuius

481 2262 600 2327 etsi
647 2261 904 2324 initium
955 2260 1177 2345 utique
1226 2261 1429 2326 fuisse
1474 2261 1694 2326 iudico
1736 2260 1817 2326 ab
1862 2261 1971 2324 illo
2016 2261 2155 2337 die,
2220 2283 2349 2345 quo
2394 2274 2780 2326 senatuscon-

481 2369 724 2434 sultum
769 2369 1013 2434 factum
1053 2381 1184 2444 est,
1231 2379 1446 2434 tamen
1485 2368 1769 2434 dubitari
1811 2378 2054 2453 potest,
2098 2393 2180 2434 an
2224 2369 2452 2434 iussus
2498 2370 2583 2435 sit
2615 2371 2779 2434 Pom·

478 2477 665 2563 peius
723 2477 1066 2561 imperium
1125 2475 1361 2542 habere
1425 2478 1509 2542 ad
1570 2476 1709 2542 Cal.
1762 2478 1899 2541 Ian.
1958 2476 2213 2561 quintas
2270 2477 2313 2541 i.
2372 2501 2430 2542 e.
2500 2479 2648 2542 anni
2702 2477 2777 2542 47.

480 2583 655 2648 Illud
709 2583 882 2647 enim
931 2597 994 2647 et
1035 2584 1275 2648 rectius
1323 2585 1513 2650 etiam
1558 2583 2053 2670 quadriennium
2098 2585 2407 2670 appellari
2454 2597 2697 2674 poterat
2734 2597 2779 2648 et

481 2713 607 2755 non
659 2690 874 2755 minus
928 2701 1099 2754 recte
1146 2691 1693 2775 quinquennium3
1757 2693 1840 2757 de
1892 2692 2085 2756 simili
2144 2692 2313 2757 enim
2366 2693 2777 2780 quinquennio

483 2821 772 2864 summae
820 2798 1155 2884 potestatis
1205 2799 1312 2864 111
1367 2800 1523 2864 viris
1586 2801 1979 2886 reipublicae
2044 2800 2539 2867 constituendae
2599 2801 2779 2865 delato

481 2906 766 2972 diximus
819 2906 888 2970 in
951 2917 1286 2971 comment.
1341 2908 1675 2995 epigraph.
1733 2909 1881 2974 Vol.
1917 2909 1953 2972 1
2015 2932 2077 2994 p.
2122 2909 2218 2974 17.
2314 2908 2613 2995 Eiusque
2652 2930 2777 2994 pro-

480 3014 834 3101 rogationis
877 3037 1072 3080 causa
1111 3015 1429 3098 quaedam
1470 3017 1683 3081 afferri
1718 3027 1930 3102 potest
1965 3039 2082 3102 per
2123 3039 2193 3080 se
2236 3038 2391 3082 sane
2434 3015 2778 3104 probabilis.

483 3122 651 3188 Nam
699 3145 846 3188 cum
891 3120 1157 3188 Caesari
1213 3146 1410 3208 supra
1458 3125 1873 3192 docuerimus
1914 3126 2059 3210 lege
2098 3124 2423 3190 consulari
2466 3125 2776 3211 imperium

480 3240 900 3316 prorogatum
959 3252 1101 3295 esse
1158 3231 1241 3295 ad
1297 3229 1460 3295 Idus
1503 3231 1566 3296 N
1569 3254 1671 3296 ov.
1726 3231 1875 3296 anni
1917 3232 2032 3308 50,
2096 3232 2260 3297 illud
2318 3255 2475 3298 sane
2524 3241 2779 3319 apparet,

482 3360 612 3423 quo
648 3338 790 3402 iure
835 3338 1171 3423 optimates
1211 3337 1317 3402 usi
1361 3339 1524 3415 sint,
1580 3361 1721 3404 cum
1768 3340 1827 3404 ei
1868 3341 2352 3406 succedendum
2396 3365 2545 3408 esse
2586 3338 2777 3406 existi-

483 3456 763 3522 marent,
823 3445 940 3510 sed
987 3445 1110 3510 hoc
1165 3469 1296 3510 non
1334 3446 1751 3532 intelligitur,
1813 3471 2006 3533 quam
2050 3449 2349 3514 iniuriam
2394 3448 2524 3515 sibi
2568 3447 2778 3514 Caesar

481 3552 621 3617 fieri
657 3562 926 3639 questus
971 3553 1054 3618 sit
1099 3575 1248 3620 cum
1290 3554 1714 3634 adimeretur,
1778 3580 2033 3642 quoque
2078 3567 2266 3643 pacto
2309 3558 2680 3643 postularit,
2716 3565 2774 3617 ut

482 3660 833 3746 Pompeius
874 3684 1132 3748 quoque
1173 3662 1499 3730 exercitus
1546 3664 2071 3750 provinciamque
2129 3664 2497 3730 dimitteret.
2578 3663 2777 3746 Neque

483 3768 759 3834 obscure
803 3765 1047 3834 Caesar
1087 3769 1511 3854 querebatur3
1556 3794 1703 3838 nam
1742 3782 1806 3836 et
1833 3769 2183 3837 Suetonius
2213 3769 2401 3838 Caes.
2443 3795 2498 3837 c.
2532 3773 2610 3838 29
2652 3790 2777 3834 eum

481 3875 710 3942 litteris
763 3888 976 3940 narrat
1023 3888 1314 3943 senatum
1371 3901 1515 3946 esse
1572 3881 1987 3965 deprecatum
2004 3927 2021 3956 ,
2089 3903 2169 3944 ne
2224 3879 2347 3946 sibi
2421 3879 2777 3946 beneficium

484 3983 708 4069 populi
750 3981 1142 4048 adimeretur
1182 3996 1246 4051 et
1285 3987 1426 4072 ipse
1469 3988 1615 4054 bell.
1659 3987 1782 4054 civ.
1820 3987 1875 4066 Ι,
1918 3988 1957 4053 9
1999 3988 2067 4052 in
2105 3987 2187 4054 iis
2225 4011 2389 4074 quae
2429 3987 2509 4052 L.
2540 3983 2778 4052 Caesari

484 4090 877 4158 adolescenti
919 4092 1002 4156 ad
1041 4092 1424 4180 Pompeium
1464 4118 1535 4160 se
1578 4097 1921 4162 mandasse
1962 4096 2070 4172 ait,
2116 4097 2211 4162 sic
2252 4096 2501 4164 scribit:
2544 4099 2776 4160 doluisse

481 4219 556 4276 se,
601 4201 766 4278 quod
790 4203 1017 4280 populi
1063 4204 1339 4265 Romani
1372 4204 1729 4283 beneficium
1775 4205 1895 4268 sibi
1927 4226 2045 4285 per
2088 4209 2521 4268 contumeliam
2567 4204 2639 4265 ab
2674 4202 2775 4262 ini-

483 4309 658 4368 micis
699 4315 1165 4387 extorqueretur
1219 4321 1537 4393 ereptoque
1578 4316 1898 4376 semenstri
1938 4315 2195 4395 imperio
2238 4317 2307 4375 in
2350 4313 2554 4376 urbem
2597 4319 2769 4374 retra-

483 4415 750 4492 heretur,
795 4419 973 4478 cuius
1011 4417 1272 4479 absentis
1312 4423 1619 4482 rationem
1658 4420 1872 4482 haberi
1897 4423 2204 4501 proximis
2246 4424 2507 4484 comitia
2534 4418 2772 4501 populus
