2917 5017
787 361 870 411 De
903 360 1102 425 legibus
1139 362 1535 428 municipalibus
1570 363 1882 429 Hispanicis.
2370 365 2493 431 309

155 524 590 603 demonstrat,
631 524 1076 590 Domitianum
1121 548 1288 590 anno
1329 527 1410 591 85
1453 548 1755 590 censorem
1786 540 2153 611 perpetuum
2196 554 2341 599 esse
2380 556 2494 619 ap-

149 635 498 720 pellatum,
545 635 660 700 sed
699 633 826 699 iam
872 645 1060 699 antea
1095 634 1400 700 habuisse
1440 635 1797 701 censoriam
1840 648 2241 722 potestatem,
2284 651 2359 706 ut
2394 641 2494 706 vi-

153 742 439 807 deamus
486 744 566 819 ei,
613 766 762 807 oum
803 766 921 828 pro
967 742 1258 808 censoria
1301 752 1612 828 potestate
1656 745 1972 827 quaedam
2018 747 2359 814 salubriter
2394 751 2494 814 in-

153 851 520 927 stituisset,
583 850 816 915 deinde
872 873 910 913 a
963 862 1188 915 senatu
1249 874 1491 915 novum
1550 851 1733 916 illum
1790 874 2097 918 censurae
2146 866 2493 943 perpetuae

150 959 478 1024 honorem
535 982 676 1024 esse
725 960 1059 1025 tributum.
1161 958 1346 1040 Quae
1395 981 1543 1023 cum
1586 961 1675 1025 ita
1719 960 1881 1037 sint,
1942 972 2005 1026 et
2046 963 2256 1049 legem
2300 976 2493 1051 atque

155 1067 458 1132 edictum
498 1067 855 1133 Domitiani
893 1068 960 1130 in
1004 1090 1243 1132 annum
1285 1068 1364 1132 83
1416 1068 1553 1132 fere
1598 1079 1937 1134 exeuntem
1984 1072 2387 1138 conferemus
2430 1085 2491 1139 et

146 1175 330 1239 illud
375 1176 559 1261 plane
603 1175 1038 1261 intelligemus
1083 1186 1429 1260 utrumque
1478 1176 1761 1240 edictum
1809 1175 1891 1241 ab
1946 1179 2239 1245 censoria
2288 1182 2493 1267 potis-

153 1284 406 1349 simum
431 1293 744 1370 potestate
771 1306 914 1348 esse
943 1283 1330 1367 profectum3
1379 1284 1698 1368 siquidem
1730 1308 1825 1363 ea,
1858 1308 2005 1350 cum
2038 1288 2237 1352 soleat
2262 1288 2491 1354 edictis

147 1393 490 1479 usurpari,
535 1405 598 1457 et
633 1392 990 1457 rectissime
1026 1392 1094 1455 in
1135 1392 1392 1457 civitate
1419 1392 1711 1458 Romana
1740 1394 2169 1479 impertienda
2196 1408 2495 1463 versatur

148 1513 220 1565 et
273 1524 396 1565 cur
439 1500 857 1565 communiter
899 1499 1342 1586 Vespasianus
1385 1511 1448 1565 et
1490 1501 1679 1566 Titus
1724 1502 2062 1579 edixerint,
2104 1504 2387 1569 ostendit
2430 1516 2494 1570 et

150 1610 446 1694 denique
493 1631 642 1674 cum
684 1619 989 1693 tempore,
1033 1630 1162 1691 quo
1201 1606 1488 1673 edictum
1532 1619 1649 1686 est,
1695 1610 1931 1694 optime
1972 1612 2290 1675 convenit.

337 1717 518 1799 Quid
563 1727 776 1783 autem
823 1727 957 1781 erat
997 1717 1066 1780 in
1111 1716 1240 1780 illis
1285 1715 1562 1781 edictis?
1645 1716 1828 1799 Quid
1882 1729 2046 1795 erat,
2108 1719 2285 1805 quod
2342 1743 2491 1786 cum

150 1829 446 1914 primum
487 1827 568 1891 ab
607 1825 1008 1912 Vespasiano
1053 1824 1332 1909 Titoque
1377 1826 1798 1890 constitutum
1848 1837 2051 1903 esset,
2115 1826 2351 1893 deinde
2408 1828 2489 1895 ab

150 1935 538 1999 Domitiano
565 1943 1000 2021 tepeteretur,
1045 1932 1220 2017 quod
1257 1944 1605 2017 utrumque
1645 1935 1729 1999 ad
1769 1934 2091 2001 civitatem
2134 1936 2489 2001 Romanam

153 2044 682 2127 consequendam
737 2042 1132 2129 pertineret?
1215 2040 1368 2124 Qua
1423 2042 1505 2107 de
1568 2066 1637 2107 re
1694 2043 1853 2108 nihil
1912 2044 2087 2129 apud
2133 2044 2490 2111 Mommse-

150 2154 346 2216 nium
387 2151 644 2215 invenio
657 2199 674 2228 ,
729 2150 1112 2215 Huschkius
1156 2160 1373 2215 autem
1412 2150 1456 2214 l.
1500 2151 1541 2214 l.
1586 2173 1649 2237 p.
1701 2151 1773 2216 16
1822 2152 1913 2215 sic
1956 2152 2209 2229 statuit,
2264 2163 2337 2217 ut
2388 2152 2489 2217 di-

153 2284 354 2326 versa
407 2260 513 2324 ille
574 2260 838 2345 quidem
885 2258 1096 2324 edicta
1136 2258 1492 2335 discernat,
1560 2260 1735 2342 (nam
1781 2260 2010 2326 dubito
2053 2283 2135 2324 an
2183 2261 2303 2326 tria
2346 2282 2489 2326 esse

151 2369 423 2455 putarit,
462 2390 626 2452 quae
667 2390 786 2432 nos
830 2367 961 2432 duo
1003 2367 1207 2432 fuisse
1255 2366 1712 2451 ostendimus),
1760 2367 1970 2432 sedin
1996 2379 2226 2433 natura
2266 2390 2488 2433 eorum

152 2476 642 2563 interpretanda
695 2475 992 2541 aberrare
1049 2476 1366 2541 videatur.
1459 2475 1577 2541 Ait
1618 2476 1787 2541 enim
1835 2475 2221 2563 Vespasiani
2276 2476 2489 2543 edicto

154 2588 446 2673 primum
501 2584 624 2649 hoc
681 2606 824 2649 esse
873 2586 1292 2651 constitutum
1311 2632 1330 2662 ,
1386 2586 1442 2649 si
1480 2584 1626 2669 quis
1668 2585 1781 2669 qui
1820 2584 1889 2648 in
1936 2584 2193 2671 oppidis
2235 2584 2489 2651 Latinis

153 2694 518 2760 honoribus
557 2694 860 2779 gerendis
901 2693 1221 2759 civitatem
1259 2692 1617 2757 Romanam
1668 2702 2057 2758 consecutus
2106 2701 2297 2771 esset,
2350 2714 2490 2757 eam

155 2802 539 2892 parentibus
587 2802 797 2878 etiam,
844 2802 1067 2878 uxori,
1108 2801 1359 2884 liberis,
1400 2799 1745 2885 nepotibus
1784 2808 2060 2885 peteret,
2106 2822 2175 2865 se
2216 2821 2358 2865 eam
2402 2801 2491 2865 ita

157 2912 470 2977 daturum
513 2932 688 2988 esse,
735 2922 820 2975 .ut
861 2923 924 2975 et
963 2910 1171 2995 patria
1210 2920 1497 2995 potestas
1544 2918 1609 2973 et
1646 2907 2027 2973 libertorum
2070 2908 2213 2973 iura
2252 2908 2488 2974 retine-

156 3033 405 3087 rentur.
496 3020 667 3085 Tum
711 3018 1154 3085 Domitianum
1209 3039 1358 3082 cum
1403 3017 1754 3102 Salpensae
1798 3014 2217 3100 Malacaeque
2276 3017 2489 3103 legem

157 3128 619 3213 municipalem
661 3129 863 3204 daret,
907 3127 1105 3203 illud,
1153 3126 1329 3211 quod
1369 3125 1741 3211 singillatim
1786 3147 1855 3189 se
1893 3124 2197 3189 daturum
2235 3124 2489 3211 Vespa·-

158 3240 386 3303 sianus
431 3238 842 3323 promiserat,
901 3237 990 3300 ita
1039 3233 1449 3299 confirmasse
1492 3242 1683 3317 atque
1728 3231 2027 3297 omnibus
2074 3230 2489 3318 Salpensanis

155 3346 700 3430 Malacitanisque
744 3344 1126 3431 impertisse,
1173 3353 1248 3406 ut
1285 3353 1527 3408 certum
1564 3341 1825 3426 aliquod
1858 3341 2117 3406 illorum
2146 3341 2489 3427 municipi-

159 3478 352 3519 orum
385 3454 490 3518 ius
533 3464 921 3518 nasceretur.
969 3450 1120 3533 Qua
1147 3452 1212 3515 in
1253 3474 1322 3516 re
1349 3452 1475 3515 hoc
1504 3452 1717 3516 minus
1746 3449 1969 3535 prob0‚
2000 3450 2175 3534 quod
2206 3450 2489 3515 edictum

159 3562 520 3634 Domitiani
559 3571 624 3625 et
663 3562 770 3625 lex
811 3559 1216 3645 municipalis
1260 3582 1488 3644 parum
1530 3553 2261 3643 distinguunturjillud
2300 3579 2488 3643 opor-

161 3669 345 3735 tebat
380 3670 776 3744 antecedere,
817 3669 942 3735 hoc
973 3667 1303 3753 consequi,
1349 3688 1471 3731 nec
1510 3667 1564 3731 si
1604 3665 1815 3731 edicto
1850 3665 2197 3750 imperator
2228 3664 2353 3730 hoe
2386 3665 2489 3730 ius

161 3778 428 3843 duobus
473 3777 728 3864 oppidis
773 3776 1030 3853 tribuit,
1091 3798 1256 3862 opus
1304 3784 1439 3840 erat
1477 3774 1657 3861 lege,
1722 3775 1820 3839 sin
1867 3774 2047 3859 lege,
2106 3795 2297 3858 quam
2349 3772 2490 3857 ipse

163 3888 476 3963 dedisset,
517 3886 798 3952 edictum
838 3895 1006 3950 certe
1054 3904 1605 3971 supervacaneum
1648 3891 1800 3947 erat.
1862 3878 1997 3946 Sed
2041 3890 2287 3965 pugnat
2328 3879 2491 3945 adeo

163 3995 552 4062 Huschkius
612 4016 762 4060 cum
805 3993 918 4069 iis,
977 4014 1142 4078 quae
1189 3992 1258 4056 in
1298 4014 1443 4057 aere
1489 3989 1887 4074 Salpensano
1932 3988 2261 4073 leguntur.
2339 3987 2491 4072 Ipse

165 4104 337 4168 enim
393 4102 606 4169 edicta
659 4102 745 4168 ad
797 4112 1090 4189 parentes
1109 4148 1126 4178 ,
1189 4099 1426 4165 liberos
1447 4144 1465 4174 ‚
1524 4105 1790 4183 nepotes
1842 4095 2099 4161 civitate
2156 4092 2491 4160 donandos

164 4214 486 4300 pertinere
527 4221 766 4287 censet,
809 4210 976 4296 legis
1018 4206 1214 4273 verba
1255 4208 1338 4272 ad
1375 4206 1613 4291 ipsum,
1659 4204 1863 4269 cuius.
1886 4213 2185 4289 parentes
2217 4211 2281 4265 et
2302 4201 2491 4267 liberi

167 4323 330 4401 sint,
385 4320 725 4407 pertinent.
813 4317 977 4383 Nam
1019 4316 1164 4382 rub.
1207 4315 1460 4381 XXIII
1502 4336 1667 4400 quae
1714 4322 1897 4377 sunt:
1961 4316 2073 4393 qui
2108 4332 2333 4392 quaeve
2375 4312 2493 4373 hac

147 4427 298 4516 'lege
335 4452 486 4493 exve
523 4430 718 4490 edicto
753 4430 894 4508 imp.
927 4427 1094 4491 Caes.
1140 4428 1300 4507 Vesp.
1347 4427 1503 4505 Aug.
1548 4426 1747 4505 impve
1782 4424 1921 4484 Titi
1940 4422 2107 4485 Caes.
2143 4422 2491 4501 Vespasian.
