2917 5017
422 410 496 455 Vl

591 558 816 624 Artior
866 579 1021 624 vero
1077 568 1175 623 est
1218 556 1544 643 colligatio
1589 554 1811 619 tertiae
1851 564 1917 619 et
1957 565 2220 639 quartae
2267 554 2751 621 commentatio-

422 664 546 747 nis,
587 688 752 750 quae
804 666 927 731 hoc
972 689 1311 731 commune
1347 665 1607 739 habent,
1646 662 1823 748 quod
1868 663 1933 727 in
1975 664 2232 729 civitate
2266 664 2557 729 Romana
2601 684 2752 727 ver-

426 782 668 851 santur,
712 796 877 859 quae
923 774 1247 859 quomodo
1292 772 1605 859 proximis
1647 770 1937 834 finitimis
1983 772 2244 857 populis
2291 772 2461 848 data,
2513 770 2752 835 deinde

424 902 571 945 cum
615 881 800 947 Italia
840 883 1333 958 communicata,
1376 880 1658 963 denique
1693 900 1812 963 per
1853 881 2219 964 provincias
2261 889 2616 966 propagata
2647 878 2753 954 sit,

422 990 963 1055 examinavimus:
1002 1013 1132 1076 qua
1159 991 1227 1054 in
1254 987 1631 1073 quaestione
1663 986 1920 1072 insigne
1955 987 2164 1073 ipsius
2199 988 2478 1053 civitatis
2519 986 2754 1052 discri-

422 1120 566 1161 men
619 1100 938 1185 reperisse
998 1121 1077 1163 ac
1138 1096 1514 1163 certissimis
1575 1095 1958 1179 scriptorum
2013 1096 2396 1161 testimoniis
2455 1095 2756 1160 videmur

424 1207 855 1271 constituisse.
936 1208 1263 1293 Imprimis
1309 1216 1525 1269 autem
1575 1202 2093 1289 municipiorum,
2138 1226 2305 1288 quae
2351 1215 2414 1269 et
2456 1202 2522 1267 in
2566 1204 2757 1268 Italia

422 1326 486 1379 et
539 1314 604 1377 in
668 1315 1014 1399 provinciis
1067 1315 1348 1402 plurima
1402 1314 1689 1387 fuerunt,
1751 1312 2062 1375 rationem
2127 1312 2449 1398 persecuti
2503 1334 2757 1405 sumus,

421 1444 612 1507 quam
674 1423 861 1487 aliam
917 1446 994 1488 ac
1052 1424 1315 1509 quidam
1365 1430 1781 1496 censuerunt,
1833 1442 2044 1504 neque
2085 1420 2346 1485 omnino
2392 1405 2754 1507 simplicem

420 1532 624 1596 fuisse
680 1531 1284 1597 demonstravimus.
1372 1530 1800 1594 Potueramus
1853 1527 1978 1593 hoc
2033 1515 2239 1593 totum
2296 1540 2757 1614 argumentum

312 1716 319 1721 ι
420 1639 547 1703 alio
586 1640 780 1705 modo
820 1640 1117 1726 digerere
1156 1648 1777 1725 praeceptorumque
1805 1659 1984 1701 more
2017 1638 2274 1702 civitate
2307 1637 2447 1723 ipsa
2468 1637 2760 1703 Romana

421 1745 686 1812 definita
725 1759 864 1813 tum
910 1748 1225 1834 originem
1264 1748 1427 1823 eius,
1467 1746 2019 1832 propagationem,
2051 1745 2440 1831 oppidorum
2467 1768 2542 1809 ea
2565 1768 2759 1831 prae-

422 1855 700 1920 ditorum
760 1878 999 1942 genera
1045 1878 1405 1934 recensere,
1450 1876 1618 1941 quae
1663 1855 2024 1942 praeceptio
2067 1876 2258 1939 quam
2307 1855 2486 1919 utilis
2533 1854 2759 1919 futura

420 1963 636 2039 fuerit,
684 1986 811 2027 non
858 1965 1379 2042 dissimulamus3
1439 1986 1666 2028 verum
1710 1964 2011 2047 quoniam
2065 1983 2186 2027 nec
2225 1973 2422 2027 totam
2467 1964 2552 2029 de
2593 1964 2757 2028 civi-

422 2081 551 2135 tate
600 2072 882 2136 Romana
934 2073 1289 2137 doctrinam
1333 2084 1608 2136 tractare
1652 2070 1949 2156 placebat
2005 2082 2068 2135 et
2122 2070 2280 2136 viris
2335 2071 2545 2137 doctis
2591 2073 2757 2137 scri-

424 2177 758 2254 bebamus,
810 2202 938 2264 qua
987 2180 1279 2266 quidque
1320 2179 1566 2244 ration‘e
1609 2179 2106 2254 invenissemus,
2167 2179 2392 2244 eadem
2433 2182 2608 2265 quod
2653 2181 2757 2245 in-

417 2287 847 2363 venissemus,
873 2310 1230 2374 proponere
1260 2288 1632 2353 maluimus.
1687 2286 1908 2367 Quare
1943 2288 2200 2353 duabus
2225 2284 2757 2374 inscriptionibus

417 2392 669 2459 Latinis
717 2396 819 2460 usi
872 2420 1097 2463 sumus
1138 2409 1465 2482 tamquam
1515 2396 1820 2472 ducibus,
1865 2418 2137 2481 quarum
2183 2397 2560 2462 auctoritate
2613 2397 2757 2461 dis-

416 2502 663 2589 putatio
708 2514 924 2568 nostra
960 2516 1023 2569 et
1061 2516 1397 2591 regeretur
1432 2516 1497 2567 et
1541 2504 1999 2569 contineretur.
2600 2512 2603 2516 “

585 2610 846 2676 Habere
902 2612 1133 2698 igitur.
1158 2612 1464 2677 videntur
1524 2612 1643 2677 hae
1699 2613 2294 2690 commentationes,
2343 2634 2542 2699 quare
2593 2614 2756 2679 viris

414 2719 773 2783 litterarum
835 2720 1211 2785 Latinarum
1274 2720 1585 2785 studiosis
1644 2721 2190 2787 commendentur.
2273 2724 2352 2787 In
2403 2721 2644 2806 quibus
2695 2723 2754 2785 si

417 2828 522 2892 cui
566 2849 687 2892 nec
734 2850 860 2903 res,
907 2827 989 2892 de
1018 2827 1257 2913 quibus
1302 2828 1580 2915 agimus,
1623 2830 1920 2915 placeant
1957 2852 2080 2895 nec
2115 2852 2282 2914 quae
2321 2852 2576 2916 quoque
2605 2830 2755 2895 loco

416 2936 769 3012 effecimus,
819 2936 1193 3022 probentur,
1236 2948 1300 3001 at
1340 2937 1467 3002 hoc
1512 2938 1888 3023 pmfitemur
1924 2960 2044 3003 nos
2085 2939 2330 3023 ubique
2371 2962 2514 3005 esse
2559 2962 2753 3004 secu-

414 3056 535 3121 tos,
594 3056 667 3107 ut
726 3044 805 3109 ab
868 3047 1040 3111 omni
1098 3046 1450 3131 quaerendi
1509 3068 1584 3111 ac
1645 3047 1902 3112 dicendi
1959 3047 2316 3113 temeritate
2371 3049 2754 3115 abessemus

413 3152 809 3237 longissime.
899 3154 1095 3235 Quod
1146 3176 1302 3219 num
1345 3156 1628 3219 assecuti
1675 3155 1903 3232 simus,
1945 3156 2217 3221 aliorum
2273 3156 2358 3221 sit
2397 3156 2751 3221 iudicium:

414 3260 908 3345 diligentissime
952 3274 1120 3325 certe
1166 3263 1323 3347 quid
1371 3264 1452 3327 de
1497 3284 1750 3347 quaque
1803 3286 1876 3327 re
1915 3264 2296 3341 traderetur,
2353 3266 2754 3330 examinavi-

414 3388 582 3443 mus,
628 3368 877 3433 nullum
925 3370 1356 3434 testimonium
1409 3372 1934 3457 contempsimus,
1982 3372 2302 3437 neminem
2345 3385 2420 3437 ut
2471 3374 2597 3459 ipsi
2645 3398 2751 3439 sa-

411 3495 737 3562 peremus,
801 3498 1098 3561 peccasse
1156 3480 1520 3554 statuimus,
1575 3490 1704 3545 tam
1770 3479 1886 3544 diu
1944 3480 2224 3566 denique
2281 3482 2749 3566 quaesivimus,

414 3584 571 3647 dum
628 3585 693 3648 in
742 3608 973 3667 magna
1019 3608 1209 3673 saepe
1256 3599 1594 3652 auctorum
1641 3588 2074 3673 discrepantia
2113 3590 2292 3674 quod
2345 3612 2494 3655 cum
2537 3590 2749 3655 omni-

414 3690 538 3755 bus
606 3691 1081 3775 quodammodo
1150 3697 1551 3771 conveniret,
1613 3696 2098 3781 reperissemus.
2184 3698 2375 3763 Hanc
2433 3698 2744 3763 rationem

415 3800 653 3864 scimus
698 3822 816 3865 nos
873 3803 1136 3885 quidem
1178 3804 1260 3868 ad
1306 3803 1525 3869 studia
1565 3804 1932 3871 multorum·
1955 3807 2289 3873 hominum
2339 3807 2747 3892 concilianda

412 3906 787 3991 animosque
819 3910 1191 3995 opinionum
1228 3912 1512 3976 novitate
1538 3915 1722 3997 quasi
1749 3916 2316 3999 praestringendos
2343 3938 2570 4003 parum
2597 3892 2743 3981 esse

410 4025 658 4101 aptam3
698 4016 813 4079 sed
860 4018 1129 4083 eandem
1170 4030 1407 4085 rectam
1455 4031 1518 4084 et
1558 4019 1787 4086 litteris
1833 4023 2070 4088 nostris
2115 4025 2339 4089 utilem
2369 4036 2434 4091 et
2460 4004 2744 4110 denique

412 4124 493 4187 ad
516 4123 584 4186 id
610 4123 789 4207 quod
814 4148 1039 4191 verum
1066 4140 1165 4192 est
1190 4129 1649 4194 inveniendum
1679 4154 1873 4196 unam
1899 4154 2042 4197 esse
2061 4132 2248 4197 nobis
2275 4133 2740 4219 persuasimus.

510 4254 520 4267 '
584 4252 981 4344 Scripsimus
1028 4260 1316 4326 Berolini
1358 4262 1510 4327 Kal.
1552 4264 1696 4329 Iun.
1743 4264 1921 4330 1859.
