2917 5017
437 340 561 409 382
1395 343 1567 395 Index
1600 358 1791 395 rerum.

571 527 688 577 gam
727 511 924 577 imperii
961 510 1178 559 assumit
1223 508 1330 559 125.
1391 510 1501 559 cius
1538 508 1849 574 imperatorii
1887 509 2023 557 tituli
2059 506 2178 558 233.
2240 510 2362 559 olim
2397 509 2645 573 magister
2674 522 2745 571 eq.

571 596 831 645 dictatoris
871 590 1134 652 Caesaris,
1191 594 1244 641 in
1286 607 1390 654 quo
1429 591 1691 653 repulsam
1730 590 1914 638 tulerat
1950 587 2067 639 239.
2144 589 2287 651 Aug.
2336 589 2613 638 tribunicia
2666 605 2746 652 po-

570 684 728 725 testas
775 690 908 739 quae
959 673 1113 723 fuerit
1159 670 1276 721 250.
1353 671 1611 720 subselliis
1662 670 1943 719 tribuniciis
1992 669 2150 717 utitur
2204 668 2321 721 251.
2366 667 2485 720 263.
2556 672 2745 733 quando

567 757 788 819 primum
835 756 1158 805 tribuniciam
1207 760 1515 817 potestatem
1566 752 1816 815 acceperit
1862 748 1979 800 255.
2062 753 2289 815 corporis
2338 753 2657 802 sanctitatem
2702 759 2746 799 et

569 838 798 887 subsellii
849 836 1104 887 tribunicii
1153 835 1401 883 honorem
1450 833 1633 897 accipit
1682 830 1799 881 256.
1886 845 2137 881 summam
2185 834 2419 882 omnium
2458 832 2745 881 iudiciorum

567 927 878 981 potestatem
914 918 1098 981 accipit
1135 913 1251 964 258.
1328 915 1555 964 calculus
1593 914 1857 962 Minervae
1898 913 1953 960 in
1991 913 2187 962 iudiciis
2224 915 2270 963 ei
2304 916 2457 962 datur
2488 911 2605 964 259.
2676 914 2743 961 ius

567 1000 826 1049 relationis
867 1002 922 1048 in
961 1005 1143 1048 senatu
1184 998 1366 1061 accipit
1405 996 1520 1045 260.
1598 995 1707 1043 eius
1746 1008 1893 1042 soror
1930 1002 1983 1043 et
2020 1008 2154 1043 uxor
2191 996 2467 1044 tribunicia
2502 1001 2743 1058 potestate

573 1089 814 1130 ornantur
868 1078 985 1129 263.
1072 1077 1456 1128 successoribus
1516 1077 1623 1125 suis
1676 1075 1993 1125 tribuniciam
2045 1083 2355 1140 potestatem
2410 1076 2591 1125 tribuit
2642 1073 2743 1124 264.

569 1162 823 1211 civitatem
859 1164 948 1211 dat
973 1159 1304 1210 Uticensibus
1341 1155 1459 1207 304.
1520 1172 1613 1221 pro
1648 1157 1882 1206 censoria
1909 1163 2163 1219 potestate
2190 1158 2346 1206 edicit
2370 1155 2493 1208 308.
2557 1154 2745 1207 foedera

566 1244 798 1291 concedit
837 1250 1078 1306 quattuor
1114 1239 1320 1304 populis
1358 1236 1570 1287 Gallicis
1612 1236 1729 1288 328.
1804 1238 2060 1287 civitatem
2098 1240 2186 1287 dat
2218 1239 2393 1289 multis
2438 1237 2605 1288 Gallis
2642 1236 2744 1287 329.

429 1322 492 1373 C.
527 1324 774 1374 Aurelius
815 1323 968 1373 Cotta
1006 1321 1226 1372 Galliam
1264 1334 1378 1368 cum
1414 1318 1569 1368 Italia
1604 1321 1736 1381 regit
1770 1318 1854 1369 51.
1923 1320 1999 1368 Μ.
2037 1318 2194 1369 Cotta
2228 1323 2496 1385 quomodo
2534 1320 2745 1370 Ciliciam

567 1408 815 1469 acceperit
854 1403 936 1454 52.

429 1564 621 1615 bellum
663 1566 842 1615 servile
886 1580 918 1613 a
953 1565 1141 1628 quibus
1175 1571 1382 1626 gestum
1419 1564 1486 1613 sit
1524 1560 1607 1612 52.

428 1646 505 1694 Μ.
539 1644 762 1695 Bibulus
799 1647 1064 1710 provincia
1097 1653 1236 1694 caret
1272 1641 1354 1695 69.

426 1725 673 1791 Bithynia
707 1742 842 1777 nova
877 1728 1139 1791 provincia
1179 1724 1261 1778 48.
1327 1728 1439 1776 eius
1479 1740 1689 1789 praeses
1728 1724 1787 1775 C.
1828 1724 1998 1775 Carbo
2039 1724 2123 1776 61.

427 1887 492 1948 Q.
544 1887 798 1937 Caecilius
846 1888 1118 1949 Metellus,
1172 1887 1446 1951 proconsul
1495 1886 1696 1937 Galliae
1745 1888 2097 1940 Narbonensis
2148 1885 2232 1937 64.
2284 1886 2369 1937 75.
2465 1886 2539 1947 Q.
2590 1886 2753 1951 Nepos

561 1984 763 2032 procos.
802 1969 1084 2033 Hispaniae
1121 1969 1370 2019 citerioris
1405 1970 1623 2017 moritur
1665 1966 1747 2019 77.

425 2050 498 2099 Μ.
535 2048 740 2099 Caelius
781 2049 952 2099 Rufus
987 2058 1192 2113 praetor
1227 2047 1342 2101 241.

424 2129 620 2180 Caesar
655 2131 939 2194 explicatur
971 2128 1056 2183 86.
1099 2129 1215 2181 165.
1254 2129 1366 2180 166.
1412 2129 1522 2180 177.
1565 2128 1676 2179 179.
1715 2127 1828 2180 184.
1868 2127 1978 2178 192.
2036 2138 2213 2179 auctor
2242 2130 2363 2180 belli
2394 2129 2753 2193 Hispaniensis

561 2214 862 2261 emendatur
901 2211 1017 2262 223.

426 2291 486 2341 C.
527 2291 732 2353 Caesar,
768 2293 997 2355 Augusti
1033 2293 1186 2355 filius,
1228 2309 1332 2357 qua
1363 2300 1619 2357 potestate
1660 2292 1814 2342 fuerit
1853 2293 1907 2341 in
1944 2290 2093 2356 Syria
2134 2289 2247 2341 122.

425 2370 664 2435 Caligula
701 2372 824 2436 imp.
860 2373 1184 2425 Narbonensi
1221 2374 1418 2425 Galliae
1453 2376 1534 2425 ius
1570 2376 1825 2423 honorum
1860 2374 1951 2422 dat
1982 2370 2099 2423 334.
2173 2380 2225 2421 et
2255 2372 2464 2423 Siciliae
2506 2370 2637 2423 336.

423 2451 483 2504 C.
517 2452 824 2517 Calpurnius
861 2454 982 2504 Piso
1018 2470 1120 2506 cos.
1157 2454 1378 2505 Galliam
1411 2456 1565 2506 Narb.
1608 2455 1805 2505 obtinet
1840 2453 1919 2505 55.

423 2532 482 2583 C.
519 2533 766 2585 Caninius
801 2534 1016 2585 Rebilus
1054 2551 1157 2585 cos.
1199 2551 1318 2586 ann.
1354 2534 1422 2586 45
1459 2552 1506 2585 a.
1540 2537 1663 2587 Chr.
1710 2535 1829 2587 227.

422 2613 747 2677 Cappadocia
786 2630 922 2665 anno
953 2614 1020 2665 92
1059 2619 1288 2667 nondum
1322 2620 1589 2682 provincia
1624 2626 1703 2668 est
1738 2615 1822 2666 28.

421 2694 480 2746 C.
519 2694 776 2756 Carrinas,
815 2698 1086 2761 proscripti
1120 2699 1256 2747 filius
1299 2696 1414 2750 202.

422 2774 644 2836 Carteia,
681 2776 964 2841 Hispaniae
998 2779 1201 2829 colonia
1241 2778 1323 2830 34.

423 2856 485 2909 C.
518 2856 730 2907 Cassius
765 2857 949 2909 Italiae
986 2870 1194 2924 praeest
1231 2859 1315 2911 52.

421 2938 510 3003 Sp.
547 2938 716 2989 Cassii
756 2936 936 2989 foedus
981 2956 1096 2991 cum
1136 2942 1335 2992 Latinis
1371 2942 1561 2993 factum
1606 2938 1724 2992 362.

420 3021 646 3072 Catilina
681 3036 714 3069 a
747 3035 851 3082 quo
884 3022 1113 3072 devictus
1151 3024 1218 3073 sit
1254 3021 1336 3074 59.

419 3116 656 3151 censores
693 3102 746 3150 in
783 3102 1036 3151 civitatem
1071 3104 1322 3169 recipiunt
1355 3102 1438 3155 36.
1478 3102 1597 3154 308.
1636 3102 1753 3153 370.
1824 3104 2056 3153 censoria
2100 3110 2327 3167 potestas
2374 3104 2749 3169 imperatorum

557 3180 676 3233 308.
750 3197 964 3231 censura
996 3184 1162 3245 prisco
1197 3199 1338 3234 more
1379 3200 1471 3249 per
1506 3184 1905 3248 quinquennium
1946 3193 2062 3234 acta
2099 3182 2214 3236 326.

419 3262 600 3313 Cicero
640 3278 796 3325 quam
829 3264 1141 3327 provinciam
1180 3265 1234 3315 in
1273 3281 1375 3315 cos.
1413 3265 1651 3315 habuerit
1688 3264 1771 3315 57.

417 3342 676 3395 Ciceronis
712 3344 877 3393 oratio
915 3358 1008 3407 pro
1043 3345 1118 3395 M.
1151 3346 1373 3395 Fonteio
1412 3348 1615 3409 quando
1652 3345 1831 3395 habita
1864 3348 1931 3395 sit
1966 3342 2017 3395 6.
2088 3346 2375 3410 explicatur
2408 3344 2496 3397 58.
2538 3343 2627 3397 60.
2668 3344 2746 3395 62.

552 3421 634 3474 63.
675 3422 744 3474 70
779 3433 832 3474 et
864 3423 948 3475 73.
992 3422 1075 3476 79.
1110 3424 1194 3476 84.
1233 3424 1346 3477 163.
1387 3424 1501 3477 166.
1552 3425 1661 3475 171.
1710 3424 1817 3476 177.
1856 3424 1971 3478 179.
2007 3424 2126 3476 226.

417 3503 626 3553 Ciliciae
661 3513 885 3554 rectores
922 3505 984 3554 L.
1019 3504 1264 3556 Octavius
1304 3516 1356 3557 et
1390 3508 1452 3557 L.
1486 3508 1732 3557 Lucullus
1770 3505 1852 3557 52.
1932 3515 2097 3556 rector
2134 3508 2209 3560 Μ.
2248 3508 2373 3558 Piso
2412 3506 2499 3559 63.

413 3585 614 3634 civitate
651 3586 904 3635 donantur
938 3586 1171 3637 homines
1206 3587 1338 3637 bene
1369 3590 1538 3638 meriti
1593 3586 1677 3638 30.
1754 3589 1889 3639 cives
1921 3589 2141 3639 Romani
2176 3590 2229 3636 in
2262 3588 2513 3638 frumenti
2548 3591 2741 3655 publici

551 3666 756 3715 tabulas
803 3667 1013 3716 inscribi
1066 3676 1278 3731 possunt
1332 3666 1445 3717 187.
1513 3670 1693 3719 civitas
1739 3672 1890 3720 datur
1927 3670 1991 3719 ab
2028 3670 2427 3733 imperatoribus
2464 3672 2591 3721 solis
2632 3674 2737 3721 sine

547 3748 664 3810 lege
717 3746 835 3797 303.
907 3749 962 3796 in
1009 3748 1245 3797 libertate
1292 3750 1414 3797 olim
1468 3751 1591 3799 data
1640 3751 1707 3799 ab
1758 3750 2151 3814 imperatoribus
2195 3748 2313 3801 304.
2385 3767 2448 3801 ea
2486 3754 2737 3803 donantur

550 3828 804 3891 principes
851 3830 1082 3891 gentium
1128 3830 1454 3879 subactarum
1499 3828 1617 3880 329.
1698 3846 1788 3895 per
1816 3831 2019 3881 Italiam
2066 3838 2351 3896 propagata
2389 3834 2569 3883 civitas
2618 3831 2731 3883 342.

549 3910 699 3957 datur
733 3909 890 3957 etiam
923 3910 1218 3973 parentibus
1251 3912 1573 3974 quorundam
1602 3910 1719 3963 355.
1785 3916 1871 3977 qui
1900 3914 1953 3963 in
1976 3914 2177 3978 oppidis
2204 3913 2403 3963 Latinis
2436 3923 2559 3963 suut
2586 3916 2729 3973 cives,

545 3990 652 4037 iure
688 3989 942 4040 honorum
975 4000 1150 4042 carent
1187 3989 1306 4043 357.
1377 3991 1467 4056 Sp.
1510 3992 1763 4043 Carvilius
1814 3996 1923 4057 agit
1970 3996 2035 4043 de
2086 3996 2193 4043 iure
2237 3997 2497 4045 honorum
2534 3995 2727 4044 Latinis

546 4071 716 4119 dando
753 4068 870 4121 358.
929 4073 1062 4123 cives
1099 4073 1440 4134 nominantur,
1474 4076 1563 4138 qui
1596 4076 1679 4126 ius
1714 4076 1969 4126 honorum
2001 4076 2191 4127 habent
2228 4074 2346 4127 358.
2411 4077 2589 4127 civitas
2623 4077 2725 4125 sine

548 4150 795 4215 suffragio
831 4156 1091 4216 quomodo
1131 4160 1239 4203 orta
1275 4154 1343 4203 sit
1383 4152 1501 4205 366.

409 4230 655 4282 Claudius
695 4234 816 4297 imp.
854 4235 996 4297 leges
1033 4234 1132 4285 fert
1167 4231 1286 4285 299.
1359 4234 1559 4286 Galliae
1602 4237 1851 4288 Comatae
1886 4238 2199 4303 principibus
2237 4240 2315 4288 ius
2350 4240 2601 4289 honorum
2641 4240 2723 4287 dat

543 4312 664 4364 306.
736 4330 828 4379 pro
863 4317 1096 4365 censoria
1135 4324 1386 4380 potestate
1422 4319 1577 4369 edicit
1614 4317 1731 4370 3⁰8.
1796 4320 1903 4370 eius
1940 4334 2160 4369 censura
2196 4316 2313 4369 326.

410 4392 472 4443 C.
507 4392 720 4445 Clovius
761 4396 1046 4459 praefectus
1083 4398 1198 4447 urbi
1237 4414 1270 4447 a
1303 4397 1529 4448 Caesare
1568 4416 1703 4451 anno
1740 4398 1809 4453 46
1846 4417 1879 4450 a
1908 4400 2031 4451 Chr.
2073 4398 2189 4451 247.
