2917 5017
778 410 864 460 De
897 411 1268 476 propagatione
1303 411 1521 464 civitatis
1554 412 1838 464 Romanae.
2344 397 2466 478 357

120 571 347 638 videri
395 582 628 658 potest,
681 593 801 637 nec
854 580 982 636 tam
1034 569 1116 638 ad
1168 569 1581 637 Latinitatem
1624 572 1853 659 ipsam,
1896 595 2088 660 quam
2136 567 2220 642 a'd
2256 575 2469 645 'simile

123 680 404 766 aliquod
461 682 564 748 ius
623 680 916 768 pertinet,
979 691 1192 746 tamen
1251 677 1487 746 Strabo
1544 681 1663 760 IV,
1726 686 1778 761 1,
1833 682 1908 748 12
1970 685 2037 748 τὸ
2084 687 2465 770 καλούμενον

123 790 384 866 Λάτιον,
431 793 591 853 ὥστὲ.
644 789 786 857 τοὺς
829 787 1202 858 ἀξιωθέντας
1261 787 1675 874 ἀγορανομίας
1725 791 1827 853 καὶ
1879 794 2155 876 ταμιείας
2192 831 2274 841 -
2315 789 2467 858 Ῥω·
2574 817 2579 820 ·

127 898 361 979 μαίους
419 899 736 982 ὑπάρχειν,
795 907 858 960 et
915 895 1256 981 Appianus
1308 893 1456 960 bell.
1504 897 1629 962 civ.
1681 895 1769 974 Π,
1812 898 1895 964 26
1962 899 2097 962 ὅσοι
2154 901 2283 964 κατ’
2335 901 2469 974 ἔτος

121 1005 356 1089 ἦρχον,
395 1007 693 1088 ἐγίγνοντο
723 1000 1058 1088 Ῥωμαίων
1087 1007 1352 1080 πολῖται,
1377 1003 1661 1068 indicant
1693 1027 1825 1082 eos,
1856 1007 1967 1091 qui
2010 1012 2339 1075 consecuti
2366 1035 2468 1076 es-

131 1124 318 1188 sent,
392 1136 519 1178 non
583 1115 692 1198 qui
759 1112 1316 1178 administrassent
1378 1112 1847 1199 magistratum,
1914 1113 2091 1180 cives
2144 1115 2469 1184 Romanos

125 1221 344 1286 factos
402 1243 564 1287 esse.
640 1220 778 1286 Nec
838 1219 1052 1285 minus
1109 1220 1284 1304 apud
1341 1219 1583 1285 Gaium
1640 1220 1800 1286 Inst.
1839 1221 1893 1299 Ι,
1939 1222 2041 1299 96,
2092 1223 2204 1289 ubi
2256 1224 2469 1309 ipsum

123 1328 259 1394 hoc
303 1330 676 1395 Latinitatis
721 1329 825 1394 ius
868 1329 996 1393 dici
1042 1327 1320 1404 videtur,
1367 1325 1467 1392 bis
1506 1341 1633 1394 est:
1690 1334 1762 1393 ln·
1807 1341 2074 1408 tantum,
2124 1334 2235 1414 qui
2272 1337 2471 1414 magi-

118 1448 410 1501 stratum
451 1444 549 1502 vel
585 1441 871 1502 honorem
915 1445 1168 1518 gerunt,
1213 1437 1300 1498 ad
1341 1441 1651 1500 civitatem
1694 1443 2041 1504 Romanam
2078 1444 2467 1520 perveniunt,

120 1569 260 1610 non
315 1551 430 1629 qui
472 1556 832 1629 gesserunt:
893 1565 1020 1628 quo
1063 1543 1206 1608 loco
1250 1544 1426 1628 quod
1470 1545 1553 1610 de
1594 1545 1835 1611 minore
1890 1555 1953 1612 et
2001 1546 2238 1612 maiore
2278 1546 2470 1612 Latio

121 1653 210 1719 ab
265 1654 330 1719 N
333 1652 630 1719 iebuhrio
695 1652 1132 1738 excogitatum
1195 1662 1258 1715 et
1315 1675 1355 1717 a
1409 1653 1803 1738 quibusdam
1864 1665 2291 1740 propagatum
2350 1665 2468 1731 est,

123 1762 630 1829 commemorari
676 1762 780 1827 vel
817 1758 1023 1825 refelli
1065 1781 1192 1822 non
1240 1781 1404 1845 opus
1443 1772 1561 1826 est.

307 1871 774 1946 Veruntamen,
821 1878 968 1933 utut
1015 1867 1174 1932 haec
1221 1878 1390 1944 sunt,
1435 1890 1602 1952 quae
1635 1868 1861 1933 merito
1885 1869 2132 1949 leviora
2168 1868 2471 1933 videntur

125 2003 306 2055 esse,
357 1978 524 2044 duas
570 1979 697 2043 iam
741 1989 1035 2043 tenemus
1079 1975 1382 2052 rationes,
1423 1999 1556 2060 qua
1591 1975 1807 2041 Latini
1848 1976 1917 2041 in
1954 1976 2159 2062 patria
2190 1998 2307 2041 sua
2335 1999 2469 2040 ma-

127 2098 366 2152 nentes
407 2088 492 2152 ad
531 2083 852 2152 civitatem
899 2084 1256 2150 Romanam
1301 2084 1695 2168 perveniant,
1732 2106 1949 2161 unam,
2001 2107 2149 2149 cum
2190 2085 2258 2149 in
2296 2084 2469 2150 colo-

133 2196 269 2260 niis
299 2195 703 2261 deducendis
732 2196 836 2260 vel
880 2190 1074 2258 rebus
1108 2191 1386 2278 publicis
1435 2191 1899 2257 constituendis
1942 2192 2265 2279 principes
2312 2194 2471 2258 civi-

129 2317 264 2369 tate
347 2304 788 2379 donabantur,
855 2302 1118 2367 alteram
1138 2348 1156 2377 ‚
1229 2321 1396 2384 quae
1474 2321 1555 2364 ex
1618 2298 2101 2386 magistratibus
2168 2301 2472 2387 gerendis

129 2415 449 2479 nascitur.
518 2411 798 2478 Accedit
843 2409 1045 2484 tertia,
1093 2431 1240 2474 cum
1289 2409 1547 2475 virtutis
1596 2431 1791 2475 causa
1834 2409 2074 2495 singuli
2114 2410 2473 2496 praemium

135 2523 420 2589 civitatis
467 2518 888 2608 accipiebant,
939 2539 1148 2602 neque
1184 2516 1254 2580 id
1295 2539 1513 2584 rarum
1552 2519 1757 2584 fuisse
1788 2518 2215 2584 censebimus.
2278 2518 2473 2584 Multi

133 2632 347 2719 igitur
391 2640 574 2695 erant
619 2651 740 2715 per
786 2626 998 2692 omnia
1045 2625 1285 2712 oppida
1321 2625 1575 2704 Latina,
1622 2627 1734 2711 qui
1774 2626 1964 2690 etiam
2006 2636 2347 2711 antequam
2368 2630 2474 2693 lex

133 2740 312 2805 Iulia
374 2739 743 2802 universam
805 2734 1054 2799 Italiam
1117 2733 1623 2818 comprehendit,
1684 2733 1862 2797 cives
1920 2732 2194 2798 Romani
2257 2747 2472 2807 essent

136 2867 356 2932 neque
401 2845 741 2931 quisquam
787 2844 924 2906 fere
968 2841 1035 2904 in
1079 2841 1160 2905 iis
1205 2840 1396 2925 paulo
1435 2840 1793 2924 insigniore
1832 2840 2093 2904 fortuna
2135 2853 2246 2906 aut
2284 2843 2470 2908 nobi-

135 2956 302 3021 liore
345 2976 582 3040 genere
627 2951 886 3016 videtur
925 2949 1150 3025 fuisse,
1192 2947 1304 3033 qui
1350 2947 1432 3012 ab
1477 2947 1755 3024 civitate,
1799 2971 1993 3033 quam
2040 2962 2323 3036 cuperet,
2368 2973 2470 3014 ar-

141 3075 417 3130 ceretur.
501 3060 638 3125 Sed
685 3081 941 3123 omnem
985 3057 1152 3122 hanc
1213 3054 1536 3120 civitatem
1578 3055 1934 3121 Romanam
1979 3057 2360 3122 Latinorum
2404 3059 2473 3122 in

141 3171 402 3260 oppidis
447 3161 585 3235 suis
631 3166 1020 3232 manentium
1064 3163 1410 3230 tenendum
1457 3176 1557 3229 est
1614 3165 1995 3230 deteriorem
2038 3164 2240 3229 fuisse
2278 3186 2472 3249 quam

139 3303 286 3346 eam
332 3278 679 3354 civitatem,
721 3297 916 3361 quam
959 3273 1084 3358 ipsi
1134 3272 1407 3338 Romani
1447 3272 1789 3338 habebant.
1870 3269 2151 3339 Carebat
2198 3272 2368 3338 enim
2412 3284 2475 3338 et

144 3391 288 3454 iure
340 3385 654 3470 suffragii,
698 3382 854 3469 quia
893 3381 1132 3469 oppida
1163 3380 1400 3446 Latina
1439 3403 1559 3466 per
1598 3381 1807 3446 tribus
1851 3401 1978 3446 non
2027 3393 2206 3446 erant
2246 3381 2473 3458 divisa,

143 3510 210 3564 et
273 3498 414 3562 iure
471 3495 808 3560 honorum.
889 3491 1040 3558 Hoc
1097 3488 1387 3554 nondum
1443 3511 1483 3553 a
1539 3511 1859 3574 quoquam
1925 3511 2169 3567 eorum,
2226 3489 2339 3576 qui
2392 3489 2473 3554 de

146 3606 496 3673 Latinitate
553 3601 998 3689 disputarunt,
1055 3597 1580 3662 animadversum
1632 3619 1773 3662 esse
1832 3607 2156 3682 putamus,
2216 3598 2331 3663 sed
2373 3609 2473 3663 est

147 3730 360 3782 tamen
427 3711 892 3787 certissimum,
952 3732 1080 3774 non
1134 3705 1328 3771 modo
1389 3715 1653 3791 propter
1709 3704 2194 3771 similitudinem
2256 3729 2476 3772 eorum

150 3825 392 3891 civium
447 3823 905 3894 Romanorum,
960 3838 1125 3903 quos
1170 3826 1398 3901 postea
1440 3813 1748 3890 vidimus,
1806 3835 1952 3878 cum
1998 3825 2179 3880 extra
2223 3814 2477 3880 Italiam

151 3930 408 3998 oriundi
445 3941 682 4004 essent,
729 3925 958 3990 eodem
1003 3922 1296 4009 suffragii
1341 3922 1787 4006 honorumque
1826 3923 1967 3988 iure
2010 3922 2317 3998 caruisse,
2360 3922 2474 3987 sed

160 4040 504 4126 perspicuo
561 4034 736 4102 Livii
800 4032 1184 4108 testimoniO,
1232 4032 1343 4117 qui
1397 4030 1543 4095 libr.
1584 4029 1861 4107 XXIII,
1906 4030 1987 4096 22
2035 4040 2183 4117 post
2228 4031 2477 4095 cladem

163 4147 570 4214 Cannensem
619 4152 853 4220 narrat,
901 4162 1049 4206 cum
1095 4139 1350 4226 plurimi
1394 4150 1719 4205 senatores
1764 4139 2169 4215 cecidissent,
2207 4139 2478 4204 mentio-

163 4279 304 4322 nem
347 4255 416 4321 in
463 4264 690 4318 senatu
732 4252 964 4316 factam
1011 4271 1174 4327 esse,
1220 4260 1293 4313 ut
1329 4249 1452 4313 hoc
1492 4248 1807 4313 honorum
1850 4248 1953 4313 ius
2001 4246 2477 4335 quodammodo

158 4364 408 4430 Latinis
455 4360 908 4448 impertiretur.
987 4361 1091 4438 Sp.
1139 4360 1465 4435 Carvilius,
1511 4356 1741 4443 inquit,
1784 4379 1921 4419 cum
1970 4360 2159 4437 longa
2202 4360 2480 4418 oratione

161 4495 282 4537 non
334 4475 532 4535 solum
580 4473 875 4549 inopiam,
932 4468 1036 4528 sed
1073 4471 1460 4548 paucitatem
1505 4471 1691 4530 otiam
1746 4468 1970 4528 civium
1976 4509 1995 4541 ,
2036 4487 2113 4526 εκ
2155 4464 2367 4546 quibus
2410 4468 2480 4526 in
