2917 5017
821 323 904 374 De
944 321 1113 374 Gallia
1145 322 1496 374 Romanorum
1541 323 1819 388 provincia.
2386 323 2463 390 81

155 480 352 544 altera
391 479 476 545 de
518 482 874 566 provinciis
915 482 1022 547 lex
1055 483 1214 547 solet
1255 483 1339 547 ad
1377 483 1653 547 eundem
1699 481 1776 548 C.
1806 481 2201 550 Trebonium
2234 489 2478 554 referri.

145 587 332 672 Ipsos
381 589 684 654 consules
729 591 868 655 eius
915 591 1150 656 latores
1194 590 1398 654 fuisse
1443 602 1661 676 aperte
1704 591 1947 656 indicat
1992 594 2219 660 Vellei.
2257 597 2349 672 ΙΙ,
2398 596 2478 662 46

145 696 534 782 Pompeium
593 699 676 762 ad
733 699 1044 785 populum
1105 699 1186 763 de
1239 721 1312 763 ea
1361 721 1432 764 re
1488 699 1715 764 tulisse
1766 721 2066 777 narrans,
2124 725 2201 766 ac
2240 704 2477 768 certius

143 805 331 868 etiam
395 805 660 872 Hirtius
719 806 868 872 bell.
913 806 1082 872 Gall.
1127 806 1294 872 VIII
1310 855 1326 883 ,
1383 807 1465 872 53
1520 807 1901 872 Marcellum
1951 811 2281 875 consulem
2333 821 2478 876 ante

142 923 404 998 tempus
449 914 536 978 ad
581 925 874 979 senatum
917 916 997 980 de
1039 914 1340 981 Caesaris
1383 915 1733 1000 provinciis
1778 928 1999 980 contra
2036 918 2247 1004 legem
2282 918 2477 984 Pom-

140 1021 264 1105 peii
310 1033 380 1085 et
424 1018 673 1086 Crassi.
749 1019 1196 1109 Convenitque
1237 1046 1505 1109 prorsus
1542 1023 1779 1089 Dionis
1816 1026 2297 1094 accuratissima
2332 1051 2478 1092 nar-

141 1129 338 1206 rati0,
401 1129 518 1213 qui
564 1140 628 1194 et
668 1152 722 1195 c.
761 1131 840 1196 33
881 1131 1026 1197 libr.
1059 1131 1392 1198 XXXIX
1433 1143 1770 1216 antequam
1812 1132 2141 1198 Trebonia
2181 1136 2287 1199 lex
2329 1157 2479 1220 pro-

143 1237 576 1323 mulgaretur,
609 1239 906 1304 consules
934 1240 1110 1325 ipsos
1141 1241 1463 1326 recepisse
1496 1241 1709 1318 tradit,
1752 1263 1819 1306 se
1850 1242 2041 1308 etiam
2069 1241 2153 1306 de
2179 1240 2479 1308 Caesaris

143 1345 390 1410 honore
451 1346 728 1424 laturos,
799 1358 862 1412 et
919 1370 974 1414 c.
1027 1349 1112 1414 36
1177 1349 1444 1415 dimissa
1500 1371 1539 1411 a
1597 1348 1857 1413 tribuno
1918 1348 2126 1434 plebis
2186 1351 2479 1416 contione

145 1455 450 1518 consules
504 1477 736 1520 novam
793 1457 1152 1520 contionem
1213 1458 1501 1541 coegisse
1556 1479 1915 1542 novamque
1973 1457 2187 1542 legem
2244 1481 2479 1544 propo-

145 1563 384 1626 suisse.
452 1559 559 1626 Cf.
605 1563 798 1626 etiam
842 1563 1119 1649 Appian.
1165 1563 1313 1630 bell.
1359 1567 1480 1630 civ.
1506 1567 1595 1643 H,
1646 1567 1741 1632 18.
1816 1565 2003 1646 Quae
2048 1587 2195 1629 cum
2219 1566 2309 1631 ita
2330 1567 2479 1644 sint,

150 1670 426 1734 dubium
477 1670 686 1734 videri
731 1671 958 1748 debet,
1017 1696 1096 1737 an
1147 1675 1321 1758 apud
1371 1673 1636 1738 Livium
1682 1674 1833 1760 epit.
1884 1671 2042 1750 CV,
2090 1695 2129 1736 a
2172 1696 2300 1758 quo
2338 1675 2481 1740 loco

158 1801 348 1863 supra
396 1778 680 1864 profecti
735 1803 959 1845 sumus
977 1827 994 1856 ,
1051 1780 1386 1866 probanda
1435 1781 1521 1846 sit
1560 1781 1909 1846 auctoritas
1954 1781 2191 1845 veteris
2236 1782 2477 1848 codicis

161 1908 267 1962 ea,
331 1908 482 1969 quae
537 1899 691 1951 sunt
754 1888 1013 1952 Caesari
1065 1893 1281 1953 Gallia
1322 1899 1381 1950 et
1423 1891 1794 1965 Germania,
1860 1888 2205 1952 omittentis
2222 1935 2238 1964 ,
2294 1911 2480 1974 prae-

151 1995 372 2058 sertim
429 2019 582 2059 cum
640 2017 766 2058 non
809 1994 1051 2074 Gallia,
1113 1997 1231 2061 sed
1281 1994 1531 2060 Galliae
1572 1997 1989 2081 appellandae
2033 1997 2293 2062 fuerint.
2382 1997 2483 2064 Ita

146 2127 301 2169 sane
365 2103 632 2168 maximi
672 2103 848 2168 Livii
889 2127 1140 2169 errores
1185 2105 1562 2169 tollerentur
1606 2127 1725 2170 nec
1772 2104 2113 2188 quiequam
2156 2105 2478 2190 relinque-

139 2223 354 2287 retur,
417 2211 594 2296 quod
639 2233 766 2276 non
809 2213 996 2297 plane
1041 2224 1212 2278 esset
1255 2235 1500 2278 verum.
1584 2212 1753 2276 Nam
1796 2210 2063 2278 Catonis
2106 2211 2368 2294 quidem
2412 2213 2481 2276 in

140 2319 484 2386 Trebonia
526 2320 672 2405 lege
711 2341 870 2396 eam,
915 2321 996 2385 de
1034 2343 1166 2404 qua
1184 2321 1420 2386 Livius
1461 2321 1703 2397 scribit,
1747 2320 2181 2406 pertinaciam,
2221 2321 2289 2384 in
2326 2341 2481 2386 con-

143 2428 352 2494 sulari
405 2429 618 2494 nullas
677 2431 936 2494 omnino
978 2439 1192 2516 partes
1228 2429 1433 2494 fuisse
1478 2429 1713 2494 Dionis
1751 2427 2031 2493 narratio
2067 2427 2481 2493 demonstrat.

143 2535 284 2602 Sed
309 2536 539 2600 nescio
565 2546 774 2602 tamen
799 2560 926 2621 quo
947 2549 1134 2623 pacto
1155 2537 1664 2602 additamentum
1688 2537 1851 2602 illud
1870 2536 2221 2622 irrepserit,
2244 2536 2481 2621 quippe

149 2645 328 2730 quod
369 2645 585 2709 solum
629 2667 710 2709 ex
751 2646 1052 2710 omnibus
1093 2644 1424 2710 veteribus
1466 2646 1841 2710 auctoribus
1874 2643 2259 2710 Germaniae
2302 2666 2482 2708 men-

152 2754 392 2818 tionem
453 2753 646 2816 faciat
664 2800 681 2829 ,
740 2776 934 2837 quam
977 2754 1274 2817 traditam
1319 2775 1465 2818 esse
1509 2750 1772 2818 Caesari
1790 2801 1807 2830 ,
1862 2763 2179 2837 quatenus
2222 2751 2481 2816 omnino

169 2861 326 2922 tradi
361 2859 617 2946 potuit,
669 2861 807 2926 veri
855 2872 954 2926 est
1001 2862 1411 2926 simillimum.
1499 2861 1781 2926 Videtur
1824 2861 2026 2944 igitur
2068 2859 2133 2923 in
2178 2859 2483 2944 primario

157 2967 266 3032 fflo
307 2969 558 3044 codice,
603 2990 683 3032 ex
721 2991 850 3052 quo
891 2969 1120 3053 reliqui
1161 2979 1534 3046 manarunt,
1597 2969 1918 3055 copiosior
1964 2968 2166 3032 fuisse
2206 2965 2483 3032 narratio

153 3089 218 3142 et
261 3077 592 3142 excidisse
633 3077 878 3162 aliquid
921 3078 1112 3142 etiam
1150 3078 1214 3141 in
1257 3078 1695 3143 vetustissimo
1734 3077 1847 3162 qui
1882 3086 2054 3140 extat
2090 3075 2333 3141 codice.

323 3185 466 3250 Sed
519 3186 707 3269 quale
747 3186 944 3250 fuerit
985 3185 1149 3250 illud
1191 3185 1362 3270 quod
1408 3184 1731 3251 consulari
1770 3185 1917 3270 lege
1960 3180 2223 3250 Caesari
2264 3185 2486 3248 datum

148 3307 269 3373 est,
309 3293 571 3379 imperii
611 3293 884 3358 alterum
921 3293 1432 3376 quinquennium
1468 3315 1545 3357 ac
1578 3314 1715 3375 quo·
1740 3303 2025 3378 tempore
2066 3291 2485 3376 descriptum,

151 3423 555 3488 magnopere
595 3401 942 3486 quaeritur.
1024 3402 1164 3465 Iam
1204 3401 1368 3485 legis
1414 3401 1711 3466 Vatiniae
1756 3401 1929 3464 diem
1950 3447 1967 3476 ,
2017 3421 2145 3483 quo
2187 3397 2486 3484 superius

155 3510 672 3596 quinquennium
733 3509 954 3575 datum
1023 3519 1160 3573 erat
1178 3556 1194 3584 ,
1279 3509 1599 3594 incepisse
1663 3507 2007 3572 docuimus
2075 3531 2114 3570 a
2178 3502 2487 3570 Calendis

160 3618 452 3694 Martiis,
498 3628 572 3680 ut
617 3617 842 3682 exierit
887 3613 1026 3680 Cal.
1070 3615 1266 3680 Mart.
1308 3615 1458 3679 anni
1504 3615 1622 3679 54:
1687 3636 1885 3698 quare
1930 3636 2077 3678 cum
2122 3609 2486 3685 Caesarem,

179 3727 268 3790 cui
298 3727 494 3814 prius
527 3724 658 3790 lata
703 3725 784 3789 sit
831 3723 1190 3789 consularis
1235 3724 1341 3788 lex
1383 3744 1576 3806 quam
1620 3722 1881 3788 Vatinia
1926 3720 2185 3797 exierit,
2242 3727 2490 3784 constet

173 3833 321 3900 inter
365 3833 558 3921 prius
597 3843 661 3898 et
705 3834 872 3898 inter
911 3832 1182 3896 alterum
1229 3830 1739 3914 quinquennium
1784 3830 2031 3894 nullum
2068 3839 2323 3912 tempus
2372 3825 2489 3890 ha·-

169 3942 385 4010 buisse
435 3941 708 4027 imperio
757 3951 930 4006 certa
977 3940 1122 4025 lege
1165 3939 1315 4005 dato
1361 3961 1671 4013 vacuum,
1730 3938 1851 4002 tria
1886 3937 2153 4023 cogitari
2193 3944 2488 4022 possunt,

165 4065 272 4116 aut
325 4076 368 4116 a
424 4047 568 4114 Cal.
610 4049 806 4114 Mart.
863 4048 1014 4114 anni
1056 4048 1138 4113 54
1195 4059 1306 4113 aut
1359 4070 1398 4113 a
1447 4045 1589 4112 Cal.
1631 4047 1770 4110 Ian.
1828 4045 2121 4112 eiusdem
2170 4043 2321 4106 anni
2379 4051 2492 4104 aut

167 4159 446 4244 denique
496 4181 536 4222 a
579 4157 793 4242 priore
849 4156 1064 4242 aliquo
1127 4155 1234 4222 die
1291 4157 1565 4222 alterum
1614 4152 2121 4239 quinquennium
2182 4173 2325 4216 esse
2388 4148 2489 4212 in·-

169 4281 442 4354 ceptum.
531 4266 665 4330 Iam
709 4265 763 4330 si
804 4261 944 4330 Cal.
984 4265 1180 4330 Mart.
1225 4264 1377 4329 anni
1421 4265 1503 4330 54
1558 4264 1699 4328 eius
1753 4261 2006 4326 initium
2062 4259 2215 4332 erit,
2278 4255 2490 4322 exitus

173 4375 240 4440 in
279 4376 542 4442 easdem
583 4369 724 4437 Cal.
765 4373 914 4438 anni
956 4373 1036 4438 49
1079 4373 1354 4450 incidet,
1409 4393 1618 4456 neque
1665 4391 1743 4435 ea
1784 4393 1889 4434 res
1932 4369 2065 4432 ullo
2109 4376 2299 4452 pacto
2342 4385 2493 4430 cum

2046 4475 2087 4540 6
