2917 5017
711 304 792 352 De
829 303 1031 365 legibus
1071 302 1463 365 municipalibus
1506 302 1815 364 Hispanicis.
2306 296 2425 362 303

115 471 177 532 in
234 492 354 533 sua
407 476 719 552 potestate
773 466 1134 529 retinerent.
1224 463 1529 548 Longum
1580 476 1677 527 est
1720 474 1913 547 atque
1957 465 2181 530 inutile
2232 466 2425 527 huius

118 578 223 652 rei,
283 598 448 660 quae
502 574 566 637 in
621 574 764 657 ipsa
809 573 1250 657 imperatoriae
1293 572 1625 655 potestatis
1671 586 1897 637 natura
1942 588 2133 658 atque
2180 574 2427 658 origine

119 688 234 749 sita
277 696 396 760 est,
439 683 732 766 exempla
772 682 972 745 multa
1007 682 1264 743 afferre:
1329 702 1529 742 unum
1578 702 2022 758 commemoro,
2077 683 2249 765 quod
2298 682 2427 744 Ta-

119 794 280 856 citus
341 790 575 855 Annal.
620 791 738 860 VI,
785 790 824 853 3
874 801 1086 851 narrat
1135 788 1395 851 Iunium
1447 786 1809 851 Gallionem
1869 790 1933 851 in
1996 801 2218 854 senatu
2278 813 2430 855 cen-

119 902 348 975 suisse,
409 910 481 962 ut
525 896 909 983 praetoriani
958 896 1196 960 exactis
1243 896 1577 981 stipendiis
1636 896 1738 958 ius
1797 897 1860 958 in
1918 898 2429 980 quattuordecim

119 1006 452 1073 ordinibus
515 1005 782 1069 sedendi
841 1005 1220 1089 acciperent,
1275 1026 1465 1087 quem
1524 1003 1825 1068 Tiberius
1872 1006 2431 1068 vehementissime

115 1116 521 1199 increpitum,
569 1114 743 1198 quod
787 1114 1059 1177 militum
1118 1113 1398 1196 praemia
1449 1112 1535 1175 ad
1582 1135 1963 1195 quemquam
2009 1132 2261 1198 praeter
2312 1116 2432 1176 im-

119 1236 473 1309 peratorem
529 1222 846 1307 pertinere
899 1234 1206 1307 putasset,
1251 1220 1442 1284 exilio
1490 1220 1837 1284 durissimo
1878 1233 2067 1305 atque
2098 1222 2258 1285 adeo
2294 1222 2433 1283 vin-

119 1332 276 1395 culis
326 1331 628 1396 coercuit.
679 1329 814 1412 Qui
837 1331 1036 1415 igitur
1069 1341 1307 1393 tantam
1334 1351 1553 1391 curam
1584 1329 1867 1403 haberet,
1906 1352 1985 1391 ne
2014 1352 2201 1411 quem
2238 1329 2433 1391 alium

119 1440 238 1502 nisi
270 1439 722 1523 imperatorem
762 1438 993 1501 milites
1039 1448 1398 1521 spectarent
1439 1438 1913 1520 maiestatisque
1942 1439 2175 1501 crimen
2207 1438 2435 1522 depre-

119 1548 447 1622 henderet,
503 1549 558 1611 si
611 1548 756 1631 quis
799 1547 994 1632 paulo
1037 1545 1440 1611 ambitiosius
1490 1546 1719 1610 milites
1762 1547 1954 1610 modo
2006 1548 2436 1630 alloqueretur

121 1656 304 1737 (Tac.
351 1655 587 1719 Annal.
629 1655 752 1726 ΙΙΙ,
781 1655 872 1736 9),
922 1676 1067 1718 eum
1112 1653 1553 1717 existimamus
1610 1652 1995 1737 permisisse,
2046 1667 2114 1717 ut
2164 1654 2435 1717 militum

125 1764 442 1848 stipendia
497 1763 671 1847 apud
729 1773 1054 1827 senatores
1104 1761 1638 1838 examinarentur,
1686 1764 2209 1847 ponder-arentur,
2250 1785 2435 1846 prae-

122 1873 261 1935 miis
311 1870 770 1935 afficerentur?
855 1870 949 1934 At
987 1870 1398 1933 nominantur
1437 1872 1711 1935 fortasse
1752 1871 1953 1955 leges,
1998 1870 2233 1954 quibus
2276 1870 2433 1933 civi-

123 1991 311 2043 tatem
369 1978 775 2063 impertiebat
838 1978 1201 2063 imperator.
1303 1977 1641 2062 Nusquam
1706 1994 1769 2043 et
1831 1980 1911 2043 ab
1968 1980 2177 2052 nullo;
2240 1979 2435 2041 immo

125 2088 328 2152 Gaius
378 2087 432 2163 I,
479 2088 556 2153 57
617 2086 1180 2152 constitutionibus
1243 2088 1703 2172 principalibus
1768 2088 1855 2152 ait
1910 2089 2173 2151 concedi
2233 2088 2436 2150 solere

127 2196 444 2261 veteranis
491 2194 881 2259 connubium
919 2217 1066 2259 cum
1109 2193 1210 2259 his
1235 2194 1488 2260 Latinis
1531 2197 1991 2281 peregrinisve‚
2015 2219 2175 2279 quas
2203 2180 2436 2280 primas

125 2316 265 2389 post
325 2304 695 2367 missionem
753 2325 988 2367 uxores
1049 2302 1406 2379 duxissent,
1464 2327 1671 2388 neque
1732 2305 2197 2368 constitutionis
2254 2304 2437 2387 origo

127 2422 519 2495 quantopere
571 2434 609 2473 a
664 2411 806 2494 lege
865 2410 1134 2486 differat,
1192 2412 1556 2475 dissimulat
1608 2414 1687 2491 (I,
1728 2414 1827 2493 5):
1886 2412 2230 2497 diploma-ta
2286 2432 2438 2474 vero

129 2520 422 2583 militaria
451 2540 616 2602 quae
655 2518 927 2602 plurima
971 2530 1210 2595 extant,
1257 2522 1507 2584 nullum
1548 2520 1712 2605 legis
1760 2521 2099 2605 vestigium
2138 2521 2439 2604 produnt,

129 2627 190 2689 in
231 2627 476 2711 quibus
519 2624 816 2691 omnibus
877 2627 970 2691 sic
1015 2638 1148 2691 est:
1209 2628 1656 2713 imperatorem
1702 2630 1803 2693 his
1856 2642 1917 2693 et
1960 2630 2085 2692 illis
2128 2628 2439 2691 militibus

132 2736 449 2799 civitatem
479 2735 835 2800 Romanam
887 2747 950 2799 et
989 2736 1382 2800 connubium
1429 2736 1711 2812 dedisse,
1744 2738 1847 2801 vel
1876 2737 2183 2801 similiter.
2244 2735 2441 2815 Quod

129 2844 324 2928 igitur
383 2843 552 2927 legis
612 2842 921 2907 indicium
963 2844 1271 2907 affertur?
1345 2843 1631 2920 Nullum,
1688 2846 1813 2909 nisi
1864 2846 2005 2920 hoc,
2059 2845 2235 2928 quod
2288 2867 2441 2908 con·—

131 2953 374 3015 suerint
430 2951 496 3013 in
559 2974 703 3016 aere
756 2952 1018 3017 inscribi
1085 2974 1160 3016 ac
1207 2950 1465 3037 publice
1520 2953 1588 3016 in
1653 2950 1969 3037 Capitolio
2020 2954 2122 3015 vel
2176 2952 2241 3015 in
2302 2953 2442 3015 foro

131 3059 419 3145 proponi.
499 3057 593 3123 At
641 3059 900 3145 publice
959 3059 1483 3145 proponebantur
1524 3060 1867 3145 aliquando
1914 3063 2100 3125 etiam
2150 3070 2443 3123 senatus·-

134 3169 445 3243 consulta,
495 3170 549 3233 si
595 3170 666 3233 id
707 3169 790 3233 ad
833 3168 1141 3231 honorem
1185 3168 1345 3243 eius,
1393 3168 1473 3232 de
1508 3190 1637 3251 quo
1680 3169 1849 3234 facta
1885 3180 2117 3244 essent,
2166 3168 2445 3253 pertine-

133 3292 222 3339 ret
280 3276 475 3358 (Tac.
526 3274 703 3340 Ann.
749 3276 913 3351 XII,
969 3276 1115 3358 53);
1179 3298 1326 3339 nam
1381 3275 1685 3358 pleraque
1748 3276 1813 3338 in
1866 3279 2105 3341 aerario
2163 3278 2447 3361 depone-

135 3381 398 3447 bantur:
459 3383 684 3467 quidni
729 3383 931 3468 igitur
974 3406 1084 3448 eae
1128 3382 1638 3457 constitutiones,
1682 3406 1763 3447 ex
1818 3384 2054 3466 quibus
2100 3386 2447 3448 multorum

135 3490 468 3555 hominum
516 3501 720 3555 status
780 3493 1109 3574 penderet,
1162 3491 1252 3555 ita
1302 3490 1368 3553 in
1411 3512 1557 3555 aere
1606 3490 1977 3574 figerentur,
2031 3504 2101 3555 ut
2147 3492 2331 3555 facile
2388 3501 2450 3553 et

137 3599 414 3663 describi
457 3609 519 3664 et
562 3600 937 3685 recognosci
965 3600 1274 3685 possent?
1339 3598 1503 3661 Mihi
1546 3597 1799 3681 quidem
1846 3598 1985 3682 ipse
2028 3602 2213 3661 etiam
2243 3599 2449 3673 locus,

139 3729 257 3788 quo
297 3704 690 3792 figebantur,
742 3707 1103 3793 significare
1147 3706 1406 3769 videtur
1447 3729 1576 3770 non
1619 3706 1819 3770 fuisse
1865 3707 2005 3771 illas
2038 3708 2257 3792 leges3
2304 3730 2451 3769 nam

141 3814 249 3879 hae
307 3814 576 3898 antiquo
633 3838 807 3881 more
865 3840 904 3879 a
961 3815 1408 3900 quaestoribus
1464 3814 1639 3899 apud
1684 3815 1999 3879 aerarium
2047 3815 2235 3879 condi
2286 3814 2452 3877 sole·-

144 3920 284 3987 bant
315 3921 506 4001 (Tac.
541 3923 775 3987 Annal.
799 3924 920 3998 ΙΙΙ,
952 3925 1082 4008 51),
1128 3923 1269 3987 illas
1311 3923 1376 3986 in
1417 3922 1670 4006 templis
1704 3924 2056 4007 propositas
2099 3946 2239 3987 esse
2269 3921 2453 3985 novi-

146 4052 298 4095 mus.
374 4027 510 4093 Sed
553 4032 851 4115 persequi
887 4032 954 4095 id
996 4032 1294 4117 pluribus
1338 4030 1563 4093 inutile
1606 4040 1737 4104 est3
1784 4032 1836 4095 si
1862 4032 2123 4113 quidem
2150 4052 2455 4117 apparere

149 4138 387 4220 opinor,
431 4137 746 4202 militibus
785 4140 1046 4222 quidem
1095 4161 1420 4222 nunquam
1468 4140 1613 4223 lege
1658 4138 1784 4203 lata
1836 4139 1917 4203 ab
1962 4137 2453 4227 imperatoribus

153 4244 448 4309 evitatem
499 4268 642 4311 esse
687 4246 1010 4323 donatam,
1058 4247 1171 4311 sed
1213 4246 1576 4331 diplomatis
1614 4268 1723 4309 eos
1762 4269 1915 4311 usos
1958 4270 2119 4321 esse,
2146 4269 2309 4330 quae
2340 4246 2444 4309 sui

150 4363 392 4419 tantum
459 4352 751 4419 beneficii
817 4368 1050 4423 essent.
1118 4356 1342 4439 Itaque
1403 4352 1705 4439 Caligula
1756 4356 2120 4439 aliquando,
2176 4368 2248 4419 ut
2304 4378 2457 4419 con-
