2917 5017
807 330 890 380 De
939 329 1108 382 Gallia
1144 332 1497 384 Romanorum
1546 335 1821 400 provincia.
2350 337 2467 402 125

115 486 436 576 Augusti
486 503 643 571 erat,
687 518 811 562 nee
854 498 1060 584 magis
1103 521 1272 564 anno
1329 500 1399 566 12
1441 523 1507 586 p.
1547 498 1725 578 Chr„
1766 523 1897 586 quo
1938 512 2001 566 et
2044 499 2469 569 Germanicus

119 599 558 666 consulatum
610 602 856 670 Romae
917 607 1166 693 peregit
1227 619 1290 672 et
1330 608 1635 674 Tiberius
1688 633 1768 674 ex
1810 611 2161 675 Pannoniis
2206 611 2468 678 Delma·

117 707 352 793 tisque
400 709 848 797 triumphavit.
925 714 1106 796 Quid
1150 715 1320 782 enim
1363 718 1671 784 attinebat
1697 719 1762 782 in
1798 740 1999 782 unum
2037 741 2275 783 annum
2308 717 2469 784 Gal-

115 817 242 882 lias
291 817 545 902 legatis
587 820 859 899 tradere,
909 845 1072 908 quas
1116 837 1180 889 et
1222 825 1599 892 absentibus
1644 825 1905 893 Tiberio
1950 838 2015 892 et
2058 825 2469 903 Germanice,

115 948 278 991 cum
325 928 562 992 nullus
603 941 758 995 tune
803 955 842 996 a
881 930 1172 999 barbaris
1219 945 1430 1000 metus
1474 945 1663 1012 esset,
1714 936 1867 1001 satis
1908 947 2078 1002 recte
2120 934 2203 1000 ab
2246 957 2469 1000 eorum

115 1036 370 1122 legatis
419 1036 698 1104 obtineri
735 1040 928 1104 sciret
969 1053 1033 1105 et
1070 1045 1358 1128 proxime
1401 1053 1563 1107 totas
1604 1041 1997 1109 Germanico·
2026 1045 2275 1110 tradere
2314 1067 2469 1108 eon-

117 1143 512 1210 stituisset?
595 1146 914 1214 Nimirum
977 1161 1204 1216 exacto
1263 1151 1603 1216 consulatu
1656 1150 2114 1218 Germanicum
2174 1175 2341 1218 anno
2392 1153 2467 1217 13

119 1276 180 1338 p.
223 1252 404 1318 Chr.
466 1253 537 1319 iu
583 1253 830 1322 Gallias
881 1258 1152 1323 missum
1195 1281 1340 1324 esse
1388 1283 1469 1324 ex
1516 1260 1871 1324 certissimo
1916 1258 2207 1326 Suetonii
2256 1259 2467 1346 Calig.

123 1385 176 1426 c.
221 1364 267 1429 8
335 1364 708 1429 testimonio
766 1378 1034 1432 constat.
1124 1367 1245 1432 Illo
1299 1369 1468 1432 enim
1524 1390 1689 1432 anno
1732 1369 2077 1454 Augustus
2142 1391 2289 1433 cum
2329 1369 2468 1454 ipse

123 1471 490 1558 imperium
519 1473 814 1556 quintum
845 1476 912 1538 in
938 1476 1164 1541 decem
1195 1499 1396 1542 annos
1423 1476 1837 1562 suscepisset,
1880 1477 2233 1553 Tiberium,
2274 1499 2468 1560 quem

123 1581 254 1644 iam
302 1591 504 1645 antea
542 1580 886 1649 tribunicia
927 1594 1241 1669 potestate
1281 1595 1342 1650 et
1373 1585 1815 1670 proconsulari
1845 1586 2111 1673 imperio
2139 1597 2199 1649 et
2228 1607 2469 1661 earum,

131 1713 302 1773 quas
345 1690 498 1775 ipse
540 1690 824 1768 haberet,
863 1703 928 1758 et
961 1694 1421 1758 senatoriarum
1452 1693 1928 1780 provinciarum
1956 1705 2231 1769 ornarat,
2276 1715 2471 1778 supra

39 1862 41 1879 ἶ
142 1795 525 1867 Germanici
568 1811 946 1885 potestatem
992 1802 1228 1867 elatum
1272 1803 1394 1867 sibi
1438 1803 1562 1888 ipsi
1607 1825 1872 1886 prorsus
1914 1803 2232 1887 aequavit.
2322 1802 2469 1865 Hoc

39 1972 41 1975 ,
135 1916 270 1982 est,
341 1906 530 1990 quod
591 1906 748 1972 Tac.
810 1909 1045 1975 Annal.
1088 1911 1157 1987 I,
1217 1911 1254 1976 3
1315 1911 1406 1975 ait
1460 1910 1795 1976 Tiberium
1852 1909 2165 1996 collegam
2220 1909 2471 1994 imperii

125 2025 548 2100 assumptum
605 2037 780 2092 esse,
841 2028 904 2081 et
947 2015 1126 2084 Suet.
1168 2018 1315 2083 Tib.
1361 2041 1416 2083 e.
1457 2019 1531 2084 21
1598 2041 1675 2080 ac
1728 2041 1857 2081 non
1912 2023 2107 2082 multo
2160 2029 2299 2099 post
2340 2021 2471 2098 lege

111 2146 238 2204 per
293 2128 578 2187 consules
615 2129 770 2198 lata,
812 2137 888 2188 ut
917 2131 1276 2208 provincias
1317 2151 1456 2190 cum
1506 2131 1786 2210 Augusto
1826 2132 2233 2190 communiter
2274 2130 2470 2190 admi-

119 2239 466 2308 nistraret,
511 2242 577 2296 et
614 2234 988 2320 plenissime
1026 2235 1196 2300 Vell.
1238 2237 1328 2311 II,
1383 2236 1487 2300 121
1539 2246 1600 2297 et
1642 2246 1891 2299 senatus
1923 2239 2305 2317 populusque
2349 2239 2468 2299 Ro-

121 2363 390 2417 manus,
430 2346 788 2424 postulante
826 2353 1012 2424 patre
1055 2349 1201 2422 eius,
1247 2355 1322 2407 ut
1365 2365 1629 2424 aequum
1664 2347 1725 2406 ei
1750 2348 1849 2405 ius
1890 2347 1961 2406 in
2006 2345 2285 2406 omnibus
2321 2365 2467 2424 pro-

39 2439 42 2527 ,-
120 2455 364 2514 vincit’s
405 2451 886 2532 eaercz'tibusque
921 2461 1069 2514 esset
1103 2475 1289 2534 quam
1322 2461 1460 2514 erat
1484 2453 1621 2531 apsi,
1662 2453 1897 2514 decreto
1929 2455 2277 2531 complexus
2304 2463 2467 2518 esset.

39 2552 41 2555 ’
124 2558 380 2644 Longe
441 2557 602 2623 haec
661 2569 942 2644 potestas
1008 2561 1302 2646 superior
1363 2568 1500 2624 erat
1557 2571 1749 2644 atque
1810 2569 1873 2624 et
1921 2559 2225 2625 Tiberius
2285 2571 2471 2624 antea

39 2663 43 2741 J
129 2667 462 2732 habuerat
519 2676 582 2731 et
622 2665 1052 2733 Germanicus
1110 2669 1374 2754 accepit.
1466 2668 1597 2732 Hic
1638 2668 1807 2732 enim
1860 2669 1979 2732 etsi
2023 2668 2171 2753 plus
2214 2667 2469 2733 valebat

39 2766 45 2863 J
143 2797 332 2858 quam
393 2773 528 2859 qui'
571 2775 804 2859 cuique
859 2776 1225 2862 provinciae
1288 2775 1392 2841 vel
1443 2797 1485 2838 a
1540 2785 1763 2840 senatu
1808 2775 1911 2839 vel
1958 2773 2041 2839 ab
2084 2775 2467 2860 imperatore

153 2882 386 2948 missus
429 2893 753 2967 praeerat,
805 2904 932 2947 non
955 2885 1170 2948 minus
1195 2895 1406 2949 tamen
1431 2884 1569 2969 ipse
1602 2893 1736 2948 erat
1763 2883 2160 2968 imperatoris
2192 2882 2467 2968 legatus,

147 2992 448 3056 mandata
503 2991 586 3054 ab
641 3013 716 3056 eo
767 2991 1151 3078 accipiebat,
1221 2992 1497 3076 denique
1546 2991 1603 3056 ei
1648 2991 1927 3076 parebat.
2024 2990 2115 3054 At
2159 2988 2463 3053 Tiberius

138 3101 476 3185 deinceps,
521 3099 672 3183 quia
719 3100 966 3186 collega
1005 3101 1254 3192 imperii
1297 3113 1451 3176 erat,
1496 3100 1921 3165 communiter
1962 3121 2111 3163 eum
2156 3097 2465 3184 Augusto

137 3208 450 3274 mandata
504 3208 700 3273 dabat
748 3209 988 3293 quique
1039 3209 1430 3274 exercitibus
1482 3217 1850 3295 praeerant,
1912 3208 2040 3272 iam
2080 3209 2275 3295 legati
2319 3210 2467 3273 Au-

140 3315 320 3401 gusti
377 3325 444 3379 et
492 3315 740 3380 Tiberii
791 3317 911 3380 rite
961 3316 1479 3402 appellabantur,
1542 3339 1661 3382 nee
1710 3317 1763 3381 si
1818 3316 1930 3402 qui
1988 3317 2079 3382 ita
2142 3318 2465 3394 dicuntur,

140 3446 414 3490 necesse
469 3435 568 3488 est
621 3423 812 3488 etiam
861 3435 1010 3509 post
1063 3410 1330 3489 mortem
1375 3427 1662 3510 Augusti
1717 3426 2081 3511 provincias
2126 3425 2467 3501 tenuerint,

148 3534 256 3598 sed
319 3533 468 3618 ipso
526 3554 691 3596 anno
740 3532 814 3595 13
867 3531 991 3596 hoc
1043 3533 1401 3618 legitimum
1453 3555 1676 3598 eorum
1722 3546 1857 3599 erat
1900 3555 2156 3598 nomen.
2247 3533 2467 3615 Quare

153 3639 218 3706 C.
261 3641 678 3706 Ummidium
721 3639 1161 3722 Quadratum,
1206 3644 1318 3726 qui
1363 3643 1537 3727 apud
1584 3643 1967 3707 Mommsen.
2014 3641 2217 3706 Inscr.
2263 3639 2323 3704 N
2326 3663 2467 3724 eap.

159 3772 204 3813 n.
243 3749 422 3816 4234
481 3760 786 3833 quaestor
835 3748 969 3812 divi
1024 3749 1314 3836 Augusti
1363 3762 1426 3814 et
1478 3750 1581 3816 Ti.
1620 3747 1921 3817 Caesaris
1964 3751 2141 3835 Aug.
2188 3749 2467 3835 appella-

153 3867 278 3936 tur,
342 3877 474 3921 non
511 3879 774 3922 necesse
817 3867 916 3922 est
959 3879 1125 3922 anno
1177 3858 1249 3922 14
1299 3869 1710 3942 quaesturam
1755 3859 2075 3944 gessisse,
2136 3856 2250 3920 sed
2294 3868 2467 3920 reete

149 3965 401 4032 etiamsi
429 3987 597 4030 anno
627 3966 698 4030 13
727 3974 974 4030 tantum
1001 3967 1334 4050 gessisset,
1369 3967 1458 4032 ita
1482 3967 1925 4053 appellaretur.
1992 3965 2273 4030 Prorsus
2300 3964 2469 4028 enim

151 4075 356 4140 simile
402 4084 504 4140 est
542 4074 617 4139 P.
660 4073 1034 4139 Dolabellae
1079 4075 1467 4161 exemplum,
1502 4075 1676 4159 quod
1716 4096 1911 4159 supra
1945 4097 2006 4158 p.
2052 4073 2169 4137 114
2204 4073 2469 4137 allatum

153 4194 266 4247 est.
417 4181 571 4264 Qua
646 4182 890 4247 ratione
969 4205 1118 4246 cum
1195 4183 1543 4269 Augustus
1616 4181 1951 4246 Tiberium
2028 4201 2245 4244 secum
2325 4181 2469 4264 ipso

155 4299 610 4376 exaequasset,
669 4291 878 4357 eidem
925 4289 1382 4356 Germanicum
1427 4291 1765 4377 opposuit,
1816 4288 1885 4353 id
1930 4289 2106 4373 quod
2148 4287 2471 4373 significat

156 4399 305 4464 Tac.
351 4399 587 4464 Annal.
624 4400 678 4477 Ι,
722 4401 781 4477 3,
825 4409 917 4476 ut,
961 4399 1208 4463 etiamsi
1247 4399 1507 4464 aliunde
1549 4399 1630 4463 de
1670 4419 1869 4474 anno,
1909 4419 2039 4482 quo
2084 4396 2192 4460 hic
2234 4393 2467 4462 Galliis
