2917 5017
834 320 915 367 De
958 318 1129 368 Gallia
1162 320 1510 369 Romanorum
1558 320 1832 382 provincia.
2404 314 2486 379 73

164 490 459 565 tempore
506 482 807 546 consules
856 481 922 545 in
974 480 1311 545 consulatu
1365 480 1509 564 ipso
1527 526 1571 555 ,.
1613 476 1946 545 Ciceronis
1995 491 2200 545 aetate
2261 491 2488 545 exacto

160 589 551 672 magistratu
576 589 644 652 in
670 589 1031 675 provincias
1060 590 1375 673 profectos
1400 611 1544 653 esse
1573 600 1840 665 constet,
1867 611 2108 653 annum
2131 589 2210 654 74
2232 612 2287 653 a.
2303 585 2487 665 Chr„

157 717 294 779 quo
336 697 433 760 M.
476 698 796 761 Lucullus
850 709 915 761 et
959 696 1053 760 M.
1096 693 1289 760 Cotta
1348 698 1648 761 consules
1703 697 1998 773 fuerunt,
2055 720 2170 782 pro
2215 696 2488 761 termino

154 804 453 887 quodam
490 806 695 870 fuisse
742 816 1062 880 statuunt,
1120 827 1199 867 ex
1255 826 1385 888 quo
1437 805 1810 869 consulatus
1871 805 2034 869 ratio
2091 816 2338 870 mutata
2383 804 2486 880 sit,

152 924 337 975 certe
386 912 624 977 falsum
668 926 785 989 est,
826 936 947 979 nee
990 913 1313 997 quomodo
1350 926 1459 977 aut
1506 934 1706 997 quare
1741 914 1980 977 factum
2025 913 2129 989 sit,
2177 912 2486 999 explicari

148 1030 397 1103 potest.
484 1020 671 1097 Nam,
716 1031 789 1085 ut
832 1044 1032 1085 unum
1080 1021 1447 1105 exemplum
1491 1020 1788 1097 afferam,
1849 1022 1934 1103 Q.
1981 1021 2320 1086 Metellum
2357 1016 2488 1083 Ce-

150 1128 385 1203 lerem,
434 1150 568 1192 cos.
614 1130 764 1194 anni
805 1130 906 1206 60,
952 1152 1151 1215 supra
1186 1130 1562 1193 certissimis
1610 1130 1992 1194 testimoniis
2037 1129 2376 1194 docuimus
2419 1128 2488 1191 in

154 1236 299 1321 ipso
342 1237 725 1301 consulatus
764 1260 931 1301 anno
993 1238 1061 1300 in
1100 1237 1498 1321 provinciam
1559 1236 1684 1302 sibi
1733 1237 2056 1301 decretam
2108 1238 2284 1301 exire
2333 1260 2484 1301 cum

158 1344 381 1421 vellet,
428 1344 827 1430 prohibitum
874 1366 1017 1410 esse
1060 1368 1099 1409 a
1142 1346 1395 1411 tribuno
1434 1345 1664 1429 plebis.
1719 1344 1853 1409 Sed
1891 1359 2038 1432 post
2076 1344 2242 1409 hanc
2278 1344 2492 1431 legem

159 1452 505 1518 Vatiniam
556 1476 743 1517 nemo
800 1454 1140 1520 consulum
1195 1464 1339 1518 ante
1398 1467 1697 1517 exactum
1741 1454 2187 1539 magistratum
2229 1452 2492 1538 provin-

159 1561 329 1625 ciam
393 1572 725 1625 externam
776 1560 955 1625 adiit.
1055 1561 1275 1644 Quare
1338 1572 1514 1626 recte
1585 1584 1852 1647 prorsus
1910 1560 2139 1627 Cicero
2203 1561 2286 1625 de
2359 1566 2488 1625 nat.

164 1669 342 1733 deor.
389 1669 479 1744 II,
524 1669 583 1745 3,
626 1670 664 1733 9
716 1669 883 1735 bella
924 1670 1014 1733 ait
1056 1669 1137 1735 ab
1186 1670 1466 1761 ducibus
1516 1670 1656 1755 geri
1705 1670 1940 1755 incipi,
2003 1693 2148 1734 cum
2195 1669 2490 1755 auspicia

172 1778 519 1862 posuerint,
560 1788 623 1841 et
664 1777 797 1841 Dio
823 1774 1009 1843 Cass.
1032 1779 1250 1855 XLV,
1298 1779 1379 1843 20
1416 1778 1512 1841 M.
1555 1778 1840 1842 Antonio
1881 1776 2256 1862 exprobrari
2305 1777 2486 1851 facit,

180 1886 363 1969 quod
410 1886 771 1950 consulatus
814 1886 913 1949 sui
956 1901 1237 1971 tempore
1289 1884 1514 1950 urbem
1557 1886 1922 1969 reliquerit,
1977 1908 2106 1969 qua
2155 1884 2223 1948 in
2265 1908 2334 1947 re
2375 1885 2484 1949 ille

164 2016 289 2056 non
362 1993 829 2078 negligentiam
900 1993 1091 2057 modo
1157 2016 1453 2078 magnam
1529 1992 1823 2078 publicae
1893 1993 2119 2058 salutis
2189 1992 2490 2068 ostendit,

158 2124 397 2165 verum
456 2102 647 2165 etiam
702 2101 881 2185 leges
932 2101 1215 2166 viola-vit.
1300 2102 1439 2165 Nec
1493 2101 1670 2184 quod
1709 2102 1804 2165 M.
1853 2098 2134 2166 Crassus
2189 2123 2356 2165 anno
2411 2101 2490 2165 55

156 2209 543 2273 consulatus
600 2210 703 2273 sui
765 2230 983 2273 mense
1036 2222 1322 2273 extremo
1374 2209 1441 2272 in
1501 2210 1896 2293 provinciam
1957 2209 2112 2274 abiit
2173 2206 2357 2295 (Cic.
2409 2209 2493 2273 ad

158 2323 296 2384 Att.
320 2318 446 2394 IV,
480 2318 611 2402 13),
657 2318 1033 2382 sententiam
1074 2330 1359 2382 nostram
1396 2318 1632 2383 refellit
1643 2341 1660 2394 3
1707 2341 1852 2382 nam
1895 2328 1958 2381 et
2001 2318 2491 2405 vituperabatur

156 2427 259 2491 ille
314 2437 667 2512 propterea
728 2438 792 2491 et
854 2427 919 2489 in
970 2425 1155 2491 Italia
1224 2438 1395 2491 certe
1452 2427 1900 2512 magistratum
1962 2448 2152 2490 suum
2194 2425 2494 2511 exegisse

160 2534 435 2599 videtur
476 2545 539 2598 et
579 2534 1033 2619 longissimum
1090 2534 1369 2618 denique
1430 2534 1498 2598 in
1551 2534 1948 2619 provinciam
2004 2534 2128 2597 iter
2177 2532 2490 2609 habebat3

164 2666 329 2709 anno
378 2664 541 2706 vero
582 2642 661 2707 43
702 2642 757 2707 si
800 2643 1017 2706 Pansa
1052 2654 1114 2705 et
1152 2642 1409 2706 Hirtius
1444 2642 1514 2704 in
1555 2643 1697 2728 ipso
1741 2642 2080 2705 consulatu
2115 2641 2184 2704 in
2227 2640 2493 2725 provin-

171 2752 295 2815 cias
338 2761 798 2836 properarunt,
844 2760 906 2813 et
945 2749 1009 2811 in
1050 2748 1194 2832 ipsa
1234 2749 1415 2813 Italia
1452 2772 1528 2814 ac
1571 2772 1766 2835 prope
1805 2749 2030 2814 urbem
2076 2748 2319 2814 bellum
2355 2759 2490 2814 erat

188 2870 249 2921 et
284 2858 631 2923 exercitum
672 2855 991 2922 habebant
1036 2858 1332 2922 consules
1376 2871 1439 2921 et
1484 2858 1762 2943 denique
1805 2857 1992 2921 facile
2037 2869 2296 2921 senatus
2334 2878 2488 2921 eon-

178 2966 359 3031 sultis
402 2964 905 3031 excusabantur.

336 3074 481 3139 Sed
523 3074 647 3139 hoc
694 3073 955 3157 quidem
997 3071 1283 3137 indicare
1330 3075 1538 3159 magis
1582 3097 1772 3160 quam
1813 3073 2135 3159 explicare
2178 3074 2300 3138 hoc
2348 3072 2492 3137 loco

158 3184 551 3259 statuimus;
613 3182 775 3246 illud
840 3192 1054 3245 autem
1105 3181 1467 3265 quaeritur,
1531 3184 1710 3267 quod
1772 3182 2286 3268 quinquennium
2346 3180 2494 3265 lege

156 3291 435 3358 Vatinia
481 3287 745 3356 Caesari
790 3290 1012 3354 datum
1056 3301 1153 3354 est
1172 3335 1189 3364 ‚
1250 3290 1437 3373 quale
1482 3291 1678 3354 fuerit
1729 3303 1920 3377 atque
1963 3293 2140 3357 unde
2193 3288 2494 3374 eoeperit.

162 3398 437 3465 Certam
482 3421 559 3463 ea
598 3398 679 3462 de
722 3420 791 3461 re
838 3396 1369 3483 significationem
1414 3398 1608 3463 habet
1651 3396 1884 3464 Cicero
1948 3399 2030 3465 de
2081 3421 2264 3485 prov.
2318 3418 2494 3474 cons.

164 3532 217 3572 c.
270 3509 385 3583 15,
428 3528 563 3591 quo
605 3506 747 3569 loco
790 3505 979 3581 dicit,
1020 3528 1059 3569 a
1096 3504 1487 3589 quibusdam
1535 3507 1690 3571 viris
1736 3508 2106 3572 clarissimis
2149 3504 2497 3571 sententias

175 3616 373 3681 dictas
436 3636 613 3689 esse,
680 3623 754 3677 ut
812 3634 895 3677 ex
941 3612 1086 3697 lege
1130 3609 1514 3697 Sempronia
1555 3614 1932 3680 consulibus
1995 3614 2061 3677 in
2111 3635 2352 3677 annum
2411 3612 2492 3677 55

193 3722 598 3811 designandis
658 3734 771 3786 aut
824 3720 1091 3785 ulterior
1142 3719 1358 3787 Gallia
1418 3744 1568 3787 cum
1623 3720 1816 3806 Syria
1873 3731 1985 3787 aut
2037 3721 2292 3786 citerior
2339 3720 2495 3785 item

186 3853 315 3896 cum
354 3831 559 3917 Syria
601 3830 1074 3895 decerneretur.
1124 3828 1267 3895 Has
1310 3830 1423 3915 qui
1470 3830 1796 3907 decernat,
1839 3832 1922 3897 de
1969 3854 2045 3897 eo
2085 3831 2243 3895 haec
2271 3828 2495 3894 habet:

174 3946 351 4004 Alter
396 3942 548 4003 belli
592 3942 829 4001 Gallici
868 3943 1173 4001 rationem
1213 3939 1389 4001 habet
1443 3938 1515 4021 (i.
1561 3960 1616 4003 e.
1661 3938 1968 4024 relinquit
2012 3936 2276 4003 Caesari
2329 3936 2388 4001 Ν
2393 3958 2497 4002 ar·

171 4047 525 4114 bonensem
588 4044 867 4111 Galliam
884 4092 903 4122 ‚
974 4067 1055 4110 ex
1116 4067 1245 4130 qua
1302 4047 1439 4111 sola
1492 4045 1735 4113 bellum
1797 4069 1946 4111 cum
2006 4044 2297 4111 barbaris
2358 4045 2498 4129 geri

174 4161 495 4242 poterat),
542 4156 852 4235 fungitur
892 4156 1109 4235 officio
1152 4155 1298 4217 bom·
1331 4161 1634 4218 senatoris
1675 4156 1756 4237 (i.
1805 4176 1860 4218 e.
1905 4176 2044 4219 eam
2091 4152 2499 4240 potissimum

172 4264 573 4351 provinciam
609 4261 822 4347 eripit,
868 4282 1034 4348 quae
1080 4261 1285 4327 invito
1331 4272 1558 4327 senatu
1588 4259 1852 4329 Caesari
1895 4262 2123 4349 populi
2162 4259 2322 4325 scito
2369 4271 2496 4325 tra-

176 4374 305 4437 dita
341 4386 500 4450 erat,
544 4369 853 4454 relinquit
898 4390 1059 4446 eam,
1110 4390 1306 4454 quam
1350 4382 1613 4436 senatus
1659 4370 1800 4457 ipse
1847 4369 2249 4452 addiderat),
2305 4375 2495 4453 legem
