2917 5017
433 319 515 385 74
1074 322 1156 371 De
1194 319 1363 371 Gallia
1401 322 1753 371 Romanorum
1805 320 2080 385 provincia.

431 510 617 569 quam
658 508 784 548 non
818 496 1011 568 putat
1028 534 1045 562 ,
1104 509 1237 548 eam
1280 506 1514 568 quoque
1567 494 1802 559 servan
1849 488 2155 568 praefinit
2203 490 2364 549 enim
2420 489 2758 551 successori

434 598 609 659 diem.
698 598 829 667 Quo
884 598 1040 657 mihi
1069 596 1235 657 nihil
1274 596 1522 656 videtur
1565 597 1833 656 alienius
1873 618 1914 655 a
1957 596 2261 675 dignitato
2304 598 2758 677 disciplinaque

432 708 737 766 maiorum
754 754 770 779 ‚
830 726 1015 783 quam
1074 713 1151 765 ut
1197 706 1307 783 qui
1356 704 1576 763 consul
1623 704 1922 765 Kalendis
1977 705 2292 765 Ianuariis
2344 706 2564 767 habere
2594 726 2758 785 pro-

431 814 701 873 vinciam
756 811 948 887 debet,
1003 815 1055 872 is
1110 820 1183 873 ut
1232 832 1367 873 eam
1424 812 1778 890 desponsam
1799 859 1814 885 ‚
1880 832 2007 871 non
2063 812 2364 873 decretam
2403 812 2626 874 habere
2667 814 2760 872 vi-

432 920 671 983 deatur.
738 922 955 981 Fuerit
996 927 1121 980 toto
1160 920 1229 978 in
1272 921 1602 979 consulatu
1634 921 1764 979 sine
1794 922 2144 998 provincia,
2189 922 2296 981 cui
2313 921 2536 1001 fuerit
2578 928 2762 981 ante-

431 1047 615 1105 quam
644 1028 998 1107 designatus
1028 1035 1191 1102 esset,
1222 1028 1550 1106 provincia
1593 1026 1878 1087 decreta?
1917 1028 2232 1088 Sortietur
2277 1050 2362 1089 an
2392 1050 2520 1091 non
2533 1033 2568 1093 ἒ
2603 1048 2760 1089 nam

431 1143 494 1195 et
531 1155 657 1195 non
700 1138 917 1197 sortiri
940 1134 1271 1196 absurdum
1308 1142 1397 1195 est
1431 1142 1494 1195 et
1532 1134 1697 1213 quod
1732 1135 1985 1193 sortitus
2019 1137 2118 1209 sis,
2161 1157 2288 1197 non
2313 1134 2551 1198 habero.
2608 1137 2760 1196 Pro-

413 1246 739 1322 ficiscetur
773 1244 1166 1323 paludatus?
1227 1244 1403 1313 Quo?
1467 1262 1584 1321 quo
1616 1244 1938 1323 pervenire
1973 1252 2120 1305 ante
2155 1254 2386 1305 certam
2431 1246 2591 1306 diem
2627 1265 2756 1305 non

431 1351 649 1413 licebit.
720 1354 1036 1429 Ianuario,
1075 1351 1411 1413 Februario
1447 1354 1840 1431 provinciam
1877 1372 2006 1413 non
2048 1351 2302 1427 habebit,
2349 1353 2664 1414 Kalendis
2703 1356 2763 1412 ei

432 1460 688 1538 denique
710 1458 971 1521 Martiis
1000 1468 1291 1521 nascetur
1331 1468 1576 1539 repente
1610 1462 1952 1539 provincia.
2010 1458 2260 1544 Legem
2288 1480 2484 1543 quam
2514 1454 2750 1523 Cicero

434 1565 515 1630 ab
547 1588 647 1642 ec,
694 1566 805 1651 qui
851 1566 1215 1631 ulteriorem
1244 1564 1526 1631 Galliam
1551 1566 1871 1642 decernat,
1912 1566 2152 1630 servari
2193 1566 2299 1643 ait,
2339 1586 2610 1631 necesse
2655 1577 2756 1631 est

434 1695 577 1739 esse
619 1673 805 1751 hanc,
850 1674 931 1738 de
975 1697 1103 1759 qua
1152 1674 1542 1759 quaerimus,
1588 1673 1932 1749 Vatiniam,
1969 1694 2134 1757 quae
2177 1674 2598 1759 optimatibus
2647 1696 2763 1760 per

435 1781 565 1845 vim
610 1782 739 1846 lata
778 1792 967 1868 atque
1009 1783 1191 1847 irrita
1232 1804 1373 1849 esse
1418 1780 1778 1846 videbatur.
1832 1782 1932 1845 Ea
1974 1780 2178 1867 igitur
2219 1782 2313 1847 sic
2354 1782 2764 1859 servabatur,

433 1900 507 1953 ut
532 1890 851 1965 consules,
902 1891 1104 1975 quiin
1131 1915 1371 1956 annum
1401 1892 1481 1956 55
1515 1891 2031 1975 designarentur,
2075 1911 2298 1953 eorum
2337 1891 2498 1956 alter
2529 1904 2766 1957 exacto

434 1996 695 2061 demum
738 1998 1120 2083 magistratu
1163 1999 1313 2063 Kal.
1358 2000 1552 2063 Mart.
1593 1999 1744 2062 anni
1788 1996 1870 2062 54
1915 1997 2278 2063 citeriorem
2323 1996 2591 2063 Galliam
2637 2020 2764 2063 ao-

436 2104 647 2191 cipere
707 2105 1073 2183 iuberetur,
1110 2106 1210 2170 ·id
1264 2107 1440 2190 quod
1497 2117 1718 2171 contra
1767 2105 2080 2171 maiorum
2140 2128 2380 2171 morem
2438 2128 2578 2171 esse
2647 2106 2766 2171 ait.

436 2214 615 2278 Hinc
658 2223 875 2301 aperte
918 2214 1193 2279 efficitur
1238 2215 1449 2279 exisse
1493 2215 1560 2277 in
1609 2213 1904 2278 citeriore
1940 2212 2157 2280 Gallia
2204 2214 2546 2300 imperium
2589 2212 2762 2279 Cae-

436 2323 599 2387 saris
636 2323 783 2409 lege
826 2321 1086 2387 Vatinia
1125 2322 1348 2387 datum
1383 2320 1703 2387 Kalendis
1739 2320 1996 2385 Martiis
2037 2322 2188 2385 anni
2232 2322 2316 2388 54
2355 2348 2411 2387 a.
2451 2320 2642 2399 Chr.,
2681 2347 2752 2389 ac

434 2442 574 2496 tuto
616 2431 999 2517 colligemus
1039 2432 1247 2517 ipsam
1273 2432 1487 2517 legem
1527 2440 1802 2494 exeunte
1847 2452 2065 2495 mense
2089 2430 2448 2496 Februario
2493 2432 2652 2497 anni
2679 2432 2759 2497 59

433 2545 608 2621 (na-m
639 2536 947 2604 Calendis
974 2540 1133 2625 ipsis
1173 2539 1429 2604 comitia
1468 2560 1596 2601 non
1625 2536 1928 2601 videntur
1951 2536 2174 2603 haberi
2197 2540 2524 2623 potuisse)
2563 2541 2764 2605 latam

434 2670 599 2723 esse,
649 2647 715 2710 in
763 2670 965 2731 eaque
1008 2648 1101 2713 sic
1145 2647 1349 2713 fuisse
1397 2646 1733 2730 scriptum,
1789 2657 1861 2709 ut
1912 2642 2157 2711 Caesar
2199 2647 2282 2712 ab
2327 2670 2406 2712 eo
2451 2648 2578 2725 die,
2627 2671 2768 2734 quo

433 2756 675 2840 perlata
728 2766 899 2820 esset
951 2756 1091 2832 lex,
1159 2755 1262 2819 vel
1314 2778 1353 2820 a
1413 2754 1724 2840 proximis
1765 2750 2075 2817 Calendis
2126 2754 2194 2819 in
2238 2755 2768 2841 quinquennium

436 2860 716 2929 Galliam
759 2861 1157 2949 Cisalpinam
1197 2886 1347 2929 cum
1387 2863 1650 2949 Illyrico
1714 2863 1773 2927 ei
1821 2861 2074 2927 adiecto
2121 2862 2458 2929 obtineret.
2551 2864 2766 2933 Hunc

430 2982 647 3035 autem
704 2972 877 3036 diem
930 2973 1098 3059 legis
1135 2972 1431 3038 Vatiniae
1492 2971 1851 3036 rectissime
1898 2970 2026 3035 iam
2079 2971 2394 3037 intellexit
2441 2972 2538 3037 M.
2594 2975 2750 3041 Ant.

436 3080 766 3145 Ferratius
814 3080 998 3165 epist.
1040 3082 1174 3159 III,
1238 3082 1277 3147 9
1326 3104 1385 3167 p.
1442 3081 1598 3155 191,
1653 3079 1837 3143 cuius
1891 3078 2208 3151 sententia
2249 3101 2398 3144 cum
2447 3103 2486 3145 a
2529 3104 2764 3148 recen—

434 3188 705 3254 tioribus
747 3190 877 3255 fere
921 3189 1215 3275 neglecta
1254 3200 1455 3265 esset,
1511 3186 1810 3274 pluribus
1864 3185 1990 3251 hoc
2028 3187 2171 3251 loco
2215 3186 2560 3253 videbatur
2615 3214 2762 3257 esse

434 3298 832 3384 explicanda.
886 3296 1022 3363 Sed
1069 3298 1151 3362 de
1196 3300 1343 3383 lege
1365 3296 1710 3372 Trebonia,
1756 3318 1883 3380 qua
1911 3292 2176 3360 Caesari
2218 3295 2564 3382 imperium
2611 3324 2768 3386 pro-

432 3415 730 3491 rogatum
788 3428 933 3470 esse
977 3406 1167 3491 paulo
1226 3418 1374 3491 post
1432 3403 1850 3469 ostendemus
1872 3450 1889 3481 ,
1948 3395 2124 3468 idem
2162 3403 2494 3471 Ferratius
2539 3408 2766 3475 minus

432 3526 603 3579 rect-e
628 3515 890 3591 iudicat,
934 3514 999 3577 in
1026 3514 1213 3579 cuius
1254 3514 1568 3578 sententia
1589 3535 1754 3598 quae
1779 3512 2006 3577 minus
2037 3511 2518 3597 probassemus,
2563 3518 2760 3581 tacite

434 3623 759 3709 corrigere
807 3646 1001 3708 quam
1040 3621 1259 3687 multis
1299 3623 1600 3707 persequi
1645 3621 2010 3686 maluimus.

601 3730 787 3796 Haec
828 3744 926 3796 est
970 3733 1079 3798 illa
1120 3733 1226 3797 lex
1261 3730 1550 3807 Vatinia,
1610 3752 1740 3815 qua
1777 3725 2078 3793 Caesaris
2147 3730 2468 3814 potentiae
2515 3732 2766 3799 funda-

434 3850 649 3904 menta
688 3840 855 3904 iacta
900 3852 1070 3917 sunt,
1114 3860 1280 3926 quae
1320 3849 1570 3924 praeter
1610 3838 1755 3914 alia,
1793 3858 1958 3921 quae
2001 3837 2081 3903 ab
2111 3838 2538 3923 scriptoribus
2586 3843 2768 3907 tradi

436 3949 676 4024 solent,
744 3948 859 4011 hoc
898 3947 1211 4033 imprimis
1262 3946 1650 4023 introduxit,
1702 3955 1776 4009 ut
1821 3944 2036 4011 Gallia
2085 3943 2418 4033 Cisalpina
2473 3948 2542 4013 in
2601 3973 2766 4035 pro-

433 4057 610 4143 priae
652 4044 1023 4141 provinciae
1066 4056 1337 4121 formam
1380 4054 1786 4142 redigeretur
1838 4065 2098 4140 totaque
2142 4054 2332 4121 Italia
2370 4057 2556 4121 aliter
2599 4080 2766 4124 con-

434 4166 827 4229 stitueretur.
919 4164 1329 4249 Quamquam
1384 4188 1461 4231 ea
1518 4186 1647 4229 non
1711 4172 2051 4228 contentus
2102 4164 2226 4228 fuit
2269 4161 2531 4231 Caesar.
2619 4168 2764 4252 Qui

434 4274 552 4339 etsi
598 4284 661 4338 et
703 4296 1010 4359 magnum
1050 4272 1393 4359 imperium
1434 4282 1770 4361 acceperat
1811 4283 1999 4353 (nam
2030 4282 2161 4338 tres
2199 4274 2256 4338 ei
2296 4274 2590 4361 legiones
2639 4278 2758 4342 da-

435 4380 711 4466 bantur)
770 4392 833 4447 et
895 4381 1052 4449 satis
1114 4380 1497 4446 diuturnum
1514 4426 1533 4457 ,
1600 4381 1814 4446 minus
1875 4390 2085 4446 tamen
2143 4383 2544 4450 commodam
2611 4408 2762 4453 esse
