2917 5017
735 354 818 404 De
855 352 1228 417 propagatione
1265 350 1487 400 civitatis
1522 350 1803 400 Romanae.
2302 343 2420 410 347

65 518 426 584 Romanae
485 515 973 601 consequendae
1028 513 1304 580 facultas
1357 510 1653 588 dabatur,
1700 510 1819 576 sed
1860 510 1993 576 duo
2034 510 2427 597 praescripta

63 627 280 690 tuisse
329 625 582 690 Livius
611 624 951 710 signifieat,
995 622 1272 708 primum
1317 631 1392 684 ut
1431 642 1513 684 ne
1544 618 1693 702 quis
1736 618 1803 682 in
1844 619 2069 684 urbem
2098 619 2425 704 migraret,

61 732 300 817 ibique
353 733 764 800 domicilium
811 753 999 796 suum
1049 729 1405 803 collocaret,
1449 728 1577 792 nisi
1600 726 1713 811 qui
1746 726 2011 811 stirpem
2042 749 2122 790 ex
2154 749 2223 791 se
2250 725 2425 792 domi

63 841 493 926 relinqueret
551 840 648 928 (id
707 839 874 906 enim
929 837 1266 922 integritas
1313 835 1701 922 oppidorum
1760 834 2067 920 poscebat
2124 847 2315 920 atque
2358 835 2425 899 in

65 949 358 1014 coloniis
439 950 630 1014 etiam
691 947 816 1012 alia
873 946 1168 1012 instituta
1219 945 1424 1009 fuisse
1484 943 1801 1020 existimo,
1861 944 2099 1028 quibus
2156 943 2427 1008 sortium

67 1059 396 1124 confusio
443 1056 942 1144 prohiberetur),
985 1054 1241 1129 deinde,
1286 1064 1360 1116 ut
1393 1051 1507 1135 qui
1548 1052 1949 1128 transissent,
1989 1052 2231 1118 Romae
2276 1073 2426 1118 cen-

73 1177 424 1242 serentur,
470 1188 600 1251 qua
639 1165 722 1230 de
770 1186 840 1228 re
889 1175 1112 1248 postea
1156 1161 1340 1245 plura
1383 1159 1694 1224 dicemus.
1782 1158 2171 1246 Perpetuam
2210 1175 2427 1226 autem

67 1273 256 1338 illam
305 1275 538 1360 legem
585 1273 790 1338 fuisse
833 1280 1029 1356 negat
1071 1269 1452 1354 Madvigius
1499 1267 1771 1332 maxime
1816 1279 2079 1354 propter
2124 1291 2218 1343 ea,
2260 1289 2427 1352 quae

69 1382 258 1466 apud
297 1383 466 1448 Liv.
497 1380 848 1457 XXXIX,
871 1380 908 1444 3
947 1389 1304 1444 narrant-ur.
1350 1375 1809 1459 Querebantur
1832 1397 1999 1440 anno
2040 1376 2147 1442 187
2180 1397 2238 1440 a.
2270 1371 2425 1440 Chr.

67 1489 308 1556 Latini
347 1513 654 1572 magnam
685 1490 1149 1552 multitudinem
1179 1491 1406 1550 civium
1430 1507 1681 1548 suorum
1712 1489 1975 1548 Romam
2002 1487 2429 1566 commigrasse

71 1609 130 1660 et
165 1599 264 1660 ibi
305 1621 522 1662 censos
543 1621 696 1672 esse3
741 1607 876 1660 tum
913 1600 982 1668 Q.
1017 1598 1306 1658 Terentio
1336 1597 1619 1660 Culleoni
1638 1597 1926 1674 praetori
1962 1598 2277 1672 negotium
2320 1594 2427 1656 da-

75 1717 212 1768 tum
245 1718 374 1783 est,
417 1717 494 1770 ut
517 1729 612 1768 eos
639 1709 1024 1785 conquireret
1054 1714 1115 1766 et
1139 1727 1312 1786 quem
1347 1706 1410 1770 C.
1449 1705 1709 1767 Claudio
1754 1707 1845 1768 M.
1872 1705 2052 1764 Livio
2086 1702 2427 1766 censoribus

77 1818 290 1899 (anno
343 1815 502 1896 204)
553 1824 762 1896 postve
817 1837 914 1876 eos
969 1835 1237 1876 censores
1283 1817 1483 1894 ipsum
1530 1821 1926 1890 parentemve
1978 1817 2110 1874 eius
2152 1814 2327 1892 apud
2370 1835 2430 1876 se

81 1945 346 1986 censum
393 1946 513 1986 esse
539 1923 905 2003 probassent
944 1924 1112 1994 socii,
1149 1931 1224 1984 ut
1267 1923 1468 1984 redire
1509 1941 1575 1982 eo
1600 1928 1861 1998 cogeret,
1890 1919 1999 1980 ubi
2024 1922 2193 1980 censi
2216 1931 2426 1984 essent.

87 2030 271 2096 Hinc
332 2031 543 2118 igitur
599 2030 700 2096 vir
751 2029 984 2094 doctus
1043 2028 1167 2094 hoc
1211 2028 1473 2112 quidem
1528 2050 1697 2092 anno
1746 2027 1992 2113 colligit
2052 2051 2181 2092 non
2224 2028 2427 2094 fuisse

83 2137 330 2224 legem,
395 2153 471 2204 ut
525 2139 640 2223 qui
685 2137 904 2203 Latini
959 2137 1226 2202 Romam
1282 2137 1691 2222 migrassent,
1738 2138 2059 2204 civitatem
2108 2137 2428 2223 adipisce-

89 2259 357 2314 rentur:
415 2271 616 2332 quare
661 2270 808 2312 cum
855 2268 1022 2310 anno
1075 2247 1186 2312 177
1230 2246 1446 2331 legem
1488 2270 1629 2312 eam
1672 2247 1877 2312 fuisse
1920 2246 2131 2310 tradat
2174 2247 2429 2322 Livius,

89 2377 368 2424 necesse
415 2367 516 2424 est
555 2358 680 2423 hoc
722 2359 950 2424 decem
995 2377 1312 2422 annorum
1356 2357 1561 2442 spatio
1604 2356 1709 2420 lex
1756 2357 1867 2422 illa
1908 2366 1970 2420 et
2014 2357 2145 2421 lata
2182 2367 2245 2421 et
2272 2355 2428 2421 abo-

87 2464 204 2530 lita
249 2467 364 2544 sit,
409 2466 478 2530 id
525 2465 702 2552 quod
745 2488 866 2530 nec
909 2465 1186 2530 traditur
1228 2488 1348 2532 nec
1399 2487 1517 2551 per
1558 2487 1627 2530 se
1677 2465 1892 2550 ipsum
1936 2464 2267 2551 probabile
2313 2476 2428 2530 est.

91 2573 230 2640 Nos
273 2576 547 2660 quidem
579 2575 762 2640 Livii
803 2574 1180 2642 auctoritate
1221 2596 1350 2640 non
1391 2574 1480 2638 ita
1524 2573 1884 2650 abutemur,
1928 2595 2049 2638 nec
2084 2574 2429 2658 quicquam

91 2681 172 2746 ab
215 2707 320 2761 6ο,
387 2685 562 2769 quod
619 2682 824 2748 fuisse
870 2683 1046 2748 illam
1086 2683 1300 2767 legem
1349 2684 1589 2748 nullam
1640 2683 1955 2759 ostendat,
1999 2683 2165 2748 tradi
2208 2683 2429 2748 existi-

95 2813 380 2858 mamus.
469 2792 730 2858 Etenim
777 2791 834 2856 si
873 2801 1010 2856 erat
1050 2791 1156 2855 lex
1197 2790 1414 2856 Latini
1459 2792 1760 2868 nominis,
1802 2802 1897 2868 ut,
1942 2792 2057 2876 qui
2094 2791 2165 2854 in
2200 2791 2429 2856 urbem

97 2901 472 2986 migrasset,
519 2921 722 2966 censu
765 2899 1088 2964 civitatem
1129 2897 1483 2962 Romanam
1529 2901 1865 2985 acciperet,
1922 2923 2080 2964 num
2124 2899 2279 2962 item
2324 2898 2432 2963 lex

99 3023 256 3086 erat,
301 3033 472 3096 quae
515 3008 782 3072 Latinos
807 3008 1178 3092 quicunque
1216 3008 1286 3072 in
1315 3006 1542 3074 urbem
1568 3008 1938 3094 migrarent,
1979 3007 2180 3093 recipi
2209 3007 2431 3091 utique

103 3129 298 3204 atque
353 3117 605 3182 admitti
655 3116 956 3182 iuberet?
1045 3116 1118 3182 Si
1166 3117 1312 3201 quis
1358 3128 1528 3182 esset
1571 3128 1869 3203 receptus
1926 3127 1989 3182 et
2033 3116 2277 3180 Romae
2316 3116 2431 3182 ha-

105 3224 340 3292 bitaret
377 3238 440 3290 et
481 3225 724 3291 tribum
764 3224 1050 3301 haberet,
1089 3226 1386 3309 quamvis
1418 3225 1689 3292 Latinae
1730 3225 1999 3312 originis
2040 3236 2233 3300 esset,
2274 3224 2431 3309 quin

101 3332 266 3398 civis
311 3343 504 3410 esset,
559 3355 690 3398 non
739 3344 876 3397 erat
919 3332 1212 3411 dubium,
1260 3335 1377 3400 sed
1421 3357 1553 3400 non
1596 3356 1863 3400 necesse
1908 3345 2063 3412 erat,
2108 3334 2319 3419 quivis
2362 3333 2431 3398 in

103 3440 336 3508 urbem
377 3441 842 3508 admitteretur.
925 3439 1146 3504 Veluti
1194 3441 1316 3506 hac
1363 3454 1569 3509 aetate
1614 3443 1790 3528 apud
1835 3465 1976 3520 nos,
2020 3443 2135 3526 qui
2179 3443 2431 3507 nullum

111 3548 392 3616 civitatis
443 3549 790 3614 discrimen
835 3549 1156 3624 novimus,
1201 3550 1346 3634 lege
1393 3551 1543 3616 licet
1584 3549 1883 3616 omnibus
1924 3551 1993 3614 in
2040 3574 2430 3636 quocunque

107 3659 344 3743 oppido
374 3658 572 3723 velint
595 3657 952 3733 considere,
979 3668 1170 3741 atque
1197 3680 1279 3722 ex
1303 3680 1432 3724 uno
1456 3659 1695 3746 oppido
1724 3660 1793 3724 in
1818 3659 2089 3724 alterum
2112 3660 2391 3746 migrare
2412 3684 2430 3736 ;

111 3766 224 3830 sed
271 3791 350 3833 ea
389 3767 496 3832 lex
541 3787 668 3830 non
715 3764 936 3842 efficit,
980 3776 1072 3842 ut,
1112 3765 1481 3851 quicunque
1528 3768 1595 3832 in
1622 3768 1861 3854 oppido
1893 3769 2095 3834 velint
2120 3769 2429 3844 habitare,

113 3873 236 3938 sint
293 3875 520 3958 utique
575 3872 930 3958 recipiendi
981 3885 1174 3957 atque
1237 3875 1304 3938 in
1363 3899 1597 3942 novam
1650 3877 1973 3944 civitatem
2030 3877 2430 3944 admittendi.

111 3978 402 4048 Eandem
456 3981 561 4046 vel
619 3982 892 4047 similem
944 3982 1326 4048 Latinorum
1383 3985 1827 4052 condicionem
1872 3986 1939 4050 in
1982 3986 2273 4051 Romana
2320 4008 2425 4050 re-

115 4089 368 4169 publica
415 4089 620 4156 fuisse
685 4090 792 4154 hic
843 4089 1018 4154 Livii
1077 4090 1262 4156 locus
1317 4113 1446 4156 non
1500 4091 1777 4160 obscure
1832 4093 2130 4160 ostendit.
2217 4093 2427 4160 Vetus

113 4192 214 4260 lex
257 4209 412 4274 erat,
457 4221 584 4286 qua
627 4197 899 4273 Latinis,
939 4196 995 4262 si
1035 4197 1104 4262 in
1143 4198 1372 4264 urbem
1401 4200 1809 4286 migrassent,
1852 4203 2077 4268 civitas
2121 4202 2425 4280 dabatur3

117 4323 306 4386 quare
353 4329 500 4372 cum
549 4306 736 4372 multi
775 4305 1048 4370 Romam
1099 4308 1507 4392 migrassent,
1554 4311 1691 4376 sine
1744 4309 2141 4376 dubitatione
2196 4335 2235 4376 a
2276 4334 2425 4376 cen-

121 4414 368 4482 soribus
415 4414 888 4502 recipiebantur
928 4415 997 4479 in
1035 4415 1265 4494 tribus,
1311 4439 1477 4502 quos
1522 4431 1636 4482 aut
1672 4420 1901 4485 stultos
1942 4433 2052 4484 aut
2076 4418 2427 4484 admodum

1504 4643 1533 4676 θ
