2917 5017
788 353 869 405 De
909 352 1171 403 dictatoris
1214 349 1453 403 Caesaris
1495 350 1798 401 honoribus.
2319 347 2438 413 201

156 516 363 580 Unum
426 525 675 581 tantum
729 525 863 581 erat
916 514 1093 601 quod
1148 536 1299 579 cum
1358 512 2068 597 animadvertissemus,
2141 534 2447 601 magnum
2539 506 2550 517 ’

154 649 283 689 esse
328 623 685 701 videretur,
734 624 909 709 quod
952 648 991 689 a
1028 623 1341 709 principio
1387 643 1696 689 versuum
1740 623 2137 708 quorundam
2181 624 2448 689 lineolae

153 733 447 818 ascriptas
484 734 881 799 invenimus:
930 755 1090 820 quas
1118 755 1265 797 cum
1292 733 1570 817 primum
1600 733 1900 810 vidimus,
1933 734 2170 799 frustra
2199 756 2238 798 a
2260 731 2446 797 nobis

152 852 507 927 susceptam
548 865 691 907 esse
731 842 1115 928 putabamus
1156 842 1321 905 hanc
1365 865 1532 926 quae
1573 842 1696 907 iam
1737 842 1972 927 scripta
2022 852 2207 927 atque
2255 840 2448 907 abso-

146 951 270 1016 luta
310 960 448 1015 erat
482 951 987 1045 'disputationem
1028 952 1417 1016 universam.
1483 951 1661 1033 Quid
1690 950 1856 1015 enim
1881 960 2146 1035 possunt
2178 950 2447 1015 lineolae

144 1059 279 1125 illae
334 1059 705 1145 significare
762 1084 953 1145 quam
1010 1083 1317 1126 annorum
1378 1059 1808 1125 divisionem?
1890 1059 2072 1140 Quae
2135 1082 2282 1124 cum
2340 1059 2444 1123 his

144 1167 535 1253 temporibus
575 1178 833 1254 propter
872 1170 1275 1235 insolitorum
1300 1168 1619 1233 honorum
1651 1166 2120 1233 multitudinem
2147 1168 2452 1233 incertior

144 1300 274 1341 esse
312 1278 811 1355 existimaretur,
854 1279 934 1344 ab
962 1280 1208 1356 eodem,
1249 1278 1359 1363 qui
1399 1279 1674 1342 honores
1703 1276 2140 1363 perscriberet,
2179 1277 2446 1342 lineolae

142 1408 273 1451 esse
329 1388 653 1453 adiectas:
722 1388 981 1474 publice
1022 1387 1249 1473 igitur,
1306 1388 1417 1471 qui
1463 1408 1718 1471 quoque
1763 1379 1928 1451 anno
1971 1386 2200 1451 summi
2245 1384 2449 1470 magi-

143 1504 366 1561 stratus
408 1496 676 1574 fuerint,
718 1519 867 1562 cum
908 1496 1245 1572 indicetur,
1284 1496 1445 1560 illud
1489 1518 1692 1559 unum
1735 1495 2029 1580 relinqui,
2072 1504 2144 1558 ut
2178 1492 2448 1579 scripto-

140 1626 271 1668 rum
325 1606 701 1671 testimonia
758 1628 906 1670 cum
964 1606 1073 1670 illa
1128 1605 1503 1671 auctoritate
1561 1604 1970 1669 conciliemus
1989 1652 2007 1682 ,
2069 1604 2150 1669 de
2191 1603 2334 1689 ipsa
2387 1612 2450 1666 et

142 1711 445 1777 honorum
507 1726 571 1777 et
625 1736 942 1797 annorum·
1000 1715 1163 1779 serie
1216 1736 1483 1800 prorsus
1541 1724 1852 1778 constare.
1953 1711 2178 1797 Neque
2236 1711 2450 1776 hercle

150 1820 404 1886 dubium
452 1845 607 1887 esse
641 1832 885 1909 potest,
942 1824 1096 1908 quin
1140 1821 1433 1906 quisquis
1479 1822 1744 1885 lineolas
1795 1821 2075 1898 addidit,
2139 1842 2451 1886 annorum

80 1945 85 1949 ·
146 1928 753 2015 distinguendorum
810 1954 1001 1996 causa
1060 1930 1412 1995 addiderit:
1487 1952 1604 1994 nec
1647 1940 1856 1995 tamen
1903 1930 2112 1993 minus
2157 1928 2449 2005 dubium,

140 2038 279 2120 quin
324 2039 501 2103 male
539 2038 881 2103 addiderit.
972 2040 1230 2105 Etenim
1272 2062 1419 2105 cum
1464 2047 1710 2103 constet
1739 2036 2079 2105 Caesarem
2122 2038 2450 2103 consulem

140 2147 429 2228 quintum
478 2170 643 2212 anno
694 2146 795 2223 44,
841 2168 965 2231 quo
1008 2150 1261 2215 occisus
1300 2159 1398 2214 est
1416 2196 1431 2226 ,
1477 2149 1701 2225 fuisse,
1749 2149 2048 2233 quoniam
2095 2170 2206 2213 sex
2247 2146 2450 2211 lineo-

136 2252 227 2318 lae
266 2244 771 2331 interiicitintur,
818 2254 1152 2332 efficietur,
1190 2268 1265 2322 ut
1300 2259 1684 2323 dictaturam
1709 2278 1877 2322 anno
1905 2257 2005 2332 50,
2025 2308 2030 2313 .
2047 2257 2450 2321 consulatum

139 2363 401 2428 alterum
446 2386 616 2427 anno
659 2362 739 2427 49
788 2363 1093 2457 gesserit,
1154 2368 1328 2448 quod
1380 2376 1724 2449 utrumque
1771 2387 1916 2428 cum
1963 2365 2132 2428 omni
2181 2364 2451 2428 chrono-

136 2468 303 2555 logia
348 2481 624 2557 pugnat.
724 2468 945 2551 Quare
994 2482 1105 2537 aut
1148 2473 1261 2556 qui
1304 2475 1562 2539 nomina
1617 2472 1901 2559 scripsit,
1961 2472 2252 2557 imperite
2315 2472 2450 2537 sine

136 2578 261 2642 ulla
306 2577 573 2665 publica
614 2580 988 2645 auctoritate
1041 2581 1309 2645 lineolae
1360 2582 1660 2668 ascripsit
1703 2592 1811 2647 aut
1855 2592 2072 2666 postea
2113 2583 2278 2647 alius
2324 2604 2451 2647 non

138 2686 343 2753 minus
380 2687 725 2772 imperitus
764 2687 957 2751 homo
998 2689 1265 2765 adiecit:
1311 2712 1431 2755 nos
1472 2692 1755 2774 quidem,
1794 2690 1976 2775 quasi
2016 2691 2230 2757 nullae
2271 2716 2452 2778 pror-

138 2817 243 2860 sus
300 2818 623 2860 annorum
678 2795 1123 2862 distinctiones
1180 2800 1612 2885 reperiantur,
1683 2799 1772 2864 ita
1833 2800 2210 2885 scriptorum
2271 2801 2451 2865 testi-

138 2903 345 2969 monia
384 2926 536 2969 cum
578 2888 946 2969 nominibus
978 2906 1288 2970 fastorum
1324 2905 1828 2999 conciliabimus.
1911 2906 2300 2993 incipiemus
2337 2929 2452 2969 au-

138 3020 279 3089 tem,
326 3023 403 3076 ut
448 3012 663 3077 omnia
698 3012 923 3078 ordine
964 3036 1383 3099 exponamus,
1428 3015 1511 3079 ab
1549 3014 1662 3079 illo
1701 3024 2004 3101 tempore,
2041 3038 2170 3100 quo
2212 3014 2453 3080 bellum

140 3119 319 3186 civile
372 3130 677 3207 coeptum
722 3131 840 3185 est.

296 3228 565 3293 Etenim
606 3250 755 3292 cum
784 3224 1026 3293 Caesar
1061 3230 1427 3315 provinciae
1474 3253 1628 3295 suae
1671 3230 1832 3295 fines
1873 3252 2174 3317 egressus
2205 3230 2452 3297 Italiam

138 3345 379 3419 peteret
426 3337 935 3423 Pompeiumque
979 3337 1044 3401 in
1090 3336 1431 3403 Graeciam
1474 3339 1852 3424 expelleret,
1916 3362 2132 3406 omnes
2177 3363 2325 3407 eum
2365 3340 2452 3416 vi,

134 3466 259 3509 non
300 3444 565 3532 legibus
612 3445 825 3529 egisse
868 3468 1075 3530 neque
1118 3446 1249 3510 ulla
1286 3457 1636 3531 potestate,
1689 3468 1818 3533 qua
1869 3458 2182 3513 tantarum
2238 3471 2456 3515 rerum

135 3552 391 3618 licentia
432 3554 490 3618 ei
532 3554 1028 3639 permitteretur,
1081 3554 1445 3640 praeditum
1491 3555 1695 3621 fuisse
1742 3554 2141 3621 confitentur.
2227 3556 2454 3641 Neque

140 3660 275 3745 ipse
320 3662 389 3726 in
434 3663 901 3728 commentariis
949 3664 1083 3727 suis
1130 3662 1211 3727 de
1255 3662 1403 3728 bell.
1450 3664 1573 3728 civ.
1612 3664 1663 3739 I,
1707 3664 1744 3729 7
1789 3662 1857 3725 id
1900 3662 2293 3740 dissimulat,
2340 3665 2455 3729 sed

142 3768 543 3835 tribunorum
586 3770 794 3856 plebis
844 3794 1127 3857 suaeque
1172 3772 1502 3857 dignitatis
1553 3772 1978 3837 necessariam
2019 3772 2456 3837 defensionem

144 3888 519 3959 praetexens
588 3878 777 3945 aliam
843 3880 1195 3967 legitimam
1265 3902 1525 3961 causam
1589 3880 1711 3946 sibi
1773 3882 2058 3946 defuisse
2119 3880 2456 3967 significat.

144 3984 435 4072 Expulso
478 3996 692 4053 autem
732 3988 1043 4075 Pompeio
1078 4000 1425 4076 postquam
1456 3987 1699 4054 Caesar
1741 4012 1795 4054 a.
1839 3990 1902 4053 (1.
1933 3989 2071 4055 XV
2106 3988 2256 4054 Kal.
2294 3989 2454 4075 Apr.

147 4094 287 4158 anni
333 4095 415 4161 49
471 4093 642 4181 (Cic.
704 4096 786 4161 ad
831 4098 969 4162 Att.
992 4098 1151 4175 IX,
1218 4099 1325 4183 15)
1392 4098 1818 4163 Brundisium
1873 4098 2212 4185 occupavit
2262 4097 2456 4162 omis-

151 4222 342 4288 soque
382 4204 640 4269 interim
684 4204 1057 4271 adversario
1098 4206 1372 4272 Romam
1414 4207 1638 4291 paucis
1677 4216 1822 4271 ante
1845 4205 1994 4270 Kal.
2019 4204 2182 4291 Apr.
2223 4204 2455 4268 diebus

150 4313 451 4393 pervenit,
494 4335 707 4378 nonne
745 4314 1059 4399 imprimis
1100 4314 1223 4379 hoc
1257 4315 1514 4380 efficere
1555 4314 1801 4391 debuit,
1845 4322 1918 4376 ut
1957 4313 2276 4397 reliquum
2317 4311 2457 4376 bel-

150 4416 276 4485 lum
320 4422 445 4486 iam
486 4420 769 4506 legitima
816 4422 1029 4507 aliqua
1082 4434 1391 4509 potestate
1452 4434 1716 4487 ornatus
1773 4420 2216 4486 administrare
2273 4420 2457 4485 vide-
