2917 5017
402 701 480 764 In
529 700 586 764 F
601 723 635 765 e
651 722 682 762 r
697 700 761 765 d.
817 699 881 764 D
899 709 940 764 fi
957 723 1020 764 m
1035 699 1136 764 ml
1150 722 1185 764 e
1198 723 1230 762 r
1250 699 1266 726 ’
1281 723 1312 764 s
1363 697 2160 784 Verlagebuchhandlung
2216 698 2283 762 in
2340 696 2561 762 Berlin

228 785 384 850 sind
427 785 838 850 erschienen:

225 973 500 1052 Zumptii
543 974 725 1054 (Aug.
769 971 984 1041 wilh.)
996 1015 1012 1044 ‚
1072 975 1646 1032 commentationum
1698 972 2219 1049 epigraphicarum
2270 973 2347 1030 ad
2406 973 2558 1030 anti-

402 1059 663 1136 quitates
706 1059 1022 1117 Romanas
1067 1057 1495 1134 pertinentium
1542 1057 1845 1117 volumen.
1941 1057 2117 1116 1850.
2202 1057 2237 1114 4
2281 1057 2418 1130 maj.

2004 1143 2041 1200 5
2085 1141 2253 1199 Thlr.
2310 1143 2385 1200 10
2424 1140 2558 1219 sgr.

601 1235 798 1285 Inhaltz
845 1236 1119 1286 Fastorum
1154 1237 1530 1302 municipalium
1568 1235 1947 1300 Campanorum
1981 1235 2324 1298 fragmentum
2358 1236 2561 1286 restitu-

504 1313 612 1354 tum
659 1313 712 1354 et
763 1305 1084 1368 explicatum.
1131 1331 1193 1339 —
1237 1305 1320 1353 De
1362 1304 1840 1368 Quinquennalibus
1890 1305 2280 1368 municipiorum
2328 1309 2381 1353 et
2425 1305 2561 1353 colo-

504 1375 720 1423 niarum.
772 1400 838 1410 —
889 1373 970 1422 De
1007 1371 1380 1432 Quattuorviris
1426 1373 1837 1437 municipalibus,
1889 1400 1948 1407 —-
2006 1373 2087 1422 De
2124 1373 2337 1422 coloniis
2374 1373 2561 1422 Roma-

501 1457 686 1492 norum
719 1441 1024 1492 militaribus
1061 1439 1178 1489 libri
1215 1447 1468 1505 quattuor.

230 1582 308 1590 --
361 1579 442 1588 —
499 1545 1073 1604 commentationum
1123 1543 1647 1621 epigraphicarum
1696 1543 1978 1602 volumen
2021 1543 2297 1602 alterum.
2383 1543 2559 1602 1854.

405 1630 440 1688 4
481 1632 622 1706 maj.
2009 1628 2045 1685 2
2089 1627 2257 1688 Thlr.
2307 1629 2387 1688 ‘20
2424 1627 2558 1706 Sgr.

601 1725 799 1774 Inhalt:
854 1724 918 1773 Ti
921 1725 1054 1773 tulus
1093 1722 1346 1773 Concordi
1331 1723 1487 1773 iensis
1523 1722 1666 1772 Arrii
1701 1721 1900 1772 Antoni
1904 1723 1957 1770 ni
2003 1724 2264 1772 restitutus
2313 1729 2365 1770 et
2400 1723 2562 1786 expli-

507 1801 664 1842 catus.
706 1819 773 1829 —
817 1792 899 1841 De
948 1791 1098 1856 Syria
1135 1791 1487 1841 Romanorum
1529 1790 1793 1856 provincia
1842 1790 1907 1839 ab
1950 1790 2171 1840 Caesare
2206 1789 2448 1853 Augusto
2497 1793 2563 1839 ad

509 1862 570 1911 Τ.
619 1860 1023 1925 Vespasianum.
1071 1887 1132 1894 —
1179 1859 1260 1908 De
1306 1859 1641 1908 Macedoniae
1686 1858 2035 1907 Romanorum
2078 1858 2369 1922 provinciae
2417 1873 2562 1922 prae-

509 1929 722 1990 sidibus,
766 1930 856 1992 qui
893 1927 1098 1977 fuerunt
1133 1943 1298 1991 usque
1331 1929 1397 1976 ad
1432 1928 1495 1976 T.
1530 1927 1927 1990 Vespasianum.

229 2069 309 2076 —
360 2061 434 2076 -—-
487 2033 563 2091 de
606 2033 901 2093 fastorum
941 2031 1391 2109 municipalium
1417 2029 1868 2108 Campanorum
1895 2032 2233 2109 fragmento
2266 2031 2559 2090 defensio.

408 2119 587 2178 1853.
666 2117 723 2176 4.
2311 2115 2384 2174 15
2426 2114 2561 2193 Sgr.

231 2271 310 2279 —-
371 2270 446 2278 —
521 2236 597 2292 de
661 2234 957 2293 fastorum
1011 2233 1479 2310 'municipalium
1544 2233 1995 2309 Campanorum
2068 2235 2407 2313 fragmento
2486 2234 2563 2290 ad

403 2319 472 2381 C.
517 2319 589 2378 B.
633 2318 710 2377 de
751 2319 1043 2378 Rossium
1088 2319 1351 2396 epistola
1387 2319 1611 2377 critica.
1700 2319 1876 2380 1854.
1964 2319 2020 2377 4.
2304 2320 2377 2378 15
2424 2316 2560 2396 Sgr.

231 2474 312 2484 -—
365 2473 440 2482 --
499 2440 576 2497 de
624 2435 828 2498 Caroli
872 2436 1178 2496 Timothei
1217 2437 1483 2514 Zumptii
1533 2438 1658 2496 vita
1704 2446 1765 2497 et
1814 2437 2031 2500 studiis
2082 2438 2367 2496 narratio.
2444 2438 2563 2497 Ac·-

401 2525 621 2582 cedunt
679 2520 886 2583 Caroli
947 2521 1254 2582 Timothei
1320 2523 1630 2583 orationes
1688 2523 1945 2583 Latinae
2006 2541 2137 2583 sex.
2232 2520 2412 2582 1851.
2504 2521 2563 2580 8.

2020 2609 2045 2666 1
2090 2607 2259 2668 Thlr.
2314 2605 2390 2665 10
2429 2605 2563 2684 Sgr.

229 2859 456 2934 Zumpt
499 2857 587 2927 (Ο.
622 2856 729 2928 Τ.),
769 2856 1041 2917 Annales
1088 2864 1354 2916 veterum
1398 2877 1722 2936 regnorum
1766 2867 1826 2918 et
1861 2859 2227 2937 populorum
2266 2857 2564 2936 imprimis

403 2942 839 3001 Romanorum.
906 2942 1110 3001 Editio
1139 2942 1330 3000 altera
1359 2943 1595 3018 passim
1629 2951 1805 3002 aucta
1830 2953 1891 3004 et
1920 2953 2206 3018 correcta.
2268 2943 2449 3004 1838.
2504 2941 2563 2999 4.

2025 3030 2051 3086 1
2095 3030 2264 3090 Th1r.
2315 3029 2389 3087 15
2430 3025 2564 3104 sgr.

239 3179 316 3189 —
363 3126 481 3188 ’-’
511 3144 838 3204 Decretum
882 3144 1246 3221 municipale
1278 3144 1707 3222 Tergestinum
1752 3147 1829 3204 de
1870 3147 2108 3208 ‚honore
2151 3146 2329 3206 Fabii
2354 3143 2568 3205 Severi

402 3230 732 3374 {esscgipduf
777 3237 1041 3290 veterem
1086 3229 1351 3306 lapidem
1397 3230 1596 3289 denuo
1652 3231 2015 3291 recensitum
2069 3240 2129 3290 et
2180 3232 2564 3374 illus1t3atg1m.

581 3357 596 3373 .
718 3357 733 3372 .
2477 3332 2565 3390 gr.

236 3466 312 3476 --
365 3467 440 3476 —-
497 3431 572 3490 de
624 3432 860 3510 legibus
909 3429 1266 3508 iudiciisque
1317 3431 1784 3509 repetundarum
1834 3433 1899 3490 in
1938 3433 2250 3509 republica
2287 3433 2571 3490 Romana

409 3517 836 3576 commentatio
876 3517 1074 3594 prima
1121 3524 1182 3575 et
1225 3517 1491 3578 secunda
1578 3515 1759 3577 1845.
1825 3519 1904 3576 ,4.
2195 3523 2200 3527 ’
2306 3516 2387 3575 20
2432 3513 2567 3594 Sgr.

407 3602 834 3662 commentatio
877 3601 1075 3660 tertia.
1163 3601 1341 3660 1847.
2315 3603 2389 3662 18
2430 3599 2565 3678 Sgr.
2686 3573 2692 3584 ι

238 3756 316 3764 -
369 3753 440 3764 —-
461 3765 478 3794 ‚
533 3720 739 3780 Ueber
780 3720 877 3779 die
906 3719 1333 3797 Abstimmung
1375 3719 1482 3778 des
1520 3716 1867 3778 riimischen
1898 3719 2094 3779 Volks
2136 3721 2200 3779 in
2228 3717 2565 3778 Centuriat-

405 3805 690 3865 comitien
736 3805 859 3862 und
903 3801 1050 3862 iiber
1086 3803 1204 3862 den
1247 3805 1328 3862 M.
1357 3802 1601 3877 Curius,
1648 3805 1754 3862 der
1785 3805 1899 3863 den
1928 3804 2184 3864 Velinus
2224 3802 2565 3881 abgeleitet.

420 3891 598 3950 1837.
687 3890 742 3948 4.
1540 3937 1547 3944 .
2311 3889 2385 3948 10
2430 3886 2565 3966 Sgr.

242 4043 314 4053 —
373 4041 447 4051 -
466 4007 742 4080 ‚Ueber
791 4006 908 4064 den
951 4003 1143 4066 Stand
1183 4006 1290 4065 der
1330 4002 1760 4084 Bevolkerung
1804 4008 1925 4066 und
1968 4008 2064 4065 die
2093 4007 2564 4066 Volksvermeh-
2586 4063 2590 4068 .

409 4110 564 4170 rung
606 4091 690 4149 im
729 4090 1092 4152 Alterthum.
1186 4091 1362 4150 1841.
1453 4091 1510 4152 4.
2260 4086 2385 4172 22-1·
2430 4089 2563 4169 Sgr.

241 4246 318 4257 --
371 4245 448 4254 —
539 4208 742 4268 Ueber
787 4209 903 4266 den
940 4208 1211 4268 Bestand
1251 4210 1358 4267 der
1396 4208 1942 4286 philosophischen
1971 4206 2237 4269 Schulen
2275 4210 2339 4267 in
2362 4209 2565 4270 Athen

406 4294 532 4354 und
577 4293 675 4352 die
719 4292 1088 4355 Succession
1133 4293 1240 4352 der
1277 4293 1709 4355 Scholarchen.
1802 4293 1981 4352 1843.
2068 4297 2123 4353 4.
2298 4293 2376 4353 25
2429 4292 2564 4372 Sgr.
