2917 5017
419 330 544 399 378
1053 334 1136 383 De
1169 334 1543 397 propagatione
1576 332 1801 381 civitatis
1838 332 2119 383 Romanae.

417 502 696 581 quamvis
739 500 924 561 sciret
953 498 1142 559 etr‘trm
1176 495 1642 576 proconsulibus
1681 498 1928 557 decani
1960 498 2165 571 solere,
2211 497 2283 563 in
2316 496 2513 556 nulla
2540 501 2737 553 tamon

409 611 740 688 provincia
793 609 922 669 nisi
965 606 1279 667 communi
1318 624 1427 665 suo
1480 606 1822 683 Romaeque
1864 606 2113 665 nomine
2153 606 2413 683 recepit3
2479 622 2631 663 nam
2676 602 2735 661 in
2844 580 2846 641 !

417 715 566 777 urbe
605 716 846 794 quidem
877 715 1370 793 pertinacissime
1413 712 1717 776 abstinuit
1761 713 1873 772 laoc
1912 713 2159 774 honore.
2242 708 2496 773 Mutari
2540 719 2739 771 tamen

419 822 586 888 hanc
657 821 964 885 rationem
1029 818 1362 905 oportebat
1427 829 1779 904 propagata
1836 816 2145 903 paulatim
2205 840 2325 901 per
2377 815 2739 903 provincias

421 930 676 994 civitate
717 928 1010 993 Romana
1026 974 1043 1003 ,
1102 950 1268 1011 quae
1309 938 1653 1012 postquam
1698 926 1899 991 multa
1942 924 2181 1010 oppida
2220 926 2601 1009 multosque
2638 944 2737 1009 po-

418 1037 610 1123 pulos
647 1036 979 1121 complexa
1015 1045 1135 1110 est,
1175 1035 1298 1099 nisi
1335 1035 1631 1099 confusio
1671 1035 1986 1118 quaedam
2022 1033 2359 1110 extitisset,
2396 1055 2574 1116 quae
2608 1054 2739 1117 pro-

419 1144 792 1210 vincialium
817 1143 1056 1228 templa
1079 1154 1280 1220 erant,
1309 1144 1569 1208 deserta
1592 1152 1827 1207 essent.
1881 1140 2055 1206 Tum
2078 1141 2282 1227 igitur
2306 1140 2741 1205 introductum

421 1262 540 1328 est,
587 1250 764 1336 quod
804 1251 936 1316 Dio
979 1252 1021 1315 l.
1061 1250 1105 1315 l.
1147 1251 1371 1326 docet,
1427 1262 1502 1315 ut
1554 1250 1623 1314 in
1664 1250 1848 1317 Italia
1898 1261 2147 1314 tantum
2198 1250 2313 1333 qui
2358 1247 2743 1314 coelestibus

419 1358 772 1425 honoribus
817 1358 1002 1445 digni
1044 1359 1246 1425 habiti
1291 1370 1527 1435 essent,
1574 1359 1989 1445 imperatores
2034 1357 2402 1423 colerentur
2425 1406 2446 1434 ,
2501 1355 2573 1420 in
2612 1376 2745 1440 pro-

424 1467 654 1532 vinciis
709 1467 903 1531 etiam
941 1467 1052 1551 qui
1095 1468 1513 1554 imperarent,
1574 1468 1749 1532 unde
1804 1489 1969 1551 quae
2024 1466 2107 1531 ab
2148 1468 2471 1553 Augusto
2517 1462 2751 1549 Ephesi

423 1586 488 1641 et
527 1574 802 1641 Nicaeae
841 1575 979 1639 divi
1015 1575 1166 1639 Iulii
1207 1576 1444 1661 templa
1485 1575 1743 1641 condita
1784 1586 1987 1652 erant,
2032 1586 2259 1661 postea
2292 1596 2455 1638 cum
2500 1570 2749 1657 provin-

425 1682 694 1749 cialibus
743 1684 1212 1749 communicata
1254 1706 1418 1762 esse,
1457 1686 1727 1770 ipsaque
1768 1684 1879 1747 illa
1918 1682 2160 1770 oppida
2195 1684 2260 1747 in
2298 1680 2751 1767 metropolium

422 1792 730 1857 honorem
774 1792 1081 1857 transisse
1117 1791 1450 1877 probabile
1492 1792 1582 1855 fit.
1666 1792 1833 1857 Nam
1874 1792 2237 1879 Pergamus
2254 1836 2271 1866 ,
2316 1789 2504 1874 quod
2554 1789 2749 1874 prima

423 1900 712 1967 omnium
749 1900 1040 1984 Augusti
1083 1902 1394 1986 templum
1437 1899 1769 1977 habuerat,
1811 1905 2023 1981 prima
2062 1902 2417 1980 metropolis
2462 1898 2536 1963 in
2576 1921 2752 1962 num-

425 2008 546 2073 mis
602 2010 969 2073 nominatur
1019 2009 1322 2094 (Eckhel.
1361 2008 1452 2086 ΙΙ,
1500 2008 1674 2093 472).
1784 2008 1893 2073 Ab
1957 2008 2059 2073 his
2115 2008 2319 2093 igitur
2357 2006 2577 2071 initiis
2616 2028 2751 2091 pro-

423 2118 592 2181 fecta
638 2126 738 2181 est
776 2116 888 2181 illa
932 2109 1380 2203 metropolium
1421 2116 1707 2181 adulatio
1751 2116 2163 2202 pervasitque
2207 2116 2289 2179 ad
2338 2138 2576 2181 omnes
2616 2138 2749 2201 pro-

425 2225 692 2291 vincias·
757 2224 924 2288 Nam
965 2237 1204 2310 quanta
1241 2226 1693 2311 metropolium
1736 2224 2085 2289 multitudo
2120 2246 2238 2309 per
2274 2223 2517 2289 Asiam
2552 2225 2751 2299 fuerit,

427 2356 508 2399 ex
552 2334 830 2398 nummis
873 2335 1290 2419 cognoscitur
1305 2380 1320 2409 ,
1365 2335 1519 2399 item
1564 2333 2033 2420 Philippopolis
2078 2332 2427 2417 Thracia-e,
2479 2333 2751 2399 Thessa-

425 2443 634 2507 lonice
677 2442 1135 2518 Macedoniae,
1193 2432 1396 2508 Tomi
1425 2443 1735 2507 Moesiae.
1818 2442 2241 2526 Reliquarum
2280 2442 2756 2527 provinciarum

427 2543 810 2636 metropoles
853 2573 936 2615 ex
972 2551 1112 2615 aliis
1152 2551 1537 2615 testimoniis
1580 2550 2053 2635 intelliguntur,
2106 2551 2243 2615 sive
2286 2551 2431 2635 ipso
2480 2551 2599 2617 illo
2648 2573 2755 2614 no-

427 2658 596 2723 mine
623 2658 1045 2743 appellantur,
1089 2657 1226 2723 sive
1257 2659 1428 2742 quod
1464 2660 1697 2745 templo
1724 2657 2080 2725 Caesarum
2108 2658 2393 2723 omnium
2428 2658 2755 2724 communi
2844 2692 2846 2733 4

427 2776 686 2831 ornatae
745 2777 953 2842 erant,
1013 2767 1430 2852 appellandae
1472 2769 1756 2833 fuerunt.
1838 2768 1917 2831 In
1956 2768 2265 2852 Aegypto
2310 2767 2575 2833 celebre
2620 2767 2751 2830 Au·
2844 2758 2846 2763 ’

429 2884 734 2957 gusteum
793 2888 1325 2941 commemoratur
1371 2874 1840 2951 Alexandriae,
1902 2875 1971 2938 in
2022 2875 2245 2939 Africa
2306 2874 2747 2961 proconsulari

429 3002 768 3047 commune
807 2983 1168 3068 provinciae
1212 2983 1523 3068 templum
1562 3006 1637 3048 ac
1674 2983 2109 3049 sacerdotium
2158 2980 2393 3065 (Orell.
2447 3008 2517 3047 n.
2564 2982 2745 3057 6904;

428 3090 685 3155 Renier.
727 3091 930 3155 Inscr.
975 3090 1200 3175 Alger.
1251 3091 1404 3155 1440
1447 3103 1511 3155 et
1559 3092 1769 3172 1528),
1815 3088 2210 3177 Carthagine
2229 3138 2247 3167 ,
2292 3092 2559 3177 opinor,
2606 3112 2743 3155 con-

431 3198 749 3273 stitutum,
791 3199 944 3263 item
983 3200 1052 3263 in
1089 3199 1408 3285 Hispania
1452 3200 1715 3263 Baetica
1754 3196 1989 3286 (Orell.
2034 3200 2253 3283 5995),
2297 3200 2368 3263 in
2411 3199 2745 3265 Lusitania

430 3304 663 3389 (Orell.
708 3306 926 3387 2226),
970 3306 1039 3369 in
1081 3306 1549 3372 Tarraconensi
1597 3306 1959 3372 Tarracone
1998 3330 2165 3371 anno
2198 3309 2273 3371 15
2310 3333 2373 3393 p.
2398 3289 2559 3374 Chr.
2602 3329 2739 3372 con-

433 3415 640 3479 ditum
685 3414 872 3494 (Tac.
921 3414 1090 3481 Ann.
1132 3416 1185 3491 I,
1231 3416 1366 3498 78),
1427 3418 1493 3479 in
1534 3413 1835 3480 Sardinia
1878 3414 2108 3495 (Orell.
2152 3414 2373 3499 5969),
2432 3416 2504 3489 in
2550 3416 2743 3483 Dacia

430 3520 666 3608 (Orell.
707 3523 922 3607 2171),
969 3523 1038 3587 in
1078 3546 1206 3607 qua
1245 3522 1817 3607 Sarmizegethusa
1858 3523 2105 3589 colonia
2152 3524 2525 3611 metropolis
2566 3544 2739 3609 saepe

430 3630 788 3717 appellatur
825 3628 1216 3715 (Commeat.
1259 3632 1593 3718 epigr-aph.
1622 3632 1658 3696 Ι
1698 3653 1757 3717 p.
1786 3630 1963 3713 404),
2006 3632 2073 3695 in
2096 3631 2381 3717 Alpibus
2420 3632 2735 3698 maritimis

429 3738 666 3828 (Orell.
706 3740 924 3824 2214).
1015 3740 1344 3806 Britannia
1389 3762 1669 3826 quoque,
1716 3750 2055 3825 postquam
2100 3763 2139 3804 a
2174 3738 2455 3806 Claudio
2500 3743 2567 3807 in
2606 3762 2731 3827 pro-

429 3849 678 3915 vinciae
717 3850 988 3915 formam
1015 3848 1276 3915 redacta
1301 3860 1420 3925 est,
1464 3870 1803 3915 commune
1830 3848 2027 3913 totius
2054 3848 2422 3932 provinciae
2446 3849 2725 3935 templum

435 3955 712 4023 Claudio
767 3958 1138 4023 dedicat-um
1197 3958 1444 4043 accepit
1486 3954 1947 4033 Camuloduni,
2013 3956 2097 4021 de
2146 3978 2277 4041 quo
2320 3956 2475 4023 Tae.
2518 3954 2725 4024 Annal.

431 4066 626 4142 XIV,
671 4067 742 4131 31
795 4076 1030 4130 narrat.
1118 4066 1195 4131 In
1243 4064 1475 4138 Galliis
1520 4065 1785 4151 quidem
1838 4064 1959 4128 tria
2013 4065 2471 4151 imperatorum
2524 4062 2723 4149 templa

431 4174 636 4243 fuisse
674 4175 956 4259 reperi0,
1012 4175 1292 4260 primum
1330 4172 1771 4239 Narbonensis
1813 4173 2179 4258 provinciae
2196 4219 2214 4251 ,
2261 4174 2437 4258 quod
2478 4192 2723 4240 comme-

435 4293 720 4349 moratur
763 4284 937 4369 apud
983 4282 1186 4349 Orell.
1233 4308 1296 4349 n.
1334 4284 1499 4349 2543
1541 4294 1605 4347 et
1644 4283 1809 4348 6003
1853 4304 1931 4346 ac
1974 4280 2277 4347 Narbone
2321 4293 2635 4368 tamquam
2666 4279 2719 4342 in

435 4391 768 4476 metropoli
826 4394 1076 4475 (neque⁴
1127 4392 1296 4458 enim
1345 4392 1563 4477 ipsum
1616 4390 1741 4457 hoc
1800 4412 2035 4456 nomen
2088 4389 2437 4477 reperitur)
2500 4390 2723 4457 videtur
2844 4432 2846 4491 !
