2917 5017
486 352 567 416 54
1150 353 1235 403 De
1270 350 1447 403 Gallia
1483 354 1832 403 Romanorum
1867 352 2144 417 provincia.

482 516 686 581 multo
728 524 877 601 post
920 514 1325 579 consulatum
1372 512 1832 598 supervixisse.
1926 512 2064 579 Nec
2099 524 2308 579 tamen
2347 514 2478 577 hoc
2519 510 2796 596 impedit,

485 624 831 710 quominus
868 622 1265 709 provinciam
1307 621 1545 685 rexerit
1561 668 1580 697 ,
1623 642 1700 685 ac
1743 621 2002 685 videtur
2047 622 2294 688 rexisse
2311 670 2328 698 ,
2373 643 2510 685 non
2555 629 2801 704 propter

482 732 917 816 fragmentum
954 730 1118 795 illud
1164 728 1650 804 Sallustianum,
1710 729 1888 812 quod
1927 703 2245 795 Priscian.
2285 729 2409 806 VI,
2463 731 2564 803 11,
2615 727 2684 791 61
2735 750 2802 817 ex

482 838 651 905 libro
676 840 747 905 H
772 838 995 903 histor.
1042 839 1157 919 (ΙΙ,
1196 838 1277 905 84
1307 837 1409 901 ed.
1434 836 1680 919 Kritz.)
1723 836 1910 901 affert
1951 836 2050 912 (id
2093 837 2264 901 enim
2305 858 2459 901 cum
2507 836 2580 899 in
2621 835 2802 900 altero
2859 864 2862 871 ·

484 948 899 1013 historiarum
938 946 1105 1011 libro
1130 945 1345 1021 fuerit,
1384 945 1468 1011 ad
1500 944 1664 1008 illud
1695 944 1907 1029 potius
1931 945 2295 1031 imperium,
2333 942 2522 1029 quod
2551 942 2802 1009 Orestes

488 1079 570 1121 ex
608 1066 913 1142 praetura
953 1054 1197 1131 habuit,
1244 1052 1506 1119 videtur
1547 1052 1891 1136 pertinere,
1931 1074 2322 1138 quamquam
2363 1062 2552 1117 certe
2578 1073 2706 1116 non
2733 1052 2803 1116 ad

485 1176 851 1251 praeturam
892 1162 1241 1247 Illyricam,
1285 1172 1359 1225 ut
1394 1160 1675 1245 Pighius
1715 1160 1954 1225 Annal.
1989 1161 2096 1225 III
2135 1184 2197 1247 p.
2243 1160 2366 1226 293
2413 1159 2698 1235 volebat,
2738 1160 2803 1223 si-

485 1274 747 1359 quidem
786 1272 965 1336 nulla
990 1280 1125 1336 erat
1154 1269 1488 1357 provincia
1501 1268 1888 1352 Illyricum),
1931 1268 2048 1333 sed
2082 1280 2346 1357 propter
2373 1267 2801 1334 consularium

486 1382 967 1470 provinciarum
1012 1378 1567 1445 consuetudinem.
1629 1377 1858 1461 Itaque
1900 1398 2048 1441 cum
2093 1378 2492 1443 Macedonia
2539 1396 2704 1441 anno
2737 1376 2799 1439 71

490 1490 573 1555 ab
616 1490 711 1553 M.
756 1488 1058 1564 Luculle,
1101 1498 1241 1551 tum
1288 1510 1327 1549 a
1367 1485 1449 1549 L.
1493 1482 1810 1561 Culle010,
1855 1496 2026 1549 certe
2068 1498 2212 1573 post
2257 1498 2476 1551 tantas
2525 1484 2806 1549 victorias

488 1599 693 1681 nulle,
708 1597 899 1661 modo
944 1620 983 1660 a
1022 1594 1345 1660 consulari
1390 1594 1566 1669 vir0,
1613 1593 1776 1657 Asia
1815 1602 1878 1656 et
1922 1590 2156 1660 Cilicia
2194 1604 2482 1679 utroque
2529 1613 2700 1659 anno
2739 1590 2805 1655 ab

486 1707 568 1771 L.
611 1704 891 1770 Lucullo
912 1750 929 1780 ‚
988 1702 1431 1769 Narbonensis
1478 1699 1694 1767 Gallia
1735 1721 1900 1765 anno
1936 1701 2012 1766 71
2057 1724 2114 1766 a.
2153 1702 2250 1767 M.
2291 1702 2578 1767 Fonteio
2621 1699 2806 1766 admi-

488 1816 789 1881 nistratae
836 1813 983 1885 sint,
1032 1834 1181 1876 eum
1222 1811 1293 1875 in
1338 1811 1712 1875 alterutram
1753 1808 2138 1894 Hispaniam
2185 1812 2287 1877 vel
2332 1808 2461 1876 Cn.
2511 1809 2804 1896 Pompeio

490 1925 597 1988 vel
639 1922 723 2004 Q.
770 1922 1035 1985 Metello
1098 1920 1492 1985 successisse
1549 1918 1848 2003 suspicor
1859 1942 1877 1993 3
1945 1940 2094 1983 nam
2146 1920 2414 1984 alteram
2473 1941 2684 2003 usque
2709 1931 2716 1937 '
2737 1916 2808 1981 ad

490 2054 731 2095 annum
776 2029 855 2094 69
905 2028 999 2091 Μ.
1044 2028 1299 2112 Pupius
1344 2027 1502 2092 Piso
1556 2050 1636 2091 ex
1689 2037 1991 2111 praetura
2041 2027 2250 2090 tenuit
2299 2027 2577 2112 (Ascon.
2629 2048 2695 2111 p.
2739 2025 2808 2087 15

490 2136 692 2203 Orell.
712 2160 730 2214 3
790 2132 930 2199 Cic.
966 2157 1033 2220 p.
1076 2134 1288 2199 Flacc.
1330 2155 1384 2198 c.
1430 2134 1531 2218 3).
1603 2133 2048 2219 Insequuntur
2103 2156 2271 2199 anno
2321 2134 2410 2199 70
2457 2132 2584 2199 Cn.
2628 2133 2807 2197 Pom-

488 2245 675 2331 peius
726 2243 1012 2329 Magnus
1058 2252 1121 2307 et
1162 2241 1258 2306 M.
1297 2241 1596 2307 Licinius
1644 2238 1926 2307 Crassus
1987 2244 2286 2309 consules
2305 2290 2322 2319 ,
2377 2265 2664 2328 quorum
2715 2240 2804 2305 ille

492 2374 641 2419 cum
701 2353 981 2417 iurasset
1034 2374 1105 2415 se
1160 2352 1231 2416 in
1283 2349 1528 2415 nullam
1575 2350 1974 2436 provinciam
2035 2373 2114 2415 ex
2169 2352 2518 2417 consulatu
2581 2352 2802 2415 iturum

489 2461 687 2546 idque
730 2469 1053 2525 servasset
1094 2458 1292 2547 (Vell.
1329 2460 1420 2536 Π,
1467 2460 1582 2535 31;
1629 2460 1859 2524 Zonar.
1893 2458 1989 2533 X,
2029 2456 2120 2543 2),
2163 2458 2322 2545 quid
2359 2460 2630 2525 tandem
2673 2456 2803 2521 fecit

492 2566 817 2634 Crassus?
885 2566 1061 2631 Num
1101 2566 1277 2631 idem
1317 2566 1554 2631 iuravit
1591 2567 1769 2651 quod
1811 2567 2210 2652 Pompeius?
2279 2565 2374 2632 At
2421 2569 2494 2633 id
2531 2590 2654 2633 nec
2695 2578 2802 2629 tra-

492 2676 589 2740 dit
629 2675 971 2760 quisquam
1002 2696 1121 2739 nec
1149 2696 1267 2760 per
1304 2696 1373 2739 se
1408 2672 1742 2760 probabile
1769 2686 1886 2752 est,
1924 2674 2100 2760 quod
2131 2674 2423 2740 nondum
2459 2674 2805 2742 consularia

490 2783 791 2868 imperia,
836 2793 911 2846 ut
954 2782 1339 2867 Pompeius,
1389 2792 1784 2847 exercuerat.
1873 2782 1931 2847 N
1939 2806 2013 2847 ec
2057 2784 2270 2847 minus
2313 2795 2536 2850 tamen
2575 2794 2804 2849 certum

492 2901 593 2957 est
632 2913 781 2957 eum
822 2912 953 2955 non
992 2890 1203 2955 exisse
1241 2890 1311 2953 in
1339 2890 1756 2976 provinciam.
1814 2890 1997 2973 Quid
2027 2892 2228 2977 igitur
2255 2895 2550 2959 muneris
2579 2890 2803 2979 gessit?

492 3002 811 3067 Nimirum
832 3002 1128 3086 Pompeii
1170 3001 1586 3065 iureiurando
1625 3001 1738 3067 illa
1762 3001 2116 3088 provincia,
2159 3024 2327 3087 quae
2358 3013 2548 3068 extra
2576 3000 2794 3065 Italiam

494 3110 754 3175 decerni
803 3110 1065 3186 solebat,
1112 3109 1367 3175 sublata
1414 3120 1570 3187 erat,
1610 3110 1820 3196 ipsam
1862 3110 2110 3175 Italiam
2153 3132 2300 3174 cum
2341 3109 2566 3177 Gallia
2607 3106 2797 3174 Cisal-

492 3220 647 3305 pina
690 3218 937 3304 accepit
966 3218 1061 3281 M.
1091 3216 1371 3283 Crassus
1416 3218 1614 3303 idque
1657 3218 1748 3284 ita
1791 3228 2292 3284 consentaneum
2341 3230 2497 3284 erat.
2561 3214 2801 3283 Etenim

492 3338 753 3415 pacarat
794 3327 989 3412 paulo
1034 3336 1179 3390 ante
1215 3326 1383 3391 bello
1427 3326 1602 3390 civili
1647 3327 1928 3391 extincto
1964 3326 2214 3391 Italiam
2228 3374 2247 3404 ,
2285 3349 2486 3412 quare
2502 3374 2519 3403 ‚
2561 3338 2634 3390 ut
2669 3344 2801 3410 pro-

494 3435 768 3500 vinciam
807 3434 918 3519 qui
962 3433 1253 3519 subegit,
1296 3434 1473 3498 idem
1514 3434 1657 3499 iure
1701 3457 1778 3500 ac
1821 3435 2076 3521 legibus
2121 3456 2505 3521 componere
2553 3431 2802 3504 solebat,

494 3543 583 3610 ita
628 3540 891 3607 Crasso·
926 3542 1413 3607 concedendum
1471 3553 1639 3619 erat,
1709 3555 1783 3608 ut
1838 3553 2150 3609 vastatam
2209 3544 2524 3609 seditione
2569 3540 2800 3609 Italiam

493 3651 860 3717 restitueret
882 3649 1397 3736 provideretque,
1423 3673 1505 3715 ne
1533 3651 1710 3736 quod
1743 3651 1948 3716 simile
1975 3651 2215 3715 malum
2239 3651 2475 3715 iterum
2497 3651 2798 3717 existeret.

493 3759 601 3823 De
656 3759 997 3825 consulum
1017 3806 1034 3835 ,
1100 3758 1213 3844 qui
1283 3783 1451 3824 anno
1515 3760 1594 3825 69
1656 3771 2140 3837 successerunt,
2210 3758 2298 3841 Q.
2357 3758 2690 3825 Hortensii
2749 3762 2799 3817 et

496 3867 583 3950 Q.
631 3868 912 3946 Metelli,
976 3868 1327 3954 provinciis
1394 3868 1549 3933 satis
1603 3868 1847 3932 dictum
1902 3879 2000 3932 est
2039 3869 2106 3931 in
2151 3865 2793 3934 commentationibus

496 3975 830 4062 epigraph.
872 3975 1019 4042 Vol.
1064 3975 1133 4041 Π
1174 4000 1239 4062 p.
1286 3976 1421 4042 186.
1505 3972 1676 4041 Cum
1714 3998 1854 4041 sors
1895 3976 2078 4041 aliter
2119 3976 2576 4054 constituisset,
2618 3970 2793 4041 cessit

502 4084 895 4149 Hortensius
919 4084 1185 4149 Metello
1204 4084 1654 4151 Macedoniam
1677 4096 1740 4150 et
1761 4084 2002 4150 bellum
2025 4082 2374 4163 Creticum,
2411 4086 2552 4172 ipse
2571 4086 2792 4150 Romae

496 4192 732 4256 mansit
772 4191 814 4256 i.
856 4214 934 4268 e.,
976 4202 1050 4256 ut
1093 4192 1361 4257 coniicio
1403 4192 1594 4282 (nihil
1631 4194 1801 4259 enim
1847 4194 1928 4257 de
1957 4216 2032 4257 ea
2072 4216 2140 4257 re
2189 4192 2515 4277 traditur),
2561 4190 2790 4258 Italiam

496 4300 893 4385 provinciam
934 4301 1183 4386 accepit
1204 4299 1614 4386 Galliamque
1653 4298 2050 4386 Cisalpinam
2095 4324 2243 4367 cum
2287 4325 2364 4369 ea
2409 4282 2789 4367 coniunctam

498 4408 681 4473 rexit.
776 4408 1199 4493 Eandemque
1252 4408 1429 4473 haud
1495 4408 1628 4475 scio
1671 4431 1751 4474 an
1805 4409 2171 4491 insequenti
2223 4433 2390 4477 anno
2446 4403 2788 4477 obtinuerit,
