<?xml version="1.0" encoding="UTF-8"?>
<!DOCTYPE html PUBLIC "-//W3C//DTD XHTML 1.0 Transitional//EN"
    "http://www.w3.org/TR/xhtml1/DTD/xhtml1-transitional.dtd">
<html xmlns="http://www.w3.org/1999/xhtml" xml:lang="en" lang="en">
 <head>
  <title>
</title>
<meta http-equiv="Content-Type" content="text/html;charset=utf-8" />
  <meta name='ocr-system' content='tesseract 3.04.00' />
  <meta name='ocr-capabilities' content='ocr_page ocr_carea ocr_par ocr_line ocrx_word'/>
</head>
<body>
  <div class='ocr_page' id='page_1' title='image "augustiwilhelmi01unkngoog_0402.png"; bbox 0 0 2917 5017; ppageno 0'>
   <div class='ocr_carea' id='block_1_1' title="bbox 1171 351 2523 427">
    <p class='ocr_par' dir='ltr' id='par_1_1' title="bbox 1171 351 2523 427">
     <span class='ocr_line' id='line_1_1' title="bbox 1171 351 2523 427; baseline -0.003 -24"><span class='ocrx_word' id='word_1_1' title='bbox 1171 351 1339 404; x_wconf 81' lang='lat' dir='ltr'><strong>Index</strong></span> <span class='ocrx_word' id='word_1_2' title='bbox 1373 368 1561 406; x_wconf 81' lang='lat' dir='ltr'><strong>rerum.</strong></span> <span class='ocrx_word' id='word_1_3' title='bbox 2400 358 2523 427; x_wconf 77' lang='lat'><strong>387</strong></span> 
     </span>
    </p>
   </div>
   <div class='ocr_carea' id='block_1_2' title="bbox 186 512 2522 1075">
    <p class='ocr_par' dir='ltr' id='par_1_2' title="bbox 192 512 2522 661">
     <span class='ocr_line' id='line_1_2' title="bbox 192 512 2522 593; baseline 0.009 -32"><span class='ocrx_word' id='word_1_4' title='bbox 192 512 278 563; x_wconf 89' lang='lat' dir='ltr'><strong>M.</strong></span> <span class='ocrx_word' id='word_1_5' title='bbox 313 513 536 564; x_wconf 87' lang='lat' dir='ltr'><strong>Licinius</strong></span> <span class='ocrx_word' id='word_1_6' title='bbox 569 514 786 565; x_wconf 76' lang='lat' dir='ltr'>Crassus</span> <span class='ocrx_word' id='word_1_7' title='bbox 835 515 1041 578; x_wconf 86' lang='lat' dir='ltr'><strong>quando</strong></span> <span class='ocrx_word' id='word_1_8' title='bbox 1085 517 1138 564; x_wconf 87' lang='lat' dir='ltr'><strong>in</strong></span> <span class='ocrx_word' id='word_1_9' title='bbox 1187 519 1502 580; x_wconf 77' lang='lat' dir='ltr'><strong>provinciam</strong></span> <span class='ocrx_word' id='word_1_10' title='bbox 1539 520 1721 570; x_wconf 86' lang='lat' dir='ltr'><strong>exierit</strong></span> <span class='ocrx_word' id='word_1_11' title='bbox 1763 519 1847 572; x_wconf 87' lang='grc'><strong>73.</strong></span> <span class='ocrx_word' id='word_1_12' title='bbox 1914 528 2171 587; x_wconf 83' lang='lat' dir='ltr'><strong>quomodo</strong></span> <span class='ocrx_word' id='word_1_13' title='bbox 2208 530 2522 593; x_wconf 81' lang='lat' dir='ltr'><strong>provinciam</strong></span> 
     </span>
     <span class='ocr_line' id='line_1_3' title="bbox 343 596 711 661; baseline 0.008 -18"><span class='ocrx_word' id='word_1_14' title='bbox 343 598 594 661; x_wconf 88' lang='lat' dir='ltr'><strong>acceperit</strong></span> <span class='ocrx_word' id='word_1_15' title='bbox 629 596 711 646; x_wconf 75' lang='lat'><strong>78.</strong></span> 
     </span>
    </p>

    <p class='ocr_par' dir='ltr' id='par_1_3' title="bbox 189 673 1790 746">
     <span class='ocr_line' id='line_1_4' title="bbox 189 673 1790 746; baseline 0.006 -22"><span class='ocrx_word' id='word_1_16' title='bbox 189 673 265 725; x_wconf 80' lang='lat' dir='ltr'><strong>L.</strong></span> <span class='ocrx_word' id='word_1_17' title='bbox 301 676 529 726; x_wconf 90' lang='lat' dir='ltr'><strong>Licinius</strong></span> <span class='ocrx_word' id='word_1_18' title='bbox 567 676 809 726; x_wconf 78' lang='lat' dir='ltr'><strong>Lucullus</strong></span> <span class='ocrx_word' id='word_1_19' title='bbox 851 676 1108 739; x_wconf 87' lang='lat' dir='ltr'><strong>quomodo</strong></span> <span class='ocrx_word' id='word_1_20' title='bbox 1145 675 1376 728; x_wconf 75' lang='lat' dir='ltr'><strong>Ciliciam</strong></span> <span class='ocrx_word' id='word_1_21' title='bbox 1417 683 1669 746; x_wconf 87' lang='lat' dir='ltr'><strong>acceperit</strong></span> <span class='ocrx_word' id='word_1_22' title='bbox 1706 680 1790 733; x_wconf 87' lang='grc'><strong>52.</strong></span> 
     </span>
    </p>

    <p class='ocr_par' dir='ltr' id='par_1_4' title="bbox 189 754 1311 823">
     <span class='ocr_line' id='line_1_5' title="bbox 189 754 1311 823; baseline 0.005 -20"><span class='ocrx_word' id='word_1_23' title='bbox 189 755 416 820; x_wconf 82' lang='lat' dir='ltr'>Ligures</span> <span class='ocrx_word' id='word_1_24' title='bbox 451 759 502 807; x_wconf 86' lang='lat' dir='ltr'><strong>in</strong></span> <span class='ocrx_word' id='word_1_25' title='bbox 537 756 796 822; x_wconf 86' lang='lat' dir='ltr'><strong>provincia</strong></span> <span class='ocrx_word' id='word_1_26' title='bbox 829 754 983 804; x_wconf 88' lang='lat' dir='ltr'><strong>Italia</strong></span> <span class='ocrx_word' id='word_1_27' title='bbox 1017 766 1137 805; x_wconf 89' lang='lat' dir='ltr'><strong>sunt</strong></span> <span class='ocrx_word' id='word_1_28' title='bbox 1174 756 1207 807; x_wconf 95' lang='lat'><strong>7</strong></span> <span class='ocrx_word' id='word_1_29' title='bbox 1235 775 1311 823; x_wconf 90' lang='lat' dir='ltr'><strong>sq.</strong></span> 
     </span>
    </p>

    <p class='ocr_par' dir='ltr' id='par_1_5' title="bbox 187 836 2119 901">
     <span class='ocr_line' id='line_1_6' title="bbox 187 836 2119 901; baseline 0.007 -17"><span class='ocrx_word' id='word_1_30' title='bbox 187 836 260 888; x_wconf 87' lang='lat' dir='ltr'><strong>L.</strong></span> <span class='ocrx_word' id='word_1_31' title='bbox 300 838 560 888; x_wconf 85' lang='lat' dir='ltr'><strong>Livineius</strong></span> <span class='ocrx_word' id='word_1_32' title='bbox 595 837 823 901; x_wconf 76' lang='lat' dir='ltr'><strong>Regulus</strong></span> <span class='ocrx_word' id='word_1_33' title='bbox 859 836 1142 901; x_wconf 81' lang='lat' dir='ltr'><strong>praefectus</strong></span> <span class='ocrx_word' id='word_1_34' title='bbox 1182 840 1294 888; x_wconf 88' lang='lat' dir='ltr'><strong>urbi</strong></span> <span class='ocrx_word' id='word_1_35' title='bbox 1335 842 1430 890; x_wconf 88' lang='lat' dir='ltr'><strong>sub</strong></span> <span class='ocrx_word' id='word_1_36' title='bbox 1468 842 1716 894; x_wconf 78' lang='lat' dir='ltr'>dictatore</span> <span class='ocrx_word' id='word_1_37' title='bbox 1744 843 1966 895; x_wconf 76' lang='lat' dir='ltr'><strong>Caesare</strong></span> <span class='ocrx_word' id='word_1_38' title='bbox 1998 844 2119 897; x_wconf 95' lang='grc'><strong>248.</strong></span> 
     </span>
    </p>

    <p class='ocr_par' dir='ltr' id='par_1_6' title="bbox 187 914 1970 985">
     <span class='ocr_line' id='line_1_7' title="bbox 187 914 1970 985; baseline 0.006 -20"><span class='ocrx_word' id='word_1_39' title='bbox 187 917 376 968; x_wconf 83' lang='lat' dir='ltr'><strong>Livius</strong></span> <span class='ocrx_word' id='word_1_40' title='bbox 412 922 710 969; x_wconf 87' lang='lat' dir='ltr'><strong>emendatur</strong></span> <span class='ocrx_word' id='word_1_41' title='bbox 748 917 833 969; x_wconf 89' lang='grc'><strong>81.</strong></span> <span class='ocrx_word' id='word_1_42' title='bbox 870 914 986 969; x_wconf 87' lang='grc'><strong>345.</strong></span> <span class='ocrx_word' id='word_1_43' title='bbox 1023 914 1140 967; x_wconf 89' lang='grc'><strong>347.</strong></span> <span class='ocrx_word' id='word_1_44' title='bbox 1213 922 1498 985; x_wconf 78' lang='lat' dir='ltr'><strong>explicatur</strong></span> <span class='ocrx_word' id='word_1_45' title='bbox 1536 921 1655 973; x_wconf 90' lang='grc'><strong>292.</strong></span> <span class='ocrx_word' id='word_1_46' title='bbox 1690 923 1810 976; x_wconf 87' lang='grc'><strong>357.</strong></span> <span class='ocrx_word' id='word_1_47' title='bbox 1852 923 1970 975; x_wconf 88' lang='grc'><strong>362.</strong></span> 
     </span>
    </p>

    <p class='ocr_par' dir='ltr' id='par_1_7' title="bbox 186 994 2521 1075">
     <span class='ocr_line' id='line_1_8' title="bbox 186 994 2521 1075; baseline 0.007 -28"><span class='ocrx_word' id='word_1_48' title='bbox 186 998 433 1061; x_wconf 84' lang='lat' dir='ltr'><strong>Lugduni</strong></span> <span class='ocrx_word' id='word_1_49' title='bbox 475 1015 566 1051; x_wconf 87' lang='lat' dir='ltr'><strong>ara</strong></span> <span class='ocrx_word' id='word_1_50' title='bbox 600 1002 840 1064; x_wconf 83' lang='lat' dir='ltr'><strong>Augusto</strong></span> <span class='ocrx_word' id='word_1_51' title='bbox 885 1000 1088 1048; x_wconf 86' lang='lat' dir='ltr'><strong>condita</strong></span> <span class='ocrx_word' id='word_1_52' title='bbox 1135 998 1245 1050; x_wconf 88' lang='grc'><strong>118.</strong></span> <span class='ocrx_word' id='word_1_53' title='bbox 1315 994 1547 1053; x_wconf 59' lang='lat' dir='ltr'><strong>versatur</strong></span> <span class='ocrx_word' id='word_1_54' title='bbox 1568 1004 1913 1059; x_wconf 84' lang='lat' dir='ltr'><strong>-Germanicus</strong></span> <span class='ocrx_word' id='word_1_55' title='bbox 1954 1006 2070 1059; x_wconf 93' lang='grc'><strong>127.</strong></span> <span class='ocrx_word' id='word_1_56' title='bbox 2136 1026 2238 1075; x_wconf 91' lang='lat' dir='ltr'><strong>quo</strong></span> <span class='ocrx_word' id='word_1_57' title='bbox 2286 1014 2393 1063; x_wconf 88' lang='lat' dir='ltr'><strong>iure</strong></span> <span class='ocrx_word' id='word_1_58' title='bbox 2436 1029 2521 1063; x_wconf 92' lang='lat' dir='ltr'><strong>co-</strong></span> 
     </span>
    </p>
   </div>
   <div class='ocr_carea' id='block_1_3' title="bbox 333 1080 2521 1215">
    <p class='ocr_par' dir='ltr' id='par_1_8' title="bbox 333 1080 2521 1215">
     <span class='ocr_line' id='line_1_9' title="bbox 333 1080 2521 1215; baseline 0.007 -85"><span class='ocrx_word' id='word_1_59' title='bbox 333 1080 822 1215; x_wconf 43' lang='grc' dir='ltr'><strong>ῗηὶειζὶξιὲοήῶἓῶ.</strong></span> <span class='ocrx_word' id='word_1_60' title='bbox 893 1081 1193 1144; x_wconf 79' lang='lat' dir='ltr'><strong>metropolis</strong></span> <span class='ocrx_word' id='word_1_61' title='bbox 1237 1082 1332 1133; x_wconf 81' lang='lat' dir='ltr'><strong>fuit</strong></span> <span class='ocrx_word' id='word_1_62' title='bbox 1373 1091 1424 1133; x_wconf 87' lang='lat' dir='ltr'><strong>et</strong></span> <span class='ocrx_word' id='word_1_63' title='bbox 1457 1086 1658 1137; x_wconf 87' lang='lat' dir='ltr'><strong>celebre</strong></span> <span class='ocrx_word' id='word_1_64' title='bbox 1692 1088 2047 1154; x_wconf 84' lang='lat' dir='ltr'><strong>Augustorum</strong></span> <span class='ocrx_word' id='word_1_65' title='bbox 2082 1093 2325 1158; x_wconf 86' lang='lat' dir='ltr'><strong>templum</strong></span> <span class='ocrx_word' id='word_1_66' title='bbox 2364 1096 2521 1147; x_wconf 89' lang='lat' dir='ltr'><strong>habe-</strong></span> 
     </span>
     <span class='ocr_line' id='line_1_10' title="bbox 377 1170 750 1214; baseline 0.005 -3"><span class='ocrx_word' id='word_1_67' title='bbox 377 1170 430 1212; x_wconf 80' lang='lat' dir='ltr'><strong>at</strong></span> <span class='ocrx_word' id='word_1_68' title='bbox 577 1201 590 1214; x_wconf 92' lang='lat'><strong>.</strong></span> <span class='ocrx_word' id='word_1_69' title='bbox 737 1200 750 1213; x_wconf 90' lang='lat'><strong>.</strong></span> 
     </span>
    </p>
   </div>
   <div class='ocr_carea' id='block_1_4' title="bbox 177 1321 2519 3412">
    <p class='ocr_par' dir='ltr' id='par_1_9' title="bbox 183 1321 976 1390">
     <span class='ocr_line' id='line_1_11' title="bbox 183 1321 976 1390; baseline 0.004 -19"><span class='ocrx_word' id='word_1_70' title='bbox 183 1322 492 1373; x_wconf 73' lang='lat' dir='ltr'><strong>Macrobius</strong></span> <span class='ocrx_word' id='word_1_71' title='bbox 533 1325 820 1390; x_wconf 86' lang='lat' dir='ltr'><strong>explicatur</strong></span> <span class='ocrx_word' id='word_1_72' title='bbox 858 1321 976 1375; x_wconf 92' lang='grc'><strong>217.</strong></span> 
     </span>
    </p>

    <p class='ocr_par' dir='ltr' id='par_1_10' title="bbox 180 1404 1527 1471">
     <span class='ocr_line' id='line_1_12' title="bbox 180 1404 1527 1471; baseline 0.005 -19"><span class='ocrx_word' id='word_1_73' title='bbox 180 1404 412 1467; x_wconf 84' lang='lat' dir='ltr'><strong>Malaca,</strong></span> <span class='ocrx_word' id='word_1_74' title='bbox 447 1406 732 1471; x_wconf 78' lang='lat' dir='ltr'><strong>Hispaniae</strong></span> <span class='ocrx_word' id='word_1_75' title='bbox 764 1406 1006 1456; x_wconf 78' lang='lat' dir='ltr'><strong>Baeticae</strong></span> <span class='ocrx_word' id='word_1_76' title='bbox 1039 1405 1370 1470; x_wconf 88' lang='lat' dir='ltr'><strong>municipium</strong></span> <span class='ocrx_word' id='word_1_77' title='bbox 1407 1405 1527 1459; x_wconf 90' lang='grc'><strong>319.</strong></span> 
     </span>
    </p>

    <p class='ocr_par' dir='ltr' id='par_1_11' title="bbox 181 1488 2519 1715">
     <span class='ocr_line' id='line_1_13' title="bbox 181 1488 2518 1557; baseline 0.006 -22"><span class='ocrx_word' id='word_1_78' title='bbox 181 1488 504 1549; x_wconf 85' lang='lat' dir='ltr'><strong>magistrum</strong></span> <span class='ocrx_word' id='word_1_79' title='bbox 543 1488 768 1551; x_wconf 84' lang='lat' dir='ltr'><strong>equitnm</strong></span> <span class='ocrx_word' id='word_1_80' title='bbox 815 1498 921 1538; x_wconf 84' lang='lat' dir='ltr'><strong>non</strong></span> <span class='ocrx_word' id='word_1_81' title='bbox 966 1488 1122 1537; x_wconf 89' lang='lat' dir='ltr'><strong>habet</strong></span> <span class='ocrx_word' id='word_1_82' title='bbox 1161 1488 1406 1549; x_wconf 87' lang='lat' dir='ltr'><strong>dictator,</strong></span> <span class='ocrx_word' id='word_1_83' title='bbox 1449 1490 1537 1551; x_wconf 88' lang='lat' dir='ltr'><strong>qui</strong></span> <span class='ocrx_word' id='word_1_84' title='bbox 1572 1506 1677 1540; x_wconf 89' lang='lat' dir='ltr'><strong>uon</strong></span> <span class='ocrx_word' id='word_1_85' title='bbox 1712 1493 1784 1541; x_wconf 88' lang='lat' dir='ltr'><strong>rei</strong></span> <span class='ocrx_word' id='word_1_86' title='bbox 1822 1496 2075 1557; x_wconf 82' lang='lat' dir='ltr'><strong>gerendae</strong></span> <span class='ocrx_word' id='word_1_87' title='bbox 2112 1510 2269 1545; x_wconf 85' lang='lat' dir='ltr'><strong>causa</strong></span> <span class='ocrx_word' id='word_1_88' title='bbox 2304 1497 2362 1546; x_wconf 90' lang='lat' dir='ltr'><strong>fit</strong></span> <span class='ocrx_word' id='word_1_89' title='bbox 2400 1495 2518 1549; x_wconf 90' lang='grc'><strong>207.</strong></span> 
     </span>
     <span class='ocr_line' id='line_1_14' title="bbox 333 1566 2519 1632; baseline 0.004 -14"><span class='ocrx_word' id='word_1_90' title='bbox 333 1584 531 1620; x_wconf 83' lang='lat' dir='ltr'><strong>annuus</strong></span> <span class='ocrx_word' id='word_1_91' title='bbox 581 1576 761 1619; x_wconf 87' lang='lat' dir='ltr'><strong>contra</strong></span> <span class='ocrx_word' id='word_1_92' title='bbox 802 1570 945 1632; x_wconf 84' lang='lat' dir='ltr'><strong>leges</strong></span> <span class='ocrx_word' id='word_1_93' title='bbox 993 1576 1072 1617; x_wconf 88' lang='lat' dir='ltr'><strong>est</strong></span> <span class='ocrx_word' id='word_1_94' title='bbox 1121 1566 1238 1619; x_wconf 89' lang='grc'><strong>211.</strong></span> <span class='ocrx_word' id='word_1_95' title='bbox 1312 1584 1346 1619; x_wconf 87' lang='lat' dir='ltr'><strong>a</strong></span> <span class='ocrx_word' id='word_1_96' title='bbox 1391 1572 1597 1621; x_wconf 87' lang='lat' dir='ltr'><strong>consule</strong></span> <span class='ocrx_word' id='word_1_97' title='bbox 1634 1572 1795 1622; x_wconf 83' lang='lat' dir='ltr'><strong>dietus</strong></span> <span class='ocrx_word' id='word_1_98' title='bbox 1836 1572 1955 1624; x_wconf 88' lang='grc'><strong>212.</strong></span> <span class='ocrx_word' id='word_1_99' title='bbox 2004 1572 2121 1626; x_wconf 91' lang='grc'><strong>222.</strong></span> <span class='ocrx_word' id='word_1_100' title='bbox 2198 1578 2351 1627; x_wconf 88' lang='lat' dir='ltr'><strong>annui</strong></span> <span class='ocrx_word' id='word_1_101' title='bbox 2389 1578 2519 1627; x_wconf 84' lang='lat' dir='ltr'><strong>fiunt</strong></span> 
     </span>
     <span class='ocr_line' id='line_1_15' title="bbox 332 1647 842 1715; baseline 0.002 -15"><span class='ocrx_word' id='word_1_102' title='bbox 332 1653 564 1715; x_wconf 81' lang='lat' dir='ltr'><strong>magistri</strong></span> <span class='ocrx_word' id='word_1_103' title='bbox 603 1666 684 1714; x_wconf 89' lang='lat' dir='ltr'><strong>eq.</strong></span> <span class='ocrx_word' id='word_1_104' title='bbox 723 1647 842 1701; x_wconf 93' lang='grc'><strong>241.</strong></span> 
     </span>
    </p>

    <p class='ocr_par' dir='ltr' id='par_1_12' title="bbox 180 1727 1481 1795">
     <span class='ocr_line' id='line_1_16' title="bbox 180 1727 1481 1795; baseline 0.001 -15"><span class='ocrx_word' id='word_1_105' title='bbox 180 1731 253 1781; x_wconf 88' lang='lat' dir='ltr'><strong>L.</strong></span> <span class='ocrx_word' id='word_1_106' title='bbox 291 1732 518 1783; x_wconf 82' lang='lat' dir='ltr'><strong>Manlius</strong></span> <span class='ocrx_word' id='word_1_107' title='bbox 555 1731 753 1783; x_wconf 84' lang='lat' dir='ltr'><strong>Galliae</strong></span> <span class='ocrx_word' id='word_1_108' title='bbox 788 1730 1162 1795; x_wconf 75' lang='lat' dir='ltr'><strong>Transalpinas</strong></span> <span class='ocrx_word' id='word_1_109' title='bbox 1197 1736 1362 1779; x_wconf 86' lang='lat' dir='ltr'><strong>rector</strong></span> <span class='ocrx_word' id='word_1_110' title='bbox 1395 1727 1481 1781; x_wconf 91' lang='grc'><strong>47.</strong></span> 
     </span>
    </p>

    <p class='ocr_par' dir='ltr' id='par_1_13' title="bbox 181 1809 1599 1878">
     <span class='ocr_line' id='line_1_17' title="bbox 181 1809 1599 1878; baseline 0 -17"><span class='ocrx_word' id='word_1_111' title='bbox 181 1815 530 1863; x_wconf 82' lang='lat' dir='ltr'><strong>manumissio</strong></span> <span class='ocrx_word' id='word_1_112' title='bbox 566 1814 702 1878; x_wconf 84' lang='lat' dir='ltr'><strong>apud</strong></span> <span class='ocrx_word' id='word_1_113' title='bbox 735 1813 1070 1876; x_wconf 82' lang='lat' dir='ltr'><strong>municipales</strong></span> <span class='ocrx_word' id='word_1_114' title='bbox 1108 1811 1434 1873; x_wconf 79' lang='lat' dir='ltr'><strong>magistratus</strong></span> <span class='ocrx_word' id='word_1_115' title='bbox 1480 1809 1599 1861; x_wconf 90' lang='grc'><strong>279.</strong></span> 
     </span>
    </p>

    <p class='ocr_par' dir='ltr' id='par_1_14' title="bbox 183 1892 2517 2039">
     <span class='ocr_line' id='line_1_18' title="bbox 183 1892 2517 1959; baseline 0.003 -16"><span class='ocrx_word' id='word_1_116' title='bbox 183 1893 252 1943; x_wconf 87' lang='lat' dir='ltr'><strong>C.</strong></span> <span class='ocrx_word' id='word_1_117' title='bbox 289 1896 444 1945; x_wconf 83' lang='lat' dir='ltr'><strong>Marii</strong></span> <span class='ocrx_word' id='word_1_118' title='bbox 481 1902 721 1959; x_wconf 86' lang='lat' dir='ltr'><strong>praetura</strong></span> <span class='ocrx_word' id='word_1_119' title='bbox 761 1892 840 1943; x_wconf 92' lang='grc'><strong>17.</strong></span> <span class='ocrx_word' id='word_1_120' title='bbox 915 1908 1002 1943; x_wconf 84' lang='lat' dir='ltr'><strong>cur</strong></span> <span class='ocrx_word' id='word_1_121' title='bbox 1035 1907 1129 1941; x_wconf 87' lang='lat' dir='ltr'><strong>sex</strong></span> <span class='ocrx_word' id='word_1_122' title='bbox 1165 1892 1458 1941; x_wconf 85' lang='lat' dir='ltr'><strong>consulatus</strong></span> <span class='ocrx_word' id='word_1_123' title='bbox 1504 1894 1751 1959; x_wconf 88' lang='lat' dir='ltr'><strong>acceperit</strong></span> <span class='ocrx_word' id='word_1_124' title='bbox 1800 1892 1885 1945; x_wconf 89' lang='grc'><strong>22.</strong></span> <span class='ocrx_word' id='word_1_125' title='bbox 1958 1894 2179 1948; x_wconf 82' lang='lat' dir='ltr'><strong>Galliam</strong></span> <span class='ocrx_word' id='word_1_126' title='bbox 2212 1897 2517 1950; x_wconf 82' lang='lat' dir='ltr'><strong>Narbonen-</strong></span> 
     </span>
     <span class='ocr_line' id='line_1_19' title="bbox 337 1970 1460 2039; baseline -0.002 -16"><span class='ocrx_word' id='word_1_127' title='bbox 337 1990 448 2024; x_wconf 87' lang='lat' dir='ltr'><strong>sem</strong></span> <span class='ocrx_word' id='word_1_128' title='bbox 485 1976 540 2023; x_wconf 90' lang='lat' dir='ltr'><strong>in</strong></span> <span class='ocrx_word' id='word_1_129' title='bbox 575 1976 866 2039; x_wconf 85' lang='lat' dir='ltr'><strong>provinciae</strong></span> <span class='ocrx_word' id='word_1_130' title='bbox 900 1972 1118 2023; x_wconf 81' lang='lat' dir='ltr'><strong>formam</strong></span> <span class='ocrx_word' id='word_1_131' title='bbox 1153 1974 1340 2036; x_wconf 87' lang='lat' dir='ltr'><strong>redigit</strong></span> <span class='ocrx_word' id='word_1_132' title='bbox 1375 1970 1460 2021; x_wconf 89' lang='grc'><strong>25.</strong></span> 
     </span>
    </p>

    <p class='ocr_par' dir='ltr' id='par_1_15' title="bbox 179 2053 1975 2120">
     <span class='ocr_line' id='line_1_20' title="bbox 179 2053 1975 2120; baseline 0.001 -15"><span class='ocrx_word' id='word_1_133' title='bbox 179 2056 410 2106; x_wconf 81' lang='lat' dir='ltr'><strong>Martiae</strong></span> <span class='ocrx_word' id='word_1_134' title='bbox 447 2054 708 2106; x_wconf 87' lang='lat' dir='ltr'><strong>Calendae</strong></span> <span class='ocrx_word' id='word_1_135' title='bbox 741 2057 798 2105; x_wconf 90' lang='lat' dir='ltr'><strong>in</strong></span> <span class='ocrx_word' id='word_1_136' title='bbox 831 2054 1106 2120; x_wconf 80' lang='lat' dir='ltr'><strong>provinciis</strong></span> <span class='ocrx_word' id='word_1_137' title='bbox 1145 2054 1475 2103; x_wconf 86' lang='lat' dir='ltr'><strong>decernendis</strong></span> <span class='ocrx_word' id='word_1_138' title='bbox 1518 2053 1853 2104; x_wconf 80' lang='lat' dir='ltr'><strong>observantur</strong></span> <span class='ocrx_word' id='word_1_139' title='bbox 1890 2054 1975 2106; x_wconf 83' lang='grc'><strong>84.</strong></span> 
     </span>
    </p>

    <p class='ocr_par' dir='ltr' id='par_1_16' title="bbox 181 2134 2147 2201">
     <span class='ocr_line' id='line_1_21' title="bbox 181 2134 2147 2201; baseline 0.002 -15"><span class='ocrx_word' id='word_1_140' title='bbox 181 2135 544 2188; x_wconf 81' lang='lat' dir='ltr'><strong>Mauretaniae</strong></span> <span class='ocrx_word' id='word_1_141' title='bbox 576 2135 988 2201; x_wconf 85' lang='lat' dir='ltr'><strong>procuratoribus</strong></span> <span class='ocrx_word' id='word_1_142' title='bbox 1023 2143 1076 2185; x_wconf 88' lang='lat' dir='ltr'><strong>et</strong></span> <span class='ocrx_word' id='word_1_143' title='bbox 1111 2134 1262 2184; x_wconf 89' lang='lat' dir='ltr'><strong>simul</strong></span> <span class='ocrx_word' id='word_1_144' title='bbox 1291 2134 1467 2199; x_wconf 90' lang='lat' dir='ltr'><strong>legato</strong></span> <span class='ocrx_word' id='word_1_145' title='bbox 1500 2136 1771 2186; x_wconf 81' lang='lat' dir='ltr'><strong>Numidiae</strong></span> <span class='ocrx_word' id='word_1_146' title='bbox 1806 2146 1987 2201; x_wconf 89' lang='lat' dir='ltr'><strong>parent</strong></span> <span class='ocrx_word' id='word_1_147' title='bbox 2030 2135 2147 2189; x_wconf 89' lang='grc'><strong>139.</strong></span> 
     </span>
    </p>

    <p class='ocr_par' dir='ltr' id='par_1_17' title="bbox 180 2214 1328 2282">
     <span class='ocr_line' id='line_1_22' title="bbox 180 2214 1328 2282; baseline 0 -15"><span class='ocrx_word' id='word_1_148' title='bbox 180 2219 490 2269; x_wconf 81' lang='lat' dir='ltr'><strong>Maurorum</strong></span> <span class='ocrx_word' id='word_1_149' title='bbox 529 2219 748 2282; x_wconf 90' lang='lat' dir='ltr'><strong>impetus</strong></span> <span class='ocrx_word' id='word_1_150' title='bbox 784 2218 842 2265; x_wconf 91' lang='lat' dir='ltr'><strong>in</strong></span> <span class='ocrx_word' id='word_1_151' title='bbox 870 2216 1172 2281; x_wconf 83' lang='lat' dir='ltr'><strong>Hispaniam</strong></span> <span class='ocrx_word' id='word_1_152' title='bbox 1215 2214 1328 2267; x_wconf 86' lang='grc'><strong>145.</strong></span> 
     </span>
    </p>

    <p class='ocr_par' dir='ltr' id='par_1_18' title="bbox 180 2295 2515 2444">
     <span class='ocr_line' id='line_1_23' title="bbox 180 2295 2515 2364; baseline 0.002 -15"><span class='ocrx_word' id='word_1_153' title='bbox 180 2299 489 2364; x_wconf 83' lang='lat' dir='ltr'><strong>metropolis</strong></span> <span class='ocrx_word' id='word_1_154' title='bbox 527 2314 660 2363; x_wconf 86' lang='lat' dir='ltr'><strong>quae</strong></span> <span class='ocrx_word' id='word_1_155' title='bbox 695 2300 764 2349; x_wconf 87' lang='lat' dir='ltr'><strong>sit</strong></span> <span class='ocrx_word' id='word_1_156' title='bbox 795 2298 916 2347; x_wconf 85' lang='lat' dir='ltr'><strong>urbs</strong></span> <span class='ocrx_word' id='word_1_157' title='bbox 963 2295 1082 2349; x_wconf 85' lang='grc'><strong>374.</strong></span> <span class='ocrx_word' id='word_1_158' title='bbox 1136 2298 1190 2346; x_wconf 58' lang='lat' dir='ltr'><strong>’id</strong></span> <span class='ocrx_word' id='word_1_159' title='bbox 1222 2312 1410 2348; x_wconf 86' lang='lat' dir='ltr'><strong>nomen</strong></span> <span class='ocrx_word' id='word_1_160' title='bbox 1445 2299 1668 2362; x_wconf 88' lang='lat' dir='ltr'><strong>pendere</strong></span> <span class='ocrx_word' id='word_1_161' title='bbox 1706 2313 1774 2347; x_wconf 82' lang='lat' dir='ltr'><strong>ex</strong></span> <span class='ocrx_word' id='word_1_162' title='bbox 1800 2298 2153 2362; x_wconf 85' lang='lat' dir='ltr'><strong>Augustorum</strong></span> <span class='ocrx_word' id='word_1_163' title='bbox 2179 2302 2315 2351; x_wconf 85' lang='lat' dir='ltr'><strong>cultu</strong></span> <span class='ocrx_word' id='word_1_164' title='bbox 2340 2302 2515 2354; x_wconf 79' lang='lat' dir='ltr'><strong>divino</strong></span> 
     </span>
     <span class='ocr_line' id='line_1_24' title="bbox 333 2378 2157 2444; baseline 0.002 -15"><span class='ocrx_word' id='word_1_165' title='bbox 333 2378 449 2431; x_wconf 90' lang='grc'><strong>376.</strong></span> <span class='ocrx_word' id='word_1_166' title='bbox 523 2381 781 2444; x_wconf 84' lang='lat' dir='ltr'><strong>quomodo</strong></span> <span class='ocrx_word' id='word_1_167' title='bbox 816 2393 911 2443; x_wconf 87' lang='lat' dir='ltr'><strong>per</strong></span> <span class='ocrx_word' id='word_1_168' title='bbox 944 2379 1128 2428; x_wconf 85' lang='lat' dir='ltr'><strong>Asiam</strong></span> <span class='ocrx_word' id='word_1_169' title='bbox 1165 2386 1216 2428; x_wconf 90' lang='lat' dir='ltr'><strong>et</strong></span> <span class='ocrx_word' id='word_1_170' title='bbox 1246 2378 1511 2443; x_wconf 88' lang='lat' dir='ltr'><strong>Europam</strong></span> <span class='ocrx_word' id='word_1_171' title='bbox 1543 2388 1859 2444; x_wconf 87' lang='lat' dir='ltr'><strong>propagatae</strong></span> <span class='ocrx_word' id='word_1_172' title='bbox 1896 2381 2001 2430; x_wconf 90' lang='lat' dir='ltr'><strong>sint</strong></span> <span class='ocrx_word' id='word_1_173' title='bbox 2039 2379 2157 2433; x_wconf 84' lang='lat'><strong>378.</strong></span> 
     </span>
    </p>

    <p class='ocr_par' dir='ltr' id='par_1_19' title="bbox 180 2459 2513 2605">
     <span class='ocr_line' id='line_1_25' title="bbox 180 2459 2513 2524; baseline 0.001 -13"><span class='ocrx_word' id='word_1_174' title='bbox 180 2462 374 2511; x_wconf 88' lang='lat' dir='ltr'><strong>militia</strong></span> <span class='ocrx_word' id='word_1_175' title='bbox 420 2476 681 2524; x_wconf 85' lang='lat' dir='ltr'><strong>nunquam</strong></span> <span class='ocrx_word' id='word_1_176' title='bbox 733 2461 867 2524; x_wconf 89' lang='lat' dir='ltr'><strong>apud</strong></span> <span class='ocrx_word' id='word_1_177' title='bbox 900 2459 1164 2510; x_wconf 85' lang='lat' dir='ltr'><strong>Romanos</strong></span> <span class='ocrx_word' id='word_1_178' title='bbox 1215 2474 1248 2507; x_wconf 90' lang='lat' dir='ltr'><strong>a</strong></span> <span class='ocrx_word' id='word_1_179' title='bbox 1287 2460 1439 2509; x_wconf 89' lang='lat' dir='ltr'><strong>rebus</strong></span> <span class='ocrx_word' id='word_1_180' title='bbox 1489 2460 1724 2509; x_wconf 81' lang='lat' dir='ltr'><strong>civilibus</strong></span> <span class='ocrx_word' id='word_1_181' title='bbox 1772 2461 2001 2511; x_wconf 86' lang='lat' dir='ltr'><strong>seiuncta</strong></span> <span class='ocrx_word' id='word_1_182' title='bbox 2053 2461 2167 2515; x_wconf 87' lang='grc'><strong>186.</strong></span> <span class='ocrx_word' id='word_1_183' title='bbox 2243 2463 2513 2514; x_wconf 87' lang='lat' dir='ltr'><strong>militarem</strong></span> 
     </span>
     <span class='ocr_line' id='line_1_26' title="bbox 326 2538 1486 2605; baseline -0.001 -13"><span class='ocrx_word' id='word_1_184' title='bbox 326 2557 436 2592; x_wconf 86' lang='lat' dir='ltr'><strong>rem</strong></span> <span class='ocrx_word' id='word_1_185' title='bbox 471 2542 569 2591; x_wconf 90' lang='lat' dir='ltr'><strong>soli</strong></span> <span class='ocrx_word' id='word_1_186' title='bbox 599 2544 934 2605; x_wconf 87' lang='lat' dir='ltr'><strong>imperatores</strong></span> <span class='ocrx_word' id='word_1_187' title='bbox 973 2541 1330 2590; x_wconf 88' lang='lat' dir='ltr'><strong>administrant</strong></span> <span class='ocrx_word' id='word_1_188' title='bbox 1369 2538 1486 2591; x_wconf 88' lang='grc'><strong>302.</strong></span> 
     </span>
    </p>

    <p class='ocr_par' dir='ltr' id='par_1_20' title="bbox 181 2620 1292 2685">
     <span class='ocr_line' id='line_1_27' title="bbox 181 2620 1292 2685; baseline -0.003 -11"><span class='ocrx_word' id='word_1_189' title='bbox 181 2624 254 2685; x_wconf 81' lang='lat' dir='ltr'><strong>Q.</strong></span> <span class='ocrx_word' id='word_1_190' title='bbox 291 2624 492 2673; x_wconf 84' lang='lat' dir='ltr'><strong>Mucius</strong></span> <span class='ocrx_word' id='word_1_191' title='bbox 531 2622 782 2674; x_wconf 76' lang='lat' dir='ltr'><strong>Scaevola</strong></span> <span class='ocrx_word' id='word_1_192' title='bbox 817 2622 1000 2671; x_wconf 86' lang='lat' dir='ltr'><strong>Asiam</strong></span> <span class='ocrx_word' id='word_1_193' title='bbox 1037 2622 1170 2684; x_wconf 81' lang='lat' dir='ltr'><strong>regit</strong></span> <span class='ocrx_word' id='word_1_194' title='bbox 1211 2620 1292 2671; x_wconf 88' lang='grc'><strong>19.</strong></span> 
     </span>
    </p>

    <p class='ocr_par' dir='ltr' id='par_1_21' title="bbox 178 2698 2029 2765">
     <span class='ocr_line' id='line_1_28' title="bbox 178 2698 2029 2765; baseline -0.001 -11"><span class='ocrx_word' id='word_1_195' title='bbox 178 2705 247 2755; x_wconf 88' lang='lat' dir='ltr'><strong>L.</strong></span> <span class='ocrx_word' id='word_1_196' title='bbox 283 2706 550 2754; x_wconf 85' lang='lat' dir='ltr'><strong>Munatius</strong></span> <span class='ocrx_word' id='word_1_197' title='bbox 586 2703 830 2753; x_wconf 85' lang='lat' dir='ltr'><strong>Plancus.</strong></span> <span class='ocrx_word' id='word_1_198' title='bbox 893 2703 1000 2751; x_wconf 88' lang='lat' dir='ltr'><strong>eius</strong></span> <span class='ocrx_word' id='word_1_199' title='bbox 1036 2702 1256 2751; x_wconf 86' lang='lat' dir='ltr'><strong>honores</strong></span> <span class='ocrx_word' id='word_1_200' title='bbox 1293 2698 1412 2751; x_wconf 85' lang='grc'><strong>245.</strong></span> <span class='ocrx_word' id='word_1_201' title='bbox 1483 2701 1595 2751; x_wconf 87' lang='lat' dir='ltr'><strong>eius</strong></span> <span class='ocrx_word' id='word_1_202' title='bbox 1629 2707 1871 2765; x_wconf 83' lang='lat' dir='ltr'><strong>praetura</strong></span> <span class='ocrx_word' id='word_1_203' title='bbox 1908 2698 2029 2753; x_wconf 90' lang='grc'><strong>247.</strong></span> 
     </span>
    </p>

    <p class='ocr_par' dir='ltr' id='par_1_22' title="bbox 177 2779 2513 3091">
     <span class='ocr_line' id='line_1_29' title="bbox 177 2779 2513 2851; baseline 0 -15"><span class='ocrx_word' id='word_1_204' title='bbox 177 2787 472 2851; x_wconf 85' lang='lat' dir='ltr'><strong>municipia</strong></span> <span class='ocrx_word' id='word_1_205' title='bbox 547 2786 612 2833; x_wconf 87' lang='lat' dir='ltr'><strong>de</strong></span> <span class='ocrx_word' id='word_1_206' title='bbox 647 2782 711 2831; x_wconf 89' lang='lat' dir='ltr'><strong>iis</strong></span> <span class='ocrx_word' id='word_1_207' title='bbox 745 2790 894 2833; x_wconf 78' lang='lat' dir='ltr'><strong>vetus</strong></span> <span class='ocrx_word' id='word_1_208' title='bbox 929 2782 1154 2831; x_wconf 77' lang='lat' dir='ltr'><strong>virorum</strong></span> <span class='ocrx_word' id='word_1_209' title='bbox 1192 2783 1457 2831; x_wconf 87' lang='lat' dir='ltr'><strong>doctorum</strong></span> <span class='ocrx_word' id='word_1_210' title='bbox 1494 2782 1749 2831; x_wconf 86' lang='lat' dir='ltr'><strong>sententia</strong></span> <span class='ocrx_word' id='word_1_211' title='bbox 1791 2779 1909 2831; x_wconf 87' lang='grc'><strong>271.</strong></span> <span class='ocrx_word' id='word_1_212' title='bbox 1970 2797 2232 2847; x_wconf 83' lang='lat' dir='ltr'><strong>nunquam</strong></span> <span class='ocrx_word' id='word_1_213' title='bbox 2264 2793 2513 2836; x_wconf 82' lang='lat' dir='ltr'><strong>vocantur</strong></span> 
     </span>
     <span class='ocr_line' id='line_1_30' title="bbox 325 2858 2511 2927; baseline 0 -10"><span class='ocrx_word' id='word_1_214' title='bbox 325 2866 540 2917; x_wconf 87' lang='lat' dir='ltr'><strong>Latinae</strong></span> <span class='ocrx_word' id='word_1_215' title='bbox 579 2866 808 2915; x_wconf 73' lang='lat' dir='ltr'><strong>civitates</strong></span> <span class='ocrx_word' id='word_1_216' title='bbox 850 2858 968 2913; x_wconf 87' lang='grc'><strong>274.</strong></span> <span class='ocrx_word' id='word_1_217' title='bbox 1043 2869 1161 2913; x_wconf 84' lang='lat' dir='ltr'><strong>sunt</strong></span> <span class='ocrx_word' id='word_1_218' title='bbox 1205 2864 1394 2926; x_wconf 86' lang='lat' dir='ltr'><strong>oppida</strong></span> <span class='ocrx_word' id='word_1_219' title='bbox 1441 2863 1627 2911; x_wconf 80' lang='lat' dir='ltr'><strong>civium</strong></span> <span class='ocrx_word' id='word_1_220' title='bbox 1667 2862 1817 2911; x_wconf 87' lang='lat' dir='ltr'><strong>Rom.</strong></span> <span class='ocrx_word' id='word_1_221' title='bbox 1862 2860 1981 2915; x_wconf 87' lang='grc'><strong>275.</strong></span> <span class='ocrx_word' id='word_1_222' title='bbox 2052 2866 2140 2927; x_wconf 90' lang='lat' dir='ltr'><strong>qui</strong></span> <span class='ocrx_word' id='word_1_223' title='bbox 2186 2866 2253 2914; x_wconf 89' lang='lat' dir='ltr'><strong>ad</strong></span> <span class='ocrx_word' id='word_1_224' title='bbox 2288 2865 2511 2917; x_wconf 78' lang='lat' dir='ltr'><strong>honores</strong></span> 
     </span>
     <span class='ocr_line' id='line_1_31' title="bbox 327 2942 2511 3009; baseline 0 -12"><span class='ocrx_word' id='word_1_225' title='bbox 327 2949 381 2997; x_wconf 90' lang='lat' dir='ltr'><strong>in</strong></span> <span class='ocrx_word' id='word_1_226' title='bbox 403 2947 466 2997; x_wconf 88' lang='lat' dir='ltr'><strong>iis</strong></span> <span class='ocrx_word' id='word_1_227' title='bbox 490 2948 823 2997; x_wconf 84' lang='lat' dir='ltr'><strong>admittantur</strong></span> <span class='ocrx_word' id='word_1_228' title='bbox 852 2942 968 2995; x_wconf 84' lang='grc'><strong>280.</strong></span> <span class='ocrx_word' id='word_1_229' title='bbox 1019 2943 1262 3009; x_wconf 76' lang='lat' dir='ltr'><strong>praefecti</strong></span> <span class='ocrx_word' id='word_1_230' title='bbox 1283 2960 1376 3007; x_wconf 90' lang='lat' dir='ltr'><strong>pro</strong></span> <span class='ocrx_word' id='word_1_231' title='bbox 1395 2942 1573 2993; x_wconf 86' lang='lat' dir='ltr'><strong>IIviris</strong></span> <span class='ocrx_word' id='word_1_232' title='bbox 1596 2950 1649 2992; x_wconf 92' lang='lat' dir='ltr'><strong>et</strong></span> <span class='ocrx_word' id='word_1_233' title='bbox 1665 2943 1863 2993; x_wconf 86' lang='lat' dir='ltr'><strong>incolae</strong></span> <span class='ocrx_word' id='word_1_234' title='bbox 1886 2942 2005 2995; x_wconf 85' lang='grc'><strong>282.</strong></span> <span class='ocrx_word' id='word_1_235' title='bbox 2060 2960 2165 2994; x_wconf 86' lang='lat' dir='ltr'><strong>non</strong></span> <span class='ocrx_word' id='word_1_236' title='bbox 2186 2946 2379 2997; x_wconf 76' lang='lat' dir='ltr'><strong>civibus</strong></span> <span class='ocrx_word' id='word_1_237' title='bbox 2399 2956 2511 2998; x_wconf 80' lang='lat' dir='ltr'><strong>tan-</strong></span> 
     </span>
     <span class='ocr_line' id='line_1_32' title="bbox 325 3022 2512 3091; baseline -0.001 -12"><span class='ocrx_word' id='word_1_238' title='bbox 325 3039 437 3079; x_wconf 86' lang='lat' dir='ltr'><strong>tum</strong></span> <span class='ocrx_word' id='word_1_239' title='bbox 476 3034 713 3077; x_wconf 88' lang='lat' dir='ltr'><strong>constant</strong></span> <span class='ocrx_word' id='word_1_240' title='bbox 752 3022 870 3076; x_wconf 86' lang='grc'><strong>285.</strong></span> <span class='ocrx_word' id='word_1_241' title='bbox 941 3025 1144 3075; x_wconf 84' lang='lat' dir='ltr'><strong>diversa</strong></span> <span class='ocrx_word' id='word_1_242' title='bbox 1175 3024 1437 3073; x_wconf 86' lang='lat' dir='ltr'><strong>hominum</strong></span> <span class='ocrx_word' id='word_1_243' title='bbox 1474 3038 1663 3087; x_wconf 88' lang='lat' dir='ltr'><strong>genera</strong></span> <span class='ocrx_word' id='word_1_244' title='bbox 1698 3024 1960 3075; x_wconf 84' lang='lat' dir='ltr'><strong>continent</strong></span> <span class='ocrx_word' id='word_1_245' title='bbox 1996 3022 2113 3075; x_wconf 87' lang='grc'><strong>287.</strong></span> <span class='ocrx_word' id='word_1_246' title='bbox 2178 3029 2512 3091; x_wconf 85' lang='lat' dir='ltr'><strong>municipium</strong></span> 
     </span>
    </p>

    <p class='ocr_par' dir='ltr' id='par_1_23' title="bbox 276 3102 2509 3175">
     <span class='ocr_line' id='line_1_33' title="bbox 276 3102 2509 3175; baseline -0.001 -16"><span class='ocrx_word' id='word_1_247' title='bbox 276 3140 284 3145; x_wconf 96' lang='lat'><em>-</em></span> <span class='ocrx_word' id='word_1_248' title='bbox 327 3112 452 3175; x_wconf 85' lang='lat' dir='ltr'><strong>quid</strong></span> <span class='ocrx_word' id='word_1_249' title='bbox 493 3109 562 3158; x_wconf 90' lang='lat' dir='ltr'><strong>sit</strong></span> <span class='ocrx_word' id='word_1_250' title='bbox 601 3105 717 3158; x_wconf 87' lang='grc'><strong>289.</strong></span> <span class='ocrx_word' id='word_1_251' title='bbox 777 3122 953 3157; x_wconf 89' lang='lat' dir='ltr'><strong>eorum</strong></span> <span class='ocrx_word' id='word_1_252' title='bbox 987 3120 1078 3170; x_wconf 88' lang='lat' dir='ltr'><strong>per</strong></span> <span class='ocrx_word' id='word_1_253' title='bbox 1109 3104 1394 3169; x_wconf 85' lang='lat' dir='ltr'><strong>Hispanias</strong></span> <span class='ocrx_word' id='word_1_254' title='bbox 1428 3105 1703 3155; x_wconf 86' lang='lat' dir='ltr'><strong>multitudo</strong></span> <span class='ocrx_word' id='word_1_255' title='bbox 1742 3102 1859 3155; x_wconf 85' lang='grc'><strong>314.</strong></span> <span class='ocrx_word' id='word_1_256' title='bbox 1920 3120 2013 3169; x_wconf 90' lang='lat' dir='ltr'><strong>per</strong></span> <span class='ocrx_word' id='word_1_257' title='bbox 2039 3105 2356 3155; x_wconf 86' lang='lat' dir='ltr'><strong>Lusitaniam</strong></span> <span class='ocrx_word' id='word_1_258' title='bbox 2391 3104 2509 3157; x_wconf 86' lang='lat'><strong>315.</strong></span> 
     </span>
    </p>

    <p class='ocr_par' dir='ltr' id='par_1_24' title="bbox 323 3183 2509 3338">
     <span class='ocr_line' id='line_1_34' title="bbox 325 3183 2509 3254; baseline -0.002 -12"><span class='ocrx_word' id='word_1_259' title='bbox 325 3190 602 3254; x_wconf 86' lang='lat' dir='ltr'><strong>municipia</strong></span> <span class='ocrx_word' id='word_1_260' title='bbox 636 3190 745 3239; x_wconf 83' lang='lat' dir='ltr'><strong>sine</strong></span> <span class='ocrx_word' id='word_1_261' title='bbox 785 3186 1028 3250; x_wconf 83' lang='lat' dir='ltr'><strong>suffragio</strong></span> <span class='ocrx_word' id='word_1_262' title='bbox 1069 3187 1328 3251; x_wconf 88' lang='lat' dir='ltr'><strong>quomodo</strong></span> <span class='ocrx_word' id='word_1_263' title='bbox 1367 3194 1483 3236; x_wconf 87' lang='lat' dir='ltr'><strong>orta</strong></span> <span class='ocrx_word' id='word_1_264' title='bbox 1504 3186 1609 3237; x_wconf 87' lang='lat' dir='ltr'><strong>sint</strong></span> <span class='ocrx_word' id='word_1_265' title='bbox 1640 3183 1757 3237; x_wconf 88' lang='grc'><strong>365.</strong></span> <span class='ocrx_word' id='word_1_266' title='bbox 1819 3188 2079 3249; x_wconf 90' lang='lat' dir='ltr'><strong>quomodo</strong></span> <span class='ocrx_word' id='word_1_267' title='bbox 2107 3201 2199 3251; x_wconf 88' lang='lat' dir='ltr'><strong>per</strong></span> <span class='ocrx_word' id='word_1_268' title='bbox 2220 3188 2509 3252; x_wconf 81' lang='lat' dir='ltr'><strong>provincias</strong></span> 
     </span>
     <span class='ocr_line' id='line_1_35' title="bbox 323 3264 2087 3338; baseline -0.001 -18"><span class='ocrx_word' id='word_1_269' title='bbox 323 3277 612 3338; x_wconf 82' lang='lat' dir='ltr'><strong>propagata</strong></span> <span class='ocrx_word' id='word_1_270' title='bbox 647 3266 764 3319; x_wconf 86' lang='grc'><strong>367.</strong></span> <span class='ocrx_word' id='word_1_271' title='bbox 838 3269 1098 3333; x_wconf 86' lang='lat' dir='ltr'><strong>quomodo</strong></span> <span class='ocrx_word' id='word_1_272' title='bbox 1140 3266 1379 3317; x_wconf 84' lang='lat' dir='ltr'><strong>differant</strong></span> <span class='ocrx_word' id='word_1_273' title='bbox 1417 3282 1450 3315; x_wconf 90' lang='lat' dir='ltr'><strong>a</strong></span> <span class='ocrx_word' id='word_1_274' title='bbox 1486 3267 1687 3317; x_wconf 90' lang='lat' dir='ltr'><strong>Latinis</strong></span> <span class='ocrx_word' id='word_1_275' title='bbox 1728 3267 1929 3331; x_wconf 86' lang='lat' dir='ltr'><strong>oppidis</strong></span> <span class='ocrx_word' id='word_1_276' title='bbox 1968 3264 2087 3319; x_wconf 88' lang='grc'><strong>366.</strong></span> 
     </span>
    </p>

    <p class='ocr_par' dir='ltr' id='par_1_25' title="bbox 180 3344 2065 3412">
     <span class='ocr_line' id='line_1_36' title="bbox 180 3344 2065 3412; baseline -0.003 -8"><span class='ocrx_word' id='word_1_277' title='bbox 180 3360 414 3405; x_wconf 74' lang='lat' dir='ltr'><strong>mutatus</strong></span> <span class='ocrx_word' id='word_1_278' title='bbox 451 3351 662 3402; x_wconf 70' lang='lat' dir='ltr'><strong>civitate</strong></span> <span class='ocrx_word' id='word_1_279' title='bbox 698 3348 841 3399; x_wconf 81' lang='lat' dir='ltr'><strong>Rom.</strong></span> <span class='ocrx_word' id='word_1_280' title='bbox 881 3348 1077 3411; x_wconf 84' lang='lat' dir='ltr'><strong>dicitur,</strong></span> <span class='ocrx_word' id='word_1_281' title='bbox 1118 3348 1204 3411; x_wconf 87' lang='lat' dir='ltr'><strong>qui</strong></span> <span class='ocrx_word' id='word_1_282' title='bbox 1241 3349 1500 3399; x_wconf 81' lang='lat' dir='ltr'><strong>civitatem</strong></span> <span class='ocrx_word' id='word_1_283' title='bbox 1530 3346 1682 3399; x_wconf 86' lang='lat' dir='ltr'><strong>Rom.</strong></span> <span class='ocrx_word' id='word_1_284' title='bbox 1718 3348 1910 3412; x_wconf 85' lang='lat' dir='ltr'><strong>accepit</strong></span> <span class='ocrx_word' id='word_1_285' title='bbox 1946 3344 2065 3399; x_wconf 87' lang='grc'><strong>298.</strong></span> 
     </span>
    </p>
   </div>
   <div class='ocr_carea' id='block_1_5' title="bbox 182 3503 2512 3817">
    <p class='ocr_par' dir='ltr' id='par_1_26' title="bbox 185 3503 2239 3571">
     <span class='ocr_line' id='line_1_37' title="bbox 185 3503 2239 3571; baseline -0.005 -4"><span class='ocrx_word' id='word_1_286' title='bbox 185 3512 619 3567; x_wconf 71' lang='lat' dir='ltr'><strong>Nemausensium</strong></span> <span class='ocrx_word' id='word_1_287' title='bbox 654 3510 832 3559; x_wconf 82' lang='lat' dir='ltr'><strong>civitas</strong></span> <span class='ocrx_word' id='word_1_288' title='bbox 872 3509 1073 3559; x_wconf 77' lang='lat' dir='ltr'><strong>diversa</strong></span> <span class='ocrx_word' id='word_1_289' title='bbox 1107 3508 1376 3559; x_wconf 87' lang='lat' dir='ltr'><strong>hominum</strong></span> <span class='ocrx_word' id='word_1_290' title='bbox 1410 3516 1618 3571; x_wconf 71' lang='lat' dir='ltr'><strong>genera</strong></span> <span class='ocrx_word' id='word_1_291' title='bbox 1634 3506 1927 3557; x_wconf 86' lang='lat' dir='ltr'><strong>continebat</strong></span> <span class='ocrx_word' id='word_1_292' title='bbox 1964 3503 2085 3559; x_wconf 87' lang='grc'><strong>286.</strong></span> <span class='ocrx_word' id='word_1_293' title='bbox 2120 3503 2239 3557; x_wconf 89' lang='grc'><strong>290.</strong></span> 
     </span>
    </p>

    <p class='ocr_par' dir='ltr' id='par_1_27' title="bbox 185 3586 1641 3659">
     <span class='ocr_line' id='line_1_38' title="bbox 185 3586 1641 3659; baseline -0.007 -12"><span class='ocrx_word' id='word_1_294' title='bbox 185 3596 332 3647; x_wconf 74' lang='lat' dir='ltr'><strong>Nero</strong></span> <span class='ocrx_word' id='word_1_295' title='bbox 373 3594 539 3659; x_wconf 86' lang='lat' dir='ltr'><strong>Alpes</strong></span> <span class='ocrx_word' id='word_1_296' title='bbox 579 3592 860 3641; x_wconf 81' lang='lat' dir='ltr'><strong>maritimas</strong></span> <span class='ocrx_word' id='word_1_297' title='bbox 898 3592 956 3640; x_wconf 88' lang='lat' dir='ltr'><strong>in</strong></span> <span class='ocrx_word' id='word_1_298' title='bbox 986 3590 1068 3639; x_wconf 86' lang='lat' dir='ltr'><strong>ius</strong></span> <span class='ocrx_word' id='word_1_299' title='bbox 1099 3589 1234 3639; x_wconf 87' lang='lat' dir='ltr'><strong>Latii</strong></span> <span class='ocrx_word' id='word_1_300' title='bbox 1269 3589 1493 3640; x_wconf 84' lang='lat' dir='ltr'><strong>traducit</strong></span> <span class='ocrx_word' id='word_1_301' title='bbox 1524 3586 1641 3639; x_wconf 79' lang='lat'><strong>305.</strong></span> 
     </span>
    </p>

    <p class='ocr_par' dir='ltr' id='par_1_28' title="bbox 182 3663 2512 3817">
     <span class='ocr_line' id='line_1_39' title="bbox 182 3663 2512 3731; baseline -0.005 -3"><span class='ocrx_word' id='word_1_302' title='bbox 182 3678 434 3729; x_wconf 78' lang='lat' dir='ltr'><strong>Noricum</strong></span> <span class='ocrx_word' id='word_1_303' title='bbox 470 3690 586 3725; x_wconf 87' lang='lat' dir='ltr'><strong>cum</strong></span> <span class='ocrx_word' id='word_1_304' title='bbox 621 3672 896 3723; x_wconf 85' lang='lat' dir='ltr'><strong>Pannonia</strong></span> <span class='ocrx_word' id='word_1_305' title='bbox 929 3672 1052 3721; x_wconf 89' lang='lat' dir='ltr'><strong>olim</strong></span> <span class='ocrx_word' id='word_1_306' title='bbox 1087 3672 1410 3721; x_wconf 86' lang='lat' dir='ltr'><strong>coniunctum</strong></span> <span class='ocrx_word' id='word_1_307' title='bbox 1453 3666 1567 3720; x_wconf 90' lang='grc'><strong>106.</strong></span> <span class='ocrx_word' id='word_1_308' title='bbox 1634 3669 1743 3719; x_wconf 89' lang='lat' dir='ltr'><strong>eius</strong></span> <span class='ocrx_word' id='word_1_309' title='bbox 1788 3669 2005 3720; x_wconf 78' lang='lat' dir='ltr'><strong>historia</strong></span> <span class='ocrx_word' id='word_1_310' title='bbox 2050 3663 2162 3718; x_wconf 84' lang='grc'><strong>114.</strong></span> <span class='ocrx_word' id='word_1_311' title='bbox 2238 3668 2351 3717; x_wconf 88' lang='lat' dir='ltr'><strong>eius</strong></span> <span class='ocrx_word' id='word_1_312' title='bbox 2390 3682 2512 3731; x_wconf 87' lang='lat' dir='ltr'><strong>pro-</strong></span> 
     </span>
     <span class='ocr_line' id='line_1_40' title="bbox 327 3750 1031 3817; baseline -0.007 -9"><span class='ocrx_word' id='word_1_313' title='bbox 327 3763 586 3808; x_wconf 87' lang='lat' dir='ltr'><strong>curatores</strong></span> <span class='ocrx_word' id='word_1_314' title='bbox 624 3761 678 3805; x_wconf 90' lang='lat' dir='ltr'><strong>et</strong></span> <span class='ocrx_word' id='word_1_315' title='bbox 715 3754 873 3817; x_wconf 85' lang='lat' dir='ltr'><strong>legati</strong></span> <span class='ocrx_word' id='word_1_316' title='bbox 918 3750 1031 3803; x_wconf 89' lang='lat'><strong>117.</strong></span> 
     </span>
    </p>
   </div>
   <div class='ocr_carea' id='block_1_6' title="bbox 184 3830 2510 3983">
    <p class='ocr_par' dir='ltr' id='par_1_29' title="bbox 184 3830 2510 3983">
     <span class='ocr_line' id='line_1_41' title="bbox 184 3830 1312 3891; baseline -0.007 -1"><span class='ocrx_word' id='word_1_317' title='bbox 184 3840 600 3891; x_wconf 74' lang='lat' dir='ltr'><strong>Novocomenses</strong></span> <span class='ocrx_word' id='word_1_318' title='bbox 639 3850 672 3885; x_wconf 80' lang='lat' dir='ltr'><strong>a</strong></span> <span class='ocrx_word' id='word_1_319' title='bbox 705 3835 929 3886; x_wconf 87' lang='lat' dir='ltr'><strong>Caesare</strong></span> <span class='ocrx_word' id='word_1_320' title='bbox 965 3832 1155 3883; x_wconf 82' lang='lat' dir='ltr'><strong>conditi</strong></span> <span class='ocrx_word' id='word_1_321' title='bbox 1191 3830 1312 3883; x_wconf 89' lang='grc'><strong>278.</strong></span> 
     </span>
     <span class='ocr_line' id='line_1_42' title="bbox 185 3907 2510 3983; baseline -0.006 -10"><span class='ocrx_word' id='word_1_322' title='bbox 185 3921 428 3973; x_wconf 78' lang='lat' dir='ltr'><strong>Numidia</strong></span> <span class='ocrx_word' id='word_1_323' title='bbox 474 3918 682 3983; x_wconf 82' lang='lat' dir='ltr'><strong>quaudo</strong></span> <span class='ocrx_word' id='word_1_324' title='bbox 725 3915 1016 3981; x_wconf 83' lang='lat' dir='ltr'><strong>provinciae</strong></span> <span class='ocrx_word' id='word_1_325' title='bbox 1067 3914 1284 3966; x_wconf 84' lang='lat' dir='ltr'><strong>formam</strong></span> <span class='ocrx_word' id='word_1_326' title='bbox 1329 3911 1583 3976; x_wconf 84' lang='lat' dir='ltr'><strong>acceperit</strong></span> <span class='ocrx_word' id='word_1_327' title='bbox 1646 3907 1762 3961; x_wconf 84' lang='grc'><strong>136.</strong></span> <span class='ocrx_word' id='word_1_328' title='bbox 1852 3910 2055 3961; x_wconf 81' lang='lat' dir='ltr'><strong>videtur</strong></span> <span class='ocrx_word' id='word_1_329' title='bbox 2102 3909 2255 3961; x_wconf 78' lang='lat' dir='ltr'><strong>etiam</strong></span> <span class='ocrx_word' id='word_1_330' title='bbox 2299 3907 2510 3959; x_wconf 75' lang='lat' dir='ltr'><strong>Africae</strong></span> 
     </span>
    </p>
   </div>
   <div class='ocr_carea' id='block_1_7' title="bbox 186 3989 2511 4389">
    <p class='ocr_par' dir='ltr' id='par_1_30' title="bbox 325 3989 1995 4059">
     <span class='ocr_line' id='line_1_43' title="bbox 325 3989 1995 4059; baseline -0.005 -8"><span class='ocrx_word' id='word_1_331' title='bbox 325 4001 576 4051; x_wconf 85' lang='lat' dir='ltr'><strong>dioecesis</strong></span> <span class='ocrx_word' id='word_1_332' title='bbox 613 3998 776 4048; x_wconf 84' lang='lat' dir='ltr'><strong>fuisse</strong></span> <span class='ocrx_word' id='word_1_333' title='bbox 822 3993 934 4048; x_wconf 90' lang='grc'><strong>140.</strong></span> <span class='ocrx_word' id='word_1_334' title='bbox 1005 3997 1294 4059; x_wconf 86' lang='lat' dir='ltr'><strong>legatorum</strong></span> <span class='ocrx_word' id='word_1_335' title='bbox 1322 3993 1595 4044; x_wconf 81' lang='lat' dir='ltr'><strong>Numidiae</strong></span> <span class='ocrx_word' id='word_1_336' title='bbox 1631 3992 1842 4043; x_wconf 85' lang='lat' dir='ltr'><strong>nomina</strong></span> <span class='ocrx_word' id='word_1_337' title='bbox 1880 3989 1995 4043; x_wconf 89' lang='grc'><strong>139.</strong></span> 
     </span>
    </p>

    <p class='ocr_par' dir='ltr' id='par_1_31' title="bbox 186 4070 2511 4389">
     <span class='ocr_line' id='line_1_44' title="bbox 186 4070 2511 4146; baseline -0.007 -13"><span class='ocrx_word' id='word_1_338' title='bbox 186 4084 382 4133; x_wconf 86' lang='lat' dir='ltr'><strong>nummi</strong></span> <span class='ocrx_word' id='word_1_339' title='bbox 437 4087 670 4146; x_wconf 81' lang='lat' dir='ltr'><strong>puguant</strong></span> <span class='ocrx_word' id='word_1_340' title='bbox 716 4094 832 4129; x_wconf 84' lang='lat' dir='ltr'><strong>eum</strong></span> <span class='ocrx_word' id='word_1_341' title='bbox 881 4076 1028 4128; x_wconf 84' lang='lat' dir='ltr'><strong>fastis</strong></span> <span class='ocrx_word' id='word_1_342' title='bbox 1082 4074 1184 4128; x_wconf 89' lang='grc'><strong>215</strong></span> <span class='ocrx_word' id='word_1_343' title='bbox 1227 4092 1304 4141; x_wconf 80' lang='lat' dir='ltr'><strong>sq.</strong></span> <span class='ocrx_word' id='word_1_344' title='bbox 1379 4074 1620 4126; x_wconf 83' lang='lat' dir='ltr'><strong>Caesaris</strong></span> <span class='ocrx_word' id='word_1_345' title='bbox 1674 4074 1914 4138; x_wconf 82' lang='lat' dir='ltr'><strong>explicati</strong></span> <span class='ocrx_word' id='word_1_346' title='bbox 1966 4070 2085 4123; x_wconf 91' lang='grc'><strong>216.</strong></span> <span class='ocrx_word' id='word_1_347' title='bbox 2151 4072 2215 4121; x_wconf 87' lang='lat' dir='ltr'><strong>de</strong></span> <span class='ocrx_word' id='word_1_348' title='bbox 2265 4070 2511 4119; x_wconf 77' lang='lat' dir='ltr'><strong>dictatura</strong></span> 
     </span>
     <span class='ocr_line' id='line_1_45' title="bbox 325 4149 2509 4227; baseline -0.008 -12"><span class='ocrx_word' id='word_1_349' title='bbox 325 4163 564 4215; x_wconf 88' lang='lat' dir='ltr'><strong>Caesaris</strong></span> <span class='ocrx_word' id='word_1_350' title='bbox 593 4162 777 4227; x_wconf 85' lang='lat' dir='ltr'><strong>quinta</strong></span> <span class='ocrx_word' id='word_1_351' title='bbox 805 4160 1043 4225; x_wconf 84' lang='lat' dir='ltr'><strong>explicati</strong></span> <span class='ocrx_word' id='word_1_352' title='bbox 1083 4156 1200 4210; x_wconf 88' lang='grc'><strong>231.</strong></span> <span class='ocrx_word' id='word_1_353' title='bbox 1238 4154 1358 4209; x_wconf 89' lang='grc'><strong>236.</strong></span> <span class='ocrx_word' id='word_1_354' title='bbox 1423 4158 1489 4207; x_wconf 86' lang='lat' dir='ltr'><strong>de</strong></span> <span class='ocrx_word' id='word_1_355' title='bbox 1528 4156 1854 4220; x_wconf 83' lang='lat' dir='ltr'><strong>imperatorio</strong></span> <span class='ocrx_word' id='word_1_356' title='bbox 1891 4154 2127 4205; x_wconf 84' lang='lat' dir='ltr'><strong>Caesaris</strong></span> <span class='ocrx_word' id='word_1_357' title='bbox 2161 4151 2311 4203; x_wconf 84' lang='lat' dir='ltr'><strong>titulo</strong></span> <span class='ocrx_word' id='word_1_358' title='bbox 2346 4149 2509 4214; x_wconf 84' lang='lat' dir='ltr'><strong>expli-</strong></span> 
     </span>
     <span class='ocr_line' id='line_1_46' title="bbox 331 4230 2511 4304; baseline -0.006 -11"><span class='ocrx_word' id='word_1_359' title='bbox 331 4244 428 4293; x_wconf 89' lang='lat' dir='ltr'><strong>cati</strong></span> <span class='ocrx_word' id='word_1_360' title='bbox 469 4240 586 4293; x_wconf 90' lang='grc'><strong>234.</strong></span> <span class='ocrx_word' id='word_1_361' title='bbox 661 4242 855 4291; x_wconf 87' lang='lat' dir='ltr'><strong>nummi</strong></span> <span class='ocrx_word' id='word_1_362' title='bbox 895 4238 1269 4304; x_wconf 79' lang='lat' dir='ltr'><strong>praefectorum</strong></span> <span class='ocrx_word' id='word_1_363' title='bbox 1310 4239 1403 4289; x_wconf 89' lang='lat' dir='ltr'><strong>sub</strong></span> <span class='ocrx_word' id='word_1_364' title='bbox 1447 4236 1673 4287; x_wconf 84' lang='lat' dir='ltr'><strong>Caesare</strong></span> <span class='ocrx_word' id='word_1_365' title='bbox 1726 4236 1968 4301; x_wconf 82' lang='lat' dir='ltr'><strong>explicati</strong></span> <span class='ocrx_word' id='word_1_366' title='bbox 2018 4232 2121 4285; x_wconf 86' lang='grc'><strong>245</strong></span> <span class='ocrx_word' id='word_1_367' title='bbox 2158 4248 2237 4296; x_wconf 76' lang='lat' dir='ltr'><strong>sq.</strong></span> <span class='ocrx_word' id='word_1_368' title='bbox 2316 4230 2511 4282; x_wconf 85' lang='lat' dir='ltr'><strong>nummi</strong></span> 
     </span>
     <span class='ocr_line' id='line_1_47' title="bbox 327 4316 984 4389; baseline -0.009 -14"><span class='ocrx_word' id='word_1_369' title='bbox 327 4322 552 4389; x_wconf 83' lang='lat' dir='ltr'><strong>Augusti</strong></span> <span class='ocrx_word' id='word_1_370' title='bbox 585 4321 828 4387; x_wconf 86' lang='lat' dir='ltr'><strong>explicati</strong></span> <span class='ocrx_word' id='word_1_371' title='bbox 866 4316 984 4370; x_wconf 86' lang='grc'><strong>263.</strong></span> 
     </span>
    </p>
   </div>
   <div class='ocr_carea' id='block_1_8' title="bbox 1976 4484 2109 4551">
    <p class='ocr_par' dir='ltr' id='par_1_32' title="bbox 1976 4484 2109 4551">
     <span class='ocr_line' id='line_1_48' title="bbox 1976 4484 2109 4551; baseline -0.008 0"><span class='ocrx_word' id='word_1_372' title='bbox 1976 4484 2109 4551; x_wconf 72' lang='lat'><strong>25*</strong></span> 
     </span>
    </p>
   </div>
  </div>
 </body>
</html>
