2917 5017
449 336 573 404 212
1105 338 1188 387 De
1221 337 1482 388 dictatoris
1518 336 1760 389 Caesaris
1796 335 2098 387 honoribus.

447 504 758 591 magistro
825 502 1132 588 equitum.
1239 500 1447 582 Quasi
1510 522 1664 565 vero
1726 522 1857 564 non
1926 521 2179 585 semper
2240 498 2517 565 dictator
2572 521 2750 587 quem

449 614 722 679 maxime
777 611 1146 699 probasset,
1205 609 1587 694 magistrum
1644 608 1931 693 equitum
1989 608 2256 685 dixerit,
2316 618 2428 673 aut
2482 605 2752 685 Caesari,

448 723 792 787 universae
834 718 1227 806 reipublicae
1269 728 1428 782 tunc
1472 717 1751 795 domino,
1794 717 2125 783 consulem
2164 742 2291 783 non
2330 718 2625 804 potuisse
2668 741 2754 781 as-

453 832 672 899 sentiri
713 828 1043 916 probabile
1090 824 1203 891 sit!
1279 826 1587 890 Medetur
1626 836 1843 890 autem
1878 848 2144 911 prorsus
2194 825 2297 891 his
2346 826 2757 891 incommodis
2804 832 2808 837 “

429 942 684 1009 ⁴eximia
724 934 1258 1025 praestantissimi
1301 934 1545 1000 codicis
1590 933 1874 999 Medicei
1915 935 2139 1012 lectio,
2208 936 2321 1019 qui
2374 958 2505 1001 non
2568 936 2757 998 εἵπετο

453 1051 622 1134 αὐτῷ
677 1051 710 1112 ὁ
760 1049 1017 1119 ὕπατος,
1078 1044 1194 1110 sed
1251 1042 1384 1105 εἷπε
1443 1044 1545 1107 καὶ
1599 1048 1810 1106 τοῦτον
1860 1046 1892 1105 ὁ
1944 1043 2168 1111 ὕπατος
2206 1042 2435 1122 habet,
2498 1066 2664 1127 qua,
2718 1043 2761 1107 si
2863 1085 2872 1133 'j

447 1166 774 1244 praeterea
829 1166 976 1221 ante
1030 1150 1302 1219 Antonii
1353 1175 1587 1217 nomen
1638 1152 1951 1238 particula
2004 1151 2297 1215 deleatur
2312 1199 2329 1228 ‚
2394 1152 2597 1217 totius
2651 1152 2765 1215 loci

451 1265 765 1331 sententia
816 1263 1140 1350 praeclare
1195 1260 1626 1325 constituitur.
1733 1261 2021 1346 Antiqua
2078 1260 2247 1325 enim
2308 1260 2415 1324 lex
2476 1271 2648 1336 erat',
2705 1270 2765 1323 ut
2867 1347 2869 1349 V

449 1373 723 1438 dictator
773 1372 854 1437 ab
904 1371 1170 1436 consule
1188 1418 1206 1447 ‚
1261 1370 1573 1456 magister
1614 1371 1906 1454 equitum
1952 1368 2033 1433 ab
2076 1369 2387 1433 dictatore
2429 1368 2764 1443 diceretur,
2867 1354 2869 1360 ¹

449 1505 648 1567 quare
689 1482 826 1547 sine
866 1480 1068 1545 dubio
1112 1480 1190 1543 P.
1233 1478 1574 1555 Servilius,
1621 1502 1770 1543 cum
1810 1488 2072 1543 senatus
2116 1478 2533 1564 populusque
2578 1477 2768 1541 dicta·
2867 1491 2869 1509 ‘

449 1600 651 1655 torem
689 1588 829 1653 fieri
868 1588 1188 1665 iussisset,
1233 1587 1609 1654 dictatorem
1647 1588 1917 1664 dixerat,
1958 1609 2087 1671 quo
2112 1587 2579 1652 Alexandriam
2610 1610 2768 1650 nun·
2867 1600 2869 1605 ’

448 1698 603 1762 tiato
643 1707 707 1761 et
743 1697 852 1762 ille
892 1720 1130 1762 munus
1171 1695 1293 1761 sibi
1333 1696 1617 1761 delatum
1652 1696 1794 1760 iniit
1838 1708 1903 1759 et
1938 1696 2322 1781 magistrum
2350 1696 2487 1781 ipse
2522 1718 2773 1761 sumere

450 1805 706 1871 debuit:
765 1829 930 1891 quae
971 1806 1066 1870 rei
1110 1804 1577 1870 administratio
1624 1828 1769 1869 cum
1814 1806 2011 1890 longa
2056 1804 2407 1881 videretur,
2455 1804 2774 1869 Servilius

449 1916 677 1980 consul
727 1938 857 1979 non
909 1915 1122 1979 minus
1169 1914 1549 1998 magistrum
1600 1913 1889 1998 equitum
1931 1903 2140 1998 quam'
2166 1913 2547 1979 dictatorem
2594 1913 2773 1989 dixit,

449 2032 513 2088 et
555 2023 816 2107 quidem
853 2024 1006 2087 item
1045 2023 1112 2087 in
1153 2045 1415 2099 annum,
1464 2022 1641 2107 quod
1680 2022 1847 2108 lege,
1896 2045 2027 2107 qua
2070 2023 2151 2086 de
2197 2022 2511 2087 dictatore
2564 2045 2775 2086 annuo
2867 2060 2872 2115 ᾗ

451 2132 762 2217 scriptum
827 2142 963 2196 erat
983 2179 1001 2208 ,
1079 2132 1270 2196 etiam
1334 2130 1416 2195 de
1480 2133 1791 2217 magistro
1852 2154 2069 2197 annuo
2134 2130 2419 2217 praecipi
2484 2132 2774 2217 putabat.

449 2242 818 2326 Utrumque
860 2240 1118 2304 omnino
1157 2250 1292 2305 erat
1329 2250 1551 2305 contra
1589 2264 1853 2316 morem,
1896 2241 2011 2306 sed
2048 2241 2210 2305 illud
2244 2241 2395 2324 quia
2434 2263 2518 2305 ex
2560 2252 2777 2305 aucto·
2870 2288 2872 2291 ι

447 2350 632 2415 ritate
693 2372 765 2415 ac
823 2349 1081 2414 nomine
1139 2346 1438 2413 Caesaris
1488 2348 1627 2413 fieri
1684 2348 2051 2425 dicebatur,
2118 2350 2331 2413 minus
2386 2348 2777 2433 reprehendi

447 2469 726 2543 poterat,
778 2459 902 2523 hoe
955 2480 1105 2522 cum
1159 2457 1489 2543 religionis
1545 2480 1741 2521 causa
1802 2458 2307 2543 vituperaretur,
2373 2478 2504 2521 non
2564 2456 2777 2520 minus
2871 2496 2872 2511 2

447 2577 662 2632 tamen
714 2565 986 2631 valebat.
1085 2567 1188 2630 Ac
1245 2566 1547 2631 novimus
1607 2566 1703 2629 M.
1748 2566 2109 2631 Antonium
2163 2588 2291 2630 non
2338 2565 2779 2630 Alexandriae
2870 2606 2872 2617 ι

447 2672 528 2739 ab
567 2674 712 2760 ipso
754 2671 1054 2751 Caesare,
1097 2675 1214 2739 sed
1253 2674 1497 2739 Romae
1536 2696 1679 2739 esse
1722 2675 1986 2738 factum.
2058 2674 2317 2739 Etenim
2344 2672 2585 2739 Cicero
2610 2675 2783 2739 Phil.
2853 2692 2864 2755 «ζ

447 2783 537 2860 II,
581 2782 662 2849 25
707 2783 801 2849 sio
846 2784 927 2849 de
973 2784 1112 2850 eius
1159 2782 1532 2869 magisterio
1580 2782 1870 2867 equitum
1914 2793 2161 2848 narrat:
2226 2786 2475 2846 Accedit
2520 2795 2601 2847 ut
2636 2786 2783 2850 Cae·
2859 2762 2872 2847 ἶ

447 2916 587 2959 sare
627 2898 854 2975 tgnaro
895 2916 1036 2955 cum
1079 2904 1226 2955 esset
1269 2896 1378 2956 ille
1417 2894 1840 2955 Alexandriae
1855 2939 1872 2968 ,
1922 2892 2209 2973 beneficio
2256 2897 2606 2955 amicorum
2654 2900 2782 2957 eius
2867 2970 2869 2981 Ι

448 3006 744 3084 magister
785 3006 1059 3083 equitum
1103 3004 1580 3064 constitueretur
1682 2998 1961 3064 Auxerit
1998 2999 2313 3065 invidiose
2354 3000 2447 3065 ita
2484 3024 2631 3067 rem
2668 2999 2781 3067 Ci·
2867 2972 2873 3061 ss

419 3122 618 3187 'cero,
666 3120 740 3173 ut
781 3105 1126 3173 Caesarem
1169 3108 1470 3194 ignarum
1512 3108 1717 3173 fuisse
1758 3107 2001 3173 diceret
2046 3112 2225 3195 (nam
2267 3131 2389 3174 nec
2428 3106 2780 3177 Caesarem
2870 3131 2872 3168 1

447 3239 580 3281 non
619 3226 764 3280 ante
809 3216 1148 3300 scripsisse
1177 3215 1509 3301 probabile
1538 3228 1656 3294 est,
1695 3216 1861 3300 quis,
1906 3216 1961 3281 si
1990 3239 2180 3281 casus
2209 3217 2299 3281 ita
2322 3218 2545 3295 ferret,
2584 3219 2779 3284 rebus
2870 3252 2872 3277 ς

447 3323 714 3388 urbanis
757 3322 1227 3410 praeficeretur,
1275 3348 1397 3391 nec
1437 3325 1629 3389 amici
1674 3326 1840 3401 eiuS,
1882 3348 2077 3410 quem
2116 3326 2209 3390 illi
2250 3326 2595 3411 displicere
2626 3350 2779 3391 nos-
2871 3380 2872 3385 ,

451 3443 612 3509 sent,
657 3432 1046 3497 constituere
1091 3433 1234 3498 ausi
1279 3436 1549 3516 essent),
1598 3433 1715 3498 sed
1756 3435 2083 3519 quomodo
2125 3434 2217 3499 ita
2251 3436 2508 3499 mentiri
2552 3438 2777 3521 potuit,
2871 3474 2872 3485 ι

449 3550 521 3603 ut
561 3538 940 3618 Antonium,
988 3540 1041 3606 si
1072 3539 1511 3609 Alexandriae
1550 3541 1628 3606 ab
1663 3542 1808 3627 ipso
1837 3540 2117 3609 Caesare
2150 3544 2543 3609 constitutus
2588 3555 2779 3621 esset,
2870 3566 2872 3577 ¹

445 3649 674 3733 ignaro
717 3672 790 3713 eo
831 3651 1074 3715 factum
1117 3673 1260 3715 esse
1301 3650 1659 3715 scriberet?
1728 3649 1861 3717 Sed
1903 3664 1977 3717 ut
2004 3653 2088 3716 ad
2123 3663 2379 3738 tempus
2417 3652 2777 3718 dictaturae
2871 3686 2872 3713 1

448 3756 698 3822 delatae
741 3769 1160 3835 revertamur,
1209 3758 1383 3843 quod
1425 3758 1493 3821 in
1536 3781 1825 3823 mensem
1864 3758 2218 3825 Octobrem
2256 3759 2549 3826 incidere
2590 3762 2775 3827 intel·
2871 3750 2872 3753 ¹

446 3864 745 3942 leximus,
792 3888 1024 3951 parum
1067 3867 1198 3931 huc
1236 3867 1497 3931 videtur
1536 3868 1665 3933 Dio
1690 3868 1916 3945 XLII,
1962 3870 2041 3935 35
2082 3869 2421 3955 pertinere,
2466 3871 2583 3955 qui
2610 3868 2773 3935 Cae·

449 3994 658 4038 sarem
688 3974 776 4038 ait
805 3974 872 4037 in
905 3974 1200 4039 contione
1228 3976 1704 4061 Aegyptiorum
1732 3978 2011 4055 dixisse,
2050 4000 2168 4063 pro
2196 3977 2539 4053 dictatura,
2580 4001 2773 4063 qnam

447 4091 720 4167 gereret,
764 4084 950 4169 regni
994 4083 1382 4169 Aegyptiaci
1428 4085 1694 4149 tutelam
1739 4085 1819 4151 ad
1870 4109 1939 4151 se
1981 4086 2323 4171 pertinere.
2407 4086 2557 4151 Etsi
2605 4087 2769 4151 enim

447 4188 650 4254 oratio
693 4190 804 4255 illa
844 4190 1026 4255 initio
1072 4192 1388 4257 tumultus
1433 4192 1893 4270 Alexandrini,
1951 4216 2148 4279 quem
2189 4193 2385 4280 paulo
2426 4205 2769 4281 postquam

447 4292 690 4363 Caesar
729 4298 1023 4375 advenit,
1088 4310 1386 4385 coeptum
1425 4322 1569 4366 esse
1614 4302 1948 4379 novimus,
2008 4302 2260 4367 finitum
2318 4326 2465 4367 esse
2514 4314 2768 4391 recepta
2871 4342 2872 4345 κ

448 4404 842 4471 Alexandria
898 4432 954 4473 a.
997 4408 1060 4472 d.
1102 4408 1202 4475 VI
1245 4408 1397 4473 Kal.
1442 4405 1608 4495 Apr.
1666 4422 1886 4478 vetera
1928 4412 2304 4477 kalendaria
2352 4410 2621 4491 docent,
2679 4413 2765 4479 vi·
