2917 5017
501 329 621 397 192
1008 333 1090 383 De
1123 330 1295 381 Gallia
1328 330 1679 381 Romanorum
1718 329 1984 393 provincia
2018 328 2295 393 appendix.

499 494 921 581 Sempronius
969 493 1186 559 Rufus
1249 496 1338 557 M.
1389 494 1690 555 Tuccium
1746 499 2166 553 accusatorem
2216 511 2399 553 suum
2446 498 2590 571 post
2640 491 2801 551 ludos

503 607 813 665 Romanos
854 626 1027 665 reum
1075 607 1203 681 lege
1233 604 1439 663 Plotia
1488 602 1559 661 de
1600 603 1670 663 υἱ
1682 602 1877 680 fecit,
1922 608 1986 661 et
2024 598 2197 683 apud
2229 594 2603 663 Ciceronem
2636 618 2802 681 prae·

498 722 699 775 torem
759 735 818 775 a.
872 711 936 774 d.
983 710 1083 775 ῘΠ
1129 706 1272 775 Cal.
1323 707 1460 771 Ian.
1510 728 1663 773 reus
1714 707 1923 771 factus
1980 716 2079 771 est
2129 705 2473 783 Manilius,
2531 706 2805 790 Pompeii

497 819 765 896 amicus,
809 820 894 883 de
939 818 1128 885 cuius
1173 816 1416 881 iudicio
1461 825 1723 881 narrant
1763 814 1938 879 Plut.
1984 810 2123 879 Cic.
2166 835 2221 877 c.
2266 813 2307 877 9
2354 823 2415 877 et
2454 812 2591 877 Dio
2634 809 2804 877 Cass.

495 927 838 1003 XXXVI,
876 926 978 993 27.
1055 928 1304 991 Multae
1340 924 1501 990 aliae
1546 946 1779 991 causae
1820 922 2108 987 cuiusvis
2150 922 2409 1007 generis
2451 922 2558 987 vel
2595 921 2809 985 leviter

496 1035 830 1122 quaerenti
867 1035 1054 1101 facile
1095 1043 1454 1109 occurrent,
1498 1042 1575 1096 ut
1616 1031 1777 1095 nihil
1818 1031 2027 1117 magis
2070 1042 2341 1108 constet,
2384 1053 2581 1115 quam
2616 1042 2806 1095 totum

497 1168 736 1210 annum
781 1144 994 1209 causis
1035 1142 1424 1226 iudiciisque
1464 1140 1773 1226 patuisse.

663 1253 850 1317 Haec
894 1263 1044 1317 sunt
1083 1251 1503 1315 fundamenta
1544 1247 1997 1335 disputationis
2035 1247 2613 1324 Mommsenianae,
2658 1270 2805 1331 quae

497 1362 797 1444 quoniam
833 1360 1217 1427 coniecturis
1247 1381 1475 1445 parum
1508 1357 1679 1423 veris
1708 1356 2019 1434 nituntur,
2053 1380 2133 1422 ne
2162 1380 2327 1442 quae
2358 1367 2805 1442 superstruun-

498 1479 604 1534 tur
645 1469 910 1553 quidem
955 1469 1322 1555 opiniones,
1382 1465 1749 1552 probabiles
1800 1465 2007 1531 videri
2060 1476 2381 1551 poterunt.
2465 1465 2699 1548 Itaque
2744 1486 2805 1527 ea

501 1577 873 1665 singillatim
913 1576 1260 1643 examinari
1301 1597 1378 1641 ac
1417 1574 1725 1660 redargui
1758 1596 1889 1638 non
1911 1596 2077 1659 opus
2106 1586 2225 1652 est,
2264 1574 2652 1660 praesertim
2676 1596 2805 1637 cum

499 1686 648 1751 talia
687 1687 884 1771 longe
927 1684 1182 1751 facilius
1221 1683 1519 1749 dicantur
1558 1706 1752 1768 quam
1793 1684 2185 1747 refellantur.
2269 1683 2499 1747 Unum
2544 1682 2807 1756 afferam,

497 1794 673 1879 quod
725 1794 916 1859 facile
964 1794 1122 1860 alios
1175 1794 1244 1859 in
1285 1814 1565 1857 errorem
1610 1791 1919 1857 inducere
1961 1792 2164 1877 possit
2183 1839 2200 1867 ,
2266 1790 2443 1875 quod
2490 1814 2559 1875 p.
2613 1791 2692 1856 30
2738 1792 2808 1855 ait

496 1914 824 1988 praetores
869 1914 932 1967 et
975 1905 1294 1977 consules,
1339 1900 1649 1985 quamdiu
1694 1898 2071 1979 magistratu
2104 1900 2577 1985 fungebantur,
2624 1901 2809 1984 impe-

497 2012 596 2075 rio
647 2012 964 2077 caruisse:
1031 2035 1162 2097 qua
1211 2011 1280 2075 in
1333 2033 1402 2074 re
1443 2008 1731 2073 abutitur
1766 2030 1881 2084 eo,
1941 2008 2117 2092 quod
2158 2007 2387 2073 Vellei.
2426 2009 2534 2085 ΙΙ,
2584 2011 2657 2073 31
2706 2007 2809 2072 Cn.

498 2119 878 2203 Pompeium
921 2128 1138 2183 narrat
1181 2119 1513 2183 consulem
1560 2138 1725 2180 anno
1770 2116 1853 2181 70
1902 2115 2153 2181 iurasse
2172 2162 2189 2192 ,
2252 2117 2318 2179 in
2370 2118 2622 2182 nullam
2678 2139 2808 2203 pro-

501 2227 776 2293 vinciam
817 2250 886 2292 se
925 2250 1008 2292 ex
1051 2250 1128 2292 eo
1169 2225 1549 2310 magistratu
1588 2224 1851 2289 iturum.
1934 2223 2133 2305 Quod
2180 2248 2329 2289 cum
2373 2226 2463 2289 ita
2510 2227 2807 2311 interpre-

501 2344 637 2411 tur,
693 2336 944 2400 nullum
989 2335 1086 2399 illi
1129 2334 1468 2419 imperium
1515 2332 1719 2397 fuisse
1764 2354 1971 2416 neque
2029 2353 2110 2396 ex
2154 2334 2635 2399 consuetudine
2678 2356 2805 2419 pro-

500 2443 776 2508 vinciam
803 2444 1136 2530 obtingere
1163 2443 1475 2527 potuisse,
1504 2440 1733 2524 reliqui
1758 2462 1977 2504 omnes
2014 2440 2107 2505 sic
2133 2442 2347 2526 potius
2376 2442 2805 2526 intelligimus,

501 2572 647 2615 cum
689 2552 911 2615 liceret
949 2552 1008 2615 ei
1037 2550 1434 2636 provinciam
1470 2548 1705 2625 sortiri,
1746 2544 1867 2612 Cn.
1899 2548 2301 2634 Pompeium,
2336 2562 2409 2615 ut
2442 2550 2807 2615 modestiam

500 2680 576 2723 ac
617 2659 1102 2744 temperantiam
1145 2668 1524 2733 ostentaret,
1584 2666 1837 2741 praeter
1874 2666 2231 2721 ceterorum
2280 2658 2628 2723 consulum
2672 2680 2807 2722 con-

502 2766 908 2833 suetudinem
951 2766 1220 2843 iurasse,
1269 2789 1350 2831 ex
1392 2765 1505 2829 illo
1550 2765 1889 2829 consulatu
1934 2786 2003 2829 se
2041 2765 2111 2827 in
2145 2766 2389 2831 nullam
2426 2768 2805 2853 provinciam

501 2896 644 2939 esse
697 2876 960 2940 iturum.
1047 2874 1267 2956 Quare
1329 2874 1410 2939 de
1460 2872 1731 2958 imperio
1794 2873 2135 2937 consulum
2194 2874 2353 2938 nihil
2401 2898 2478 2939 ex
2526 2876 2641 2939 illo
2680 2875 2805 2938 loco

499 2995 710 3068 potest
751 2984 970 3069 colligi
987 3030 1004 3061 ,
1049 2984 1134 3049 de
1175 2983 1525 3068 provinciis
1570 2981 1693 3045 hoc
1712 3028 1727 3057 ,
1790 2981 2203 3046 consuevisse
2246 3004 2355 3047 eas
2400 2982 2543 3047 dari
2588 3004 2804 3048 consu-

498 3088 691 3156 libus.
778 3092 870 3156 At
915 3114 1068 3158 vero
1105 3093 1290 3158 locus
1329 3092 1436 3157 ille
1476 3091 1648 3177 apud
1694 3085 1881 3155 Caes.
1928 3089 2076 3154 bell.
2122 3090 2244 3155 civ.
2280 3091 2335 3167 Ι,
2378 3091 2453 3168 6,
2498 3114 2631 3175 quo
2670 3089 2804 3153 anni

501 3198 581 3264 49
627 3199 926 3264 consules
965 3211 1304 3264 narrantur
1340 3222 1422 3265 ex
1464 3199 1625 3263 urbe
1663 3197 1935 3283 profecti
1972 3220 2135 3275 esse,
2181 3202 2346 3279 quod
2383 3210 2533 3263 ante
2570 3203 2645 3263 id
2674 3210 2801 3261 tem-

487 3326 612 3387 pus
651 3310 966 3369 acciderat
1003 3330 1326 3388 nunquam
1343 3354 1362 3383 ,
1419 3328 1571 3371 sane
1612 3306 1695 3371 ad
1736 3306 2192 3391 explicandum
2246 3318 2347 3371 est
2398 3306 2799 3372 difficillimus

499 3436 576 3479 ac
614 3414 846 3499 longae
890 3413 1364 3499 disputationis.
1453 3414 1779 3499 Equidem
1820 3414 1941 3479 hoc
1984 3414 2175 3479 video
2220 3437 2553 3501 nunquam
2606 3416 2673 3479 in
2714 3435 2797 3477 re-

497 3521 759 3606 publica
795 3520 1086 3587 Romana
1127 3524 1368 3589 factum
1411 3546 1587 3600 esse,
1648 3533 1722 3587 ut
1764 3523 2063 3588 eonsules
2102 3522 2299 3588 nullis
2344 3523 2623 3588 decretis
2666 3542 2797 3606 pro-

500 3629 730 3695 vinciis
786 3630 1016 3695 urbem
1065 3631 1503 3716 relinquerent
1559 3641 1622 3695 et
1674 3652 1823 3694 eum
1873 3630 2142 3715 imperio
2199 3631 2267 3695 in
2321 3631 2509 3696 Italia
2550 3631 2799 3713 aliisque

498 3738 844 3821 provinciis
889 3750 1320 3816 versarentur,
1362 3740 1430 3803 id
1473 3739 1648 3824 quod
1690 3738 1829 3803 fieri
1870 3763 1999 3804 non
2036 3740 2247 3826 potuit
2290 3739 2417 3805 nisi
2462 3740 2649 3804 simul
2684 3746 2799 3802 tota

497 3844 748 3931 imperii
793 3844 982 3911 sedes
1019 3869 1101 3911 ex
1139 3847 1302 3913 urbe
1343 3848 1413 3911 in
1447 3847 1647 3911 alium
1678 3847 1893 3912 locum
1938 3848 2410 3912 transferretur.
2499 3845 2795 3913 Consules

498 3963 714 4019 autem
755 3954 906 4017 anni
937 3954 1016 4019 49
1053 3977 1172 4040 per
1205 3955 1419 4041 legem
1439 3956 1816 4041 Pompeiam
1852 3954 2161 4040 prohibiti
2195 3957 2563 4041 >provincias
2608 3952 2797 4020 sortiri

497 4070 710 4125 tamen
755 4083 904 4126 cum
949 4084 1200 4127 summo
1240 4062 1513 4149 imperio
1554 4062 1923 4149 provincias
1965 4063 2285 4129 obierunt.
2351 4062 2493 4131 Sed·
2524 4062 2793 4151 pluribus

495 4167 656 4233 haec
707 4171 1009 4255 persequi
1065 4170 1148 4236 ab
1209 4171 1334 4236 hoc
1390 4172 1529 4237 loco
1580 4171 1863 4236 alienum
1903 4182 2020 4237 est.
2106 4172 2519 4238 Mommsenii
2558 4170 2794 4257 quidem

497 4276 956 4363 interpretatio,
1001 4279 1114 4364 qui
1151 4279 1360 4364 ipsius
1403 4279 1779 4345 consulatus
1820 4300 1987 4343 anno
2024 4281 2325 4347 consules
2362 4304 2681 4367 nunquam
2720 4278 2791 4343 ait

497 4385 567 4448 in
606 4386 970 4470 provincias
1013 4388 1226 4453 exisse
1269 4387 1454 4452 facile
1503 4386 1934 4473 redarguitur.
2020 4388 2169 4475 Ipse
2215 4391 2387 4455 enim
2424 4392 2575 4457 citat
2608 4388 2787 4453 unde-
