2917 5017
771 361 854 410 Dc
891 361 1096 424 legibus
1131 359 1523 432 municipalibus
1560 357 1871 423 Hispanicis.
2350 351 2472 418 297

145 526 408 592 Paulus
449 525 518 590 in
565 525 718 610 Dig.
763 523 846 599 L,
875 523 915 588 2
960 521 1072 608 (de
1113 521 1365 604 decur.)
1402 522 1438 588 7
1485 519 1578 604 §2
1616 520 1947 605 praecipit,
1992 543 2162 597 eum,
2204 519 2475 604 quinon

149 635 240 701 sit
293 634 582 707 decurio,
640 632 1056 697 duumviratu
1101 630 1204 694 vel
1259 629 1398 694 aliis
1455 628 1807 694 honoribus
1854 629 2042 714 fungi
2088 651 2216 694 non
2262 651 2475 714 posse,

145 744 307 829 q'uia
361 743 784 809 decurionum
837 738 1186 804 honoribus
1236 737 1475 822 plebeii
1529 737 1717 822 fungi
1759 735 2241 822 prohibeantur,
2300 737 2475 822 quod

144 853 256 917 vel
301 852 387 916 ad
427 849 960 916 consuetudinem
999 859 1264 922 tantum,
1301 868 1431 910 non
1478 847 1560 912 ad
1598 846 2043 912 necessitatem
2080 847 2185 910 vel
2228 844 2310 908 ad
2354 843 2478 908 alia

145 971 445 1046 tempora
489 959 806 1050 pertinere
847 956 1186 1022 docuimus
1242 955 1308 1018 in
1361 965 1699 1020 comment.
1736 955 1771 1018 I
1814 978 1875 1042 p.
1922 955 2060 1031 135,
2098 954 2477 1040 plerumque

147 1080 366 1133 tamen
409 1069 501 1134 ita
536 1070 778 1133 factum
821 1074 938 1141 est,
987 1075 1061 1129 ut
1101 1063 1515 1149 magistratus
1565 1085 1643 1128 ex
1686 1063 2145 1128 decurionibus
2184 1085 2477 1128 crearen-

145 1190 290 1241 tur:
345 1199 569 1262 quare,
611 1198 760 1241 cum
800 1173 1258 1238 decurionatus
1303 1172 1623 1238 civitatem
1666 1172 2021 1236 Romanam
2060 1193 2187 1236 non
2224 1171 2479 1236 afferret

143 1290 332 1372 (nam
385 1308 466 1350 ne
523 1307 670 1350 eum
715 1283 976 1367 quidem
1032 1280 1144 1367 qui
1189 1282 1553 1366 praefectus
1596 1281 1827 1346 fuisset
1866 1303 1985 1367 pro
2036 1280 2246 1345 IIviro
2288 1290 2478 1363 atque

145 1394 470 1460 vicarium
514 1394 700 1478 quasi
753 1393 1200 1479 magistratum
1243 1389 1778 1467 administrasset,
1824 1389 2101 1454 civitatis
2151 1388 2478 1452 Romanae

141 1501 444 1589 praemio
491 1501 792 1578 affectum
851 1521 994 1564 esse
1047 1498 1396 1582 videmus),
1457 1496 1863 1581 sequebatur,
1924 1507 1997 1560 ut
2051 1505 2267 1560 essent
2315 1495 2482 1560 inter

145 1610 562 1688 decuriones,
620 1609 732 1694 qui
792 1609 1028 1674 Latino
1083 1618 1330 1671 tantum
1393 1608 1535 1671 iure
1592 1617 1945 1671 uterentur.
2030 1605 2090 1672 Ii
2141 1606 2311 1671 inter
2368 1627 2479 1671 eos

143 1728 360 1792 erant,
409 1718 523 1802 qui
579 1718 648 1782 in
711 1716 858 1782 albo
912 1714 1246 1784 Canusino
1305 1720 1543 1798 pedani
1590 1716 1727 1780 sive
1776 1719 2029 1799 pedarii
2068 1715 2479 1781 nominantur

139 1822 529 1911 (Comment
572 1827 607 1892 1
640 1849 703 1911 p.
736 1826 901 1906 131),
949 1827 1060 1911 qui
1107 1826 1159 1890 si
1203 1826 1479 1889 honores
1504 1823 1831 1911 gerebant,
1860 1835 1997 1890 tum
2030 1824 2290 1888 demum
2324 1821 2480 1886 civi-

144 1943 354 1997 tatem
387 1933 742 1999 Romanam
781 1933 1358 2019 consequebantur.

333 2041 756 2108 Absolvimus
823 2044 1100 2128 priorem
1172 2029 1417 2125 partem
1487 2041 1939 2127 disputationis
2002 2050 2291 2115 nostrae,
2354 2061 2483 2124 qua

149 2150 328 2214 duas
354 2172 458 2215 res
497 2149 1104 2227 demonstravimus,
1131 2151 1409 2235 primum
1435 2150 1840 2235 imperatoris
1870 2149 2226 2214 Domitiani
2256 2159 2482 2226 aetate,

147 2280 288 2342 qua
330 2257 450 2323 hae
471 2248 474 2253 ¹
495 2259 752 2324 tabulae
797 2259 1190 2344 Hispanicae
1239 2258 1513 2343 scriptae
1555 2268 1725 2335 sunt,
1772 2281 1809 2321 a
1854 2258 2227 2323 certissimis
2262 2269 2482 2324 aucto-

147 2366 342 2430 ribus
397 2367 717 2432 civitatem
756 2369 1112 2433 Romanam
1167 2365 1364 2430 tribui
1409 2365 1799 2451 municipiis,
1857 2365 2090 2430 deinde
2135 2366 2295 2430 nihil
2340 2389 2483 2434 esse

147 2477 222 2539 in
266 2474 388 2540 his·
416 2475 694 2560 legibus,
735 2476 911 2561 quod
952 2475 1270 2540 Malacam
1317 2484 1380 2538 et
1421 2471 1801 2559 Salpensam
1845 2474 2191 2540 Latinitate
2236 2485 2483 2540 tantum

147 2606 312 2648 usas
367 2606 510 2648 esse
559 2584 859 2650 ostendat
897 2583 1252 2666 rationique
1288 2582 1779 2668 municipiorum
1820 2583 1902 2648 ab
1927 2583 2189 2668 reliquis
2216 2583 2486 2648 traditae

147 2692 559 2756 adversetur.
649 2692 844 2756 U-nde
901 2692 1042 2756 iure
1098 2691 1511 2777 colligemus,
1577 2691 1894 2757 Malacam
1956 2704 2019 2756 et
2082 2689 2482 2777 Salpensam,

153 2800 404 2886 quippe
441 2823 607 2885 quae
641 2799 992 2886 municipia
1019 2800 1438 2884 appellentur,
1467 2797 1723 2863 civitate
1746 2799 2038 2864 Romana
2066 2800 2269 2864 fuisse
2297 2819 2483 2884 prae-

149 2909 330 2972 ditas
375 2931 496 2972 nec
537 2908 692 2974 satis
739 2919 912 2973 recte
953 2909 1185 2983 facere,
1229 2909 1340 2993 qui
1379 2918 1442 2972 et
1480 2907 1639 2971 haec
1683 2908 2033 2992 municipia
2072 2907 2290 2972 Latini
2320 2907 2482 2973 iuris
2560 2932 2563 2937 ·

148 3018 365 3083 fuisse
413 3029 694 3082 statuant
739 3030 802 3083 et
845 3018 913 3082 in
957 3016 1394 3101 antiquitatem
1435 3007 1790 3081 Romanam
1834 3015 1959 3082 hoc
2008 3039 2247 3082 novum
2290 3028 2483 3103 atque

147 3127 522 3193 inauditum
561 3127 858 3204 inferant,
921 3137 994 3189 ut
1036 3125 1493 3210 imperatorum
1540 3135 1744 3190 aetate
1802 3125 1933 3189 duo
1987 3125 2483 3210 municipiorum

149 3257 402 3320 genera
449 3236 591 3302 iure
633 3237 800 3300 inter
858 3257 927 3299 se
973 3233 1234 3298 diversa
1275 3232 1479 3298 fuisse
1524 3233 1908 3299 existiment.
1984 3234 2309 3300 Effectum
2356 3235 2482 3321 igi-

149 3355 266 3408 tur
323 3355 440 3420 est,
494 3344 672 3429 quod
725 3343 913 3408 nobis
971 3363 1534 3428 proposueramus,
1592 3343 1975 3429 sublatoque
2006 3366 2193 3408 .novo
2246 3367 2481 3421 errore,

151 3452 272 3538 qui
316 3475 397 3517 ne
445 3475 710 3539 magnas
764 3453 988 3517 turbas
1041 3450 1346 3514 excitaret
1391 3450 1794 3526 verebamur,
1840 3460 2029 3516 vetus
2074 3452 2481 3517 doctissimo-

151 3584 304 3625 rum
341 3560 628 3626 virorum
675 3559 758 3624 de
803 3558 1170 3644 municipiis
1217 3559 1485 3624 defensa
1528 3558 1859 3624 sententia.
1926 3557 2241 3645 Superest
2282 3562 2481 3626 altera

153 3691 328 3754 pars,
382 3691 546 3753 quae
603 3668 669 3732 in
729 3668 1094 3734 subsidium
1143 3669 1329 3753 quasi
1389 3666 1741 3754 superioris
1796 3679 2221 3753 comparatur,
2282 3678 2357 3731 ut
2399 3668 2482 3734 de

154 3777 517 3862 Hispaniae
583 3761 664 3842 et¹
693 3777 984 3842 Malacae
1045 3773 1524 3863 Salpensaeque
1580 3776 1721 3841 iure
1777 3799 2184 3861 quaeramus,
2242 3800 2371 3861 qua
2426 3777 2480 3842 si

153 3887 309 3950 item
347 3885 784 3950 invenerimus
825 3885 984 3950 nihil
1027 3884 1196 3950 effici
1243 3885 1368 3949 nisi
1404 3885 1577 3970 quod
1618 3884 1771 3950 olim
1810 3885 1892 3949 de
1935 3885 2303 3971 municipiis
2349 3896 2476 3950 tra-

156 3995 368 4058 ditum
413 3994 514 4070 sit,
558 4017 888 4079 speramus
933 3996 1090 4070 fore,
1131 4005 1206 4059 ut
1249 4004 1314 4060 et
1355 3993 1677 4058 maximus
1720 3988 2114 4077 antiquitatis
2148 3992 2476 4058 Romanae

155 4103 342 4168 locus
395 4113 568 4168 certe
611 4103 1034 4168 constituatur
1075 4113 1138 4166 et
1183 4101 1583 4168 nobilissima
1634 4114 2047 4167 monumenta
2100 4102 2181 4168 ab
2222 4102 2477 4168 temeri-

155 4221 285 4276 tate
324 4231 640 4276 novarum
685 4211 1054 4298 opinionum
1089 4210 1568 4297 prohibeantur.

327 4317 826 4386 Proficiscemur
861 4330 1076 4384 autem
1119 4319 1198 4385 ab
1243 4319 1410 4385 aeris
1445 4317 1829 4405 Salpensani
1860 4341 1996 4406 cap.
2024 4319 2265 4397 XXII,
2292 4317 2479 4384 cuius

159 4427 360 4495 verba
409 4439 562 4494 sunt
605 4429 798 4497 haec:
851 4432 978 4502 Qua·
1019 4451 1288 4514 quaeque
1331 4451 1408 4492 ex
1454 4431 1639 4510 hacc)
1680 4431 1877 4512 laege)
1921 4449 2069 4492 exve
2108 4431 2303 4492 edicto
2338 4432 2483 4511 imp.
