<?xml version="1.0" encoding="UTF-8"?>
<!DOCTYPE html PUBLIC "-//W3C//DTD XHTML 1.0 Transitional//EN"
    "http://www.w3.org/TR/xhtml1/DTD/xhtml1-transitional.dtd">
<html xmlns="http://www.w3.org/1999/xhtml" xml:lang="en" lang="en">
 <head>
  <title>
</title>
<meta http-equiv="Content-Type" content="text/html;charset=utf-8" />
  <meta name='ocr-system' content='tesseract 3.04.00' />
  <meta name='ocr-capabilities' content='ocr_page ocr_carea ocr_par ocr_line ocrx_word'/>
</head>
<body>
  <div class='ocr_page' id='page_1' title='image "augustiwilhelmi01unkngoog_0115.png"; bbox 0 0 2917 5017; ppageno 0'>
   <div class='ocr_carea' id='block_1_1' title="bbox 456 323 2101 390">
    <p class='ocr_par' dir='ltr' id='par_1_1' title="bbox 456 323 2101 390">
     <span class='ocr_line' id='line_1_1' title="bbox 456 323 2101 390; baseline -0.003 -9"><span class='ocrx_word' id='word_1_1' title='bbox 456 323 575 388; x_wconf 85' lang='lat'><strong>100</strong></span> <span class='ocrx_word' id='word_1_2' title='bbox 1099 329 1178 379; x_wconf 85' lang='lat' dir='ltr'><strong>De</strong></span> <span class='ocrx_word' id='word_1_3' title='bbox 1219 327 1393 378; x_wconf 77' lang='lat' dir='ltr'><strong>Gallia</strong></span> <span class='ocrx_word' id='word_1_4' title='bbox 1429 327 1783 376; x_wconf 84' lang='lat' dir='ltr'><strong>Romanorum</strong></span> <span class='ocrx_word' id='word_1_5' title='bbox 1822 325 2101 390; x_wconf 81' lang='lat' dir='ltr'><strong>provincia.</strong></span> 
     </span>
    </p>
   </div>
   <div class='ocr_carea' id='block_1_2' title="bbox 450 487 2734 1546">
    <p class='ocr_par' dir='ltr' id='par_1_2' title="bbox 450 487 2734 1546">
     <span class='ocr_line' id='line_1_2' title="bbox 450 487 2719 576; baseline -0.001 -21"><span class='ocrx_word' id='word_1_6' title='bbox 450 514 594 555; x_wconf 89' lang='lat' dir='ltr'><strong>rum</strong></span> <span class='ocrx_word' id='word_1_7' title='bbox 620 489 834 576; x_wconf 87' lang='lat' dir='ltr'><strong>potius</strong></span> <span class='ocrx_word' id='word_1_8' title='bbox 866 491 1093 576; x_wconf 89' lang='lat' dir='ltr'><strong>culpae</strong></span> <span class='ocrx_word' id='word_1_9' title='bbox 1123 490 1355 565; x_wconf 89' lang='lat' dir='ltr'><strong>tribu0‚</strong></span> <span class='ocrx_word' id='word_1_10' title='bbox 1397 489 1570 574; x_wconf 87' lang='lat' dir='ltr'><strong>quod</strong></span> <span class='ocrx_word' id='word_1_11' title='bbox 1596 487 2065 574; x_wconf 76' lang='lat' dir='ltr'><strong>Lugdunensis</strong></span> <span class='ocrx_word' id='word_1_12' title='bbox 2090 489 2485 555; x_wconf 80' lang='lat' dir='ltr'><strong>Narbonensi</strong></span> <span class='ocrx_word' id='word_1_13' title='bbox 2520 489 2719 552; x_wconf 85' lang='lat' dir='ltr'><strong>dicitur</strong></span> 
     </span>
     <span class='ocr_line' id='line_1_3' title="bbox 455 597 2719 683; baseline -0.002 -18"><span class='ocrx_word' id='word_1_14' title='bbox 455 599 788 674; x_wconf 79' lang='lat' dir='ltr'>contineri,</span> <span class='ocrx_word' id='word_1_15' title='bbox 835 599 944 683; x_wconf 92' lang='lat' dir='ltr'><strong>qui</strong></span> <span class='ocrx_word' id='word_1_16' title='bbox 991 621 1300 663; x_wconf 88' lang='lat' dir='ltr'><strong>versuum</strong></span> <span class='ocrx_word' id='word_1_17' title='bbox 1342 597 1543 661; x_wconf 90' lang='lat' dir='ltr'><strong>initiis</strong></span> <span class='ocrx_word' id='word_1_18' title='bbox 1586 597 1755 659; x_wconf 90' lang='lat' dir='ltr'><strong>inter</strong></span> <span class='ocrx_word' id='word_1_19' title='bbox 1792 617 1861 660; x_wconf 94' lang='lat' dir='ltr'><strong>se</strong></span> <span class='ocrx_word' id='word_1_20' title='bbox 1903 598 2191 662; x_wconf 89' lang='lat' dir='ltr'><strong>confusis</strong></span> <span class='ocrx_word' id='word_1_21' title='bbox 2231 597 2719 683; x_wconf 75' lang='lat' dir='ltr'><strong>Lugdunensem,</strong></span> 
     </span>
     <span class='ocr_line' id='line_1_4' title="bbox 451 701 2722 793; baseline -0.002 -22"><span class='ocrx_word' id='word_1_22' title='bbox 451 729 646 791; x_wconf 87' lang='lat' dir='ltr'><strong>quam</strong></span> <span class='ocrx_word' id='word_1_23' title='bbox 689 729 838 771; x_wconf 89' lang='lat' dir='ltr'><strong>cum</strong></span> <span class='ocrx_word' id='word_1_24' title='bbox 881 707 1208 793; x_wconf 79' lang='lat' dir='ltr'><strong>superiore</strong></span> <span class='ocrx_word' id='word_1_25' title='bbox 1261 720 1322 770; x_wconf 86' lang='lat' dir='ltr'><strong>et</strong></span> <span class='ocrx_word' id='word_1_26' title='bbox 1363 704 1665 769; x_wconf 85' lang='lat' dir='ltr'><strong>inferiore</strong></span> <span class='ocrx_word' id='word_1_27' title='bbox 1711 701 2062 769; x_wconf 82' lang='lat' dir='ltr'><strong>Germania</strong></span> <span class='ocrx_word' id='word_1_28' title='bbox 2103 706 2450 791; x_wconf 80' lang='lat' dir='ltr'><strong>Belgisque</strong></span> <span class='ocrx_word' id='word_1_29' title='bbox 2492 705 2722 769; x_wconf 90' lang='lat' dir='ltr'><strong>coniun-</strong></span> 
     </span>
     <span class='ocr_line' id='line_1_5' title="bbox 453 811 2727 900; baseline -0.001 -21"><span class='ocrx_word' id='word_1_30' title='bbox 453 827 620 880; x_wconf 84' lang='lat' dir='ltr'><strong>ctam</strong></span> <span class='ocrx_word' id='word_1_31' title='bbox 655 824 1054 900; x_wconf 79' lang='lat' dir='ltr'><strong>repererant,</strong></span> <span class='ocrx_word' id='word_1_32' title='bbox 1097 815 1259 878; x_wconf 90' lang='lat' dir='ltr'><strong>male</strong></span> <span class='ocrx_word' id='word_1_33' title='bbox 1303 813 1387 878; x_wconf 84' lang='lat' dir='ltr'><strong>ad</strong></span> <span class='ocrx_word' id='word_1_34' title='bbox 1428 813 1643 897; x_wconf 87' lang='lat' dir='ltr'><strong>priora</strong></span> <span class='ocrx_word' id='word_1_35' title='bbox 1682 811 1793 876; x_wconf 83' lang='lat' dir='ltr'><strong>illa</strong></span> <span class='ocrx_word' id='word_1_36' title='bbox 1831 834 1996 896; x_wconf 89' lang='lat' dir='ltr'><strong>quae</strong></span> <span class='ocrx_word' id='word_1_37' title='bbox 2040 813 2123 877; x_wconf 91' lang='lat' dir='ltr'><strong>de</strong></span> <span class='ocrx_word' id='word_1_38' title='bbox 2164 812 2559 877; x_wconf 84' lang='lat' dir='ltr'><strong>Narbonensi</strong></span> <span class='ocrx_word' id='word_1_39' title='bbox 2603 825 2727 876; x_wconf 88' lang='lat' dir='ltr'><strong>sunt</strong></span> 
     </span>
     <span class='ocr_line' id='line_1_6' title="bbox 451 919 2725 1009; baseline -0.002 -22"><span class='ocrx_word' id='word_1_40' title='bbox 451 933 909 1009; x_wconf 87' lang='lat' dir='ltr'><strong>apposuerunt.</strong></span> <span class='ocrx_word' id='word_1_41' title='bbox 995 921 1352 1006; x_wconf 82' lang='lat' dir='ltr'><strong>Scripsisse</strong></span> <span class='ocrx_word' id='word_1_42' title='bbox 1391 920 1595 1006; x_wconf 86' lang='lat' dir='ltr'><strong>igitur</strong></span> <span class='ocrx_word' id='word_1_43' title='bbox 1634 919 2049 985; x_wconf 86' lang='lat' dir='ltr'><strong>Ammianum</strong></span> <span class='ocrx_word' id='word_1_44' title='bbox 2091 922 2184 986; x_wconf 91' lang='lat' dir='ltr'><strong>sic</strong></span> <span class='ocrx_word' id='word_1_45' title='bbox 2226 943 2456 984; x_wconf 87' lang='lat' dir='ltr'><strong>censeo</strong></span> <span class='ocrx_word' id='word_1_46' title='bbox 2497 944 2725 1002; x_wconf 82' lang='lat' dir='ltr'><strong>quarum</strong></span> 
     </span>
     <span class='ocr_line' id='line_1_7' title="bbox 454 1031 2727 1108; baseline -0.001 -15"><span class='ocrx_word' id='word_1_47' title='bbox 454 1031 864 1093; x_wconf 78' lang='lat' dir='ltr'><strong>Narbonensis</strong></span> <span class='ocrx_word' id='word_1_48' title='bbox 915 1053 1048 1091; x_wconf 76' lang='lat' dir='ltr'><strong>una</strong></span> <span class='ocrx_word' id='word_1_49' title='bbox 1105 1033 1496 1092; x_wconf 77' lang='lat' dir='ltr'><strong>Viennensem</strong></span> <span class='ocrx_word' id='word_1_50' title='bbox 1554 1032 1730 1091; x_wconf 81' lang='lat' dir='ltr'><strong>intra</strong></span> <span class='ocrx_word' id='word_1_51' title='bbox 1790 1052 1851 1092; x_wconf 85' lang='lat' dir='ltr'><strong>se</strong></span> <span class='ocrx_word' id='word_1_52' title='bbox 1900 1031 2257 1092; x_wconf 78' lang='lat' dir='ltr'><strong>continebat</strong></span> <span class='ocrx_word' id='word_1_53' title='bbox 2271 1076 2287 1104; x_wconf 94' lang='lat'><strong>,</strong></span> <span class='ocrx_word' id='word_1_54' title='bbox 2342 1034 2537 1092; x_wconf 80' lang='lat' dir='ltr'><strong>altera</strong></span> <span class='ocrx_word' id='word_1_55' title='bbox 2576 1033 2727 1108; x_wconf 78' lang='lat' dir='ltr'><strong>Aqui-</strong></span> 
     </span>
     <span class='ocr_line' id='line_1_8' title="bbox 451 1139 2728 1218; baseline -0.002 -16"><span class='ocrx_word' id='word_1_56' title='bbox 451 1143 621 1202; x_wconf 80' lang='lat' dir='ltr'><strong>tanis</strong></span> <span class='ocrx_word' id='word_1_57' title='bbox 645 1147 944 1218; x_wconf 80' lang='lat' dir='ltr'><strong>praeerat</strong></span> <span class='ocrx_word' id='word_1_58' title='bbox 983 1140 1300 1212; x_wconf 78' lang='lat' dir='ltr'><strong>universis,</strong></span> <span class='ocrx_word' id='word_1_59' title='bbox 1345 1139 1850 1216; x_wconf 71' lang='lat' dir='ltr'><strong>Lugdunensem,</strong></span> <span class='ocrx_word' id='word_1_60' title='bbox 1894 1144 2266 1217; x_wconf 77' lang='lat' dir='ltr'><strong>superiorem</strong></span> <span class='ocrx_word' id='word_1_61' title='bbox 2304 1147 2365 1199; x_wconf 85' lang='lat' dir='ltr'><strong>et</strong></span> <span class='ocrx_word' id='word_1_62' title='bbox 2406 1141 2728 1212; x_wconf 80' lang='lat' dir='ltr'><strong>inferiorem</strong></span> 
     </span>
     <span class='ocr_line' id='line_1_9' title="bbox 455 1243 2731 1328; baseline -0.002 -19"><span class='ocrx_word' id='word_1_63' title='bbox 455 1249 858 1309; x_wconf 76' lang='lat' dir='ltr'><strong>Germaniam</strong></span> <span class='ocrx_word' id='word_1_64' title='bbox 903 1249 1266 1325; x_wconf 79' lang='lat' dir='ltr'><strong>Belgasque,</strong></span> <span class='ocrx_word' id='word_1_65' title='bbox 1311 1244 1376 1306; x_wconf 89' lang='lat' dir='ltr'><strong>in</strong></span> <span class='ocrx_word' id='word_1_66' title='bbox 1415 1243 1655 1326; x_wconf 90' lang='lat' dir='ltr'><strong>quibus</strong></span> <span class='ocrx_word' id='word_1_67' title='bbox 1699 1255 1871 1309; x_wconf 90' lang='lat' dir='ltr'><strong>recte</strong></span> <span class='ocrx_word' id='word_1_68' title='bbox 1908 1246 2123 1308; x_wconf 90' lang='lat' dir='ltr'><strong>omnia</strong></span> <span class='ocrx_word' id='word_1_69' title='bbox 2163 1246 2521 1328; x_wconf 88' lang='lat' dir='ltr'><strong>procedunt</strong></span> <span class='ocrx_word' id='word_1_70' title='bbox 2556 1267 2731 1326; x_wconf 83' lang='lat' dir='ltr'><strong>neque</strong></span> 
     </span>
     <span class='ocr_line' id='line_1_10' title="bbox 451 1350 2734 1438; baseline -0.002 -22"><span class='ocrx_word' id='word_1_71' title='bbox 451 1353 586 1416; x_wconf 88' lang='lat' dir='ltr'><strong>ulla</strong></span> <span class='ocrx_word' id='word_1_72' title='bbox 627 1352 954 1417; x_wconf 85' lang='lat' dir='ltr'><strong>Ammiani</strong></span> <span class='ocrx_word' id='word_1_73' title='bbox 997 1362 1111 1416; x_wconf 82' lang='lat' dir='ltr'><strong>aut</strong></span> <span class='ocrx_word' id='word_1_74' title='bbox 1148 1351 1405 1417; x_wconf 81' lang='lat' dir='ltr'><strong>inscitia</strong></span> <span class='ocrx_word' id='word_1_75' title='bbox 1453 1362 1566 1416; x_wconf 82' lang='lat' dir='ltr'><strong>aut</strong></span> <span class='ocrx_word' id='word_1_76' title='bbox 1611 1350 1693 1416; x_wconf 89' lang='lat' dir='ltr'><strong>ab</strong></span> <span class='ocrx_word' id='word_1_77' title='bbox 1738 1350 2055 1416; x_wconf 86' lang='lat' dir='ltr'><strong>Strabone</strong></span> <span class='ocrx_word' id='word_1_78' title='bbox 2093 1352 2529 1438; x_wconf 84' lang='lat' dir='ltr'><strong>discrepantia</strong></span> <span class='ocrx_word' id='word_1_79' title='bbox 2572 1351 2734 1414; x_wconf 88' lang='lat' dir='ltr'><strong>relin-</strong></span> 
     </span>
     <span class='ocr_line' id='line_1_11' title="bbox 451 1461 694 1546; baseline -0.008 -20"><span class='ocrx_word' id='word_1_80' title='bbox 451 1461 694 1546; x_wconf 88' lang='lat' dir='ltr'><strong>quitur.</strong></span> 
     </span>
    </p>
   </div>
   <div class='ocr_carea' id='block_1_3' title="bbox 449 1565 2859 2626">
    <p class='ocr_par' dir='ltr' id='par_1_3' title="bbox 449 1565 2859 2626">
     <span class='ocr_line' id='line_1_12' title="bbox 619 1565 2858 1642; baseline -0.001 -10"><span class='ocrx_word' id='word_1_81' title='bbox 619 1567 956 1632; x_wconf 90' lang='lat' dir='ltr'><strong>Habemus</strong></span> <span class='ocrx_word' id='word_1_82' title='bbox 995 1579 1210 1632; x_wconf 90' lang='lat' dir='ltr'><strong>autem</strong></span> <span class='ocrx_word' id='word_1_83' title='bbox 1245 1569 1434 1632; x_wconf 89' lang='lat' dir='ltr'><strong>etiam</strong></span> <span class='ocrx_word' id='word_1_84' title='bbox 1476 1566 1653 1631; x_wconf 90' lang='lat' dir='ltr'><strong>aliud</strong></span> <span class='ocrx_word' id='word_1_85' title='bbox 1700 1565 1781 1629; x_wconf 90' lang='lat' dir='ltr'><strong>de</strong></span> <span class='ocrx_word' id='word_1_86' title='bbox 1826 1565 2185 1632; x_wconf 85' lang='lat' dir='ltr'><strong>Galliarum</strong></span> <span class='ocrx_word' id='word_1_87' title='bbox 2228 1569 2546 1632; x_wconf 88' lang='lat' dir='ltr'><strong>divisione</strong></span> <span class='ocrx_word' id='word_1_88' title='bbox 2588 1567 2737 1632; x_wconf 85' lang='lat' dir='ltr'><strong>testi·</strong></span> <span class='ocrx_word' id='word_1_89' title='bbox 2851 1637 2858 1642; x_wconf 8' lang='grc' dir='ltr'><strong>Ἴ,</strong></span> 
     </span>
     <span class='ocr_line' id='line_1_13' title="bbox 453 1674 2851 1761; baseline -0.001 -22"><span class='ocrx_word' id='word_1_90' title='bbox 453 1676 738 1740; x_wconf 88' lang='lat' dir='ltr'><strong>monium</strong></span> <span class='ocrx_word' id='word_1_91' title='bbox 781 1676 1013 1751; x_wconf 92' lang='lat' dir='ltr'><strong>Plinii,</strong></span> <span class='ocrx_word' id='word_1_92' title='bbox 1061 1676 1172 1759; x_wconf 88' lang='lat' dir='ltr'><strong>qui</strong></span> <span class='ocrx_word' id='word_1_93' title='bbox 1213 1698 1360 1739; x_wconf 89' lang='lat' dir='ltr'><strong>cum</strong></span> <span class='ocrx_word' id='word_1_94' title='bbox 1399 1674 1885 1739; x_wconf 86' lang='lat' dir='ltr'><strong>Narbonensem</strong></span> <span class='ocrx_word' id='word_1_95' title='bbox 1925 1677 2053 1740; x_wconf 91' lang='lat' dir='ltr'><strong>iam</strong></span> <span class='ocrx_word' id='word_1_96' title='bbox 2095 1676 2239 1740; x_wconf 87' lang='lat' dir='ltr'><strong>libr.</strong></span> <span class='ocrx_word' id='word_1_97' title='bbox 2279 1677 2405 1752; x_wconf 92' lang='lat' dir='ltr'><strong>III,</strong></span> <span class='ocrx_word' id='word_1_98' title='bbox 2452 1676 2488 1740; x_wconf 85' lang='lat'>4</span> <span class='ocrx_word' id='word_1_99' title='bbox 2530 1687 2740 1761; x_wconf 47' lang='lat' dir='ltr'><strong>perti-af</strong></span> <span class='ocrx_word' id='word_1_100' title='bbox 2849 1697 2851 1702; x_wconf 92' lang='lat'><em>·</em></span> 
     </span>
     <span class='ocr_line' id='line_1_14' title="bbox 453 1783 2742 1868; baseline -0 -20"><span class='ocrx_word' id='word_1_101' title='bbox 453 1795 722 1861; x_wconf 87' lang='lat' dir='ltr'><strong>ctasset‚</strong></span> <span class='ocrx_word' id='word_1_102' title='bbox 785 1784 929 1849; x_wconf 87' lang='lat' dir='ltr'><strong>libr.</strong></span> <span class='ocrx_word' id='word_1_103' title='bbox 970 1784 1088 1860; x_wconf 90' lang='lat' dir='ltr'><strong>IV,</strong></span> <span class='ocrx_word' id='word_1_104' title='bbox 1153 1785 1226 1850; x_wconf 81' lang='lat'><strong>17</strong></span> <span class='ocrx_word' id='word_1_105' title='bbox 1279 1807 1374 1868; x_wconf 91' lang='lat' dir='ltr'><strong>sq.</strong></span> <span class='ocrx_word' id='word_1_106' title='bbox 1430 1806 1597 1868; x_wconf 90' lang='lat' dir='ltr'><strong>quae</strong></span> <span class='ocrx_word' id='word_1_107' title='bbox 1650 1783 1931 1868; x_wconf 87' lang='lat' dir='ltr'><strong>reliquae</strong></span> <span class='ocrx_word' id='word_1_108' title='bbox 1986 1797 2137 1849; x_wconf 89' lang='lat' dir='ltr'><strong>sunt</strong></span> <span class='ocrx_word' id='word_1_109' title='bbox 2192 1796 2355 1862; x_wconf 90' lang='lat' dir='ltr'><strong>tres,</strong></span> <span class='ocrx_word' id='word_1_110' title='bbox 2423 1783 2742 1868; x_wconf 83' lang='lat' dir='ltr'><strong>Belgicam,</strong></span> 
     </span>
     <span class='ocr_line' id='line_1_15' title="bbox 449 1891 2741 1978; baseline -0.001 -22"><span class='ocrx_word' id='word_1_111' title='bbox 449 1892 992 1978; x_wconf 88' lang='lat' dir='ltr'><strong>Lugdunensem,</strong></span> <span class='ocrx_word' id='word_1_112' title='bbox 1069 1892 1483 1976; x_wconf 87' lang='lat' dir='ltr'><strong>Aquitaniam</strong></span> <span class='ocrx_word' id='word_1_113' title='bbox 1552 1891 1641 1954; x_wconf 89' lang='lat' dir='ltr'><strong>ita</strong></span> <span class='ocrx_word' id='word_1_114' title='bbox 1698 1903 2019 1968; x_wconf 85' lang='lat' dir='ltr'><strong>recenset,</strong></span> <span class='ocrx_word' id='word_1_115' title='bbox 2091 1903 2165 1956; x_wconf 85' lang='lat' dir='ltr'><strong>ut</strong></span> <span class='ocrx_word' id='word_1_116' title='bbox 2227 1893 2341 1978; x_wconf 89' lang='lat' dir='ltr'><strong>qui</strong></span> <span class='ocrx_word' id='word_1_117' title='bbox 2392 1893 2463 1956; x_wconf 91' lang='lat' dir='ltr'><strong>in</strong></span> <span class='ocrx_word' id='word_1_118' title='bbox 2518 1913 2741 1976; x_wconf 84' lang='lat' dir='ltr'><strong>quaque</strong></span> 
     </span>
     <span class='ocr_line' id='line_1_16' title="bbox 453 1998 2858 2085; baseline -0 -23"><span class='ocrx_word' id='word_1_119' title='bbox 453 2011 669 2064; x_wconf 86' lang='lat' dir='ltr'><strong>essent</strong></span> <span class='ocrx_word' id='word_1_120' title='bbox 690 1999 935 2085; x_wconf 90' lang='lat' dir='ltr'><strong>populi,</strong></span> <span class='ocrx_word' id='word_1_121' title='bbox 959 2011 1379 2064; x_wconf 86' lang='lat' dir='ltr'><strong>enumeraret.</strong></span> <span class='ocrx_word' id='word_1_122' title='bbox 1434 1998 1761 2080; x_wconf 82' lang='lat' dir='ltr'><strong>Quattuor</strong></span> <span class='ocrx_word' id='word_1_123' title='bbox 1781 2000 1984 2085; x_wconf 90' lang='lat' dir='ltr'><strong>igitur</strong></span> <span class='ocrx_word' id='word_1_124' title='bbox 2012 2011 2183 2065; x_wconf 91' lang='lat' dir='ltr'><strong>certe</strong></span> <span class='ocrx_word' id='word_1_125' title='bbox 2211 2002 2438 2065; x_wconf 87' lang='lat' dir='ltr'><strong>statuit</strong></span> <span class='ocrx_word' id='word_1_126' title='bbox 2465 2023 2603 2065; x_wconf 90' lang='lat' dir='ltr'><strong>esse</strong></span> <span class='ocrx_word' id='word_1_127' title='bbox 2624 2000 2745 2063; x_wconf 90' lang='lat' dir='ltr'><strong>uni·</strong></span> <span class='ocrx_word' id='word_1_128' title='bbox 2856 2055 2858 2076; x_wconf 23' lang='grc' dir='ltr'>ς</span> 
     </span>
     <span class='ocr_line' id='line_1_17' title="bbox 453 2105 2859 2192; baseline -0.001 -20"><span class='ocrx_word' id='word_1_129' title='bbox 453 2130 677 2173; x_wconf 84' lang='lat' dir='ltr'><strong>versae</strong></span> <span class='ocrx_word' id='word_1_130' title='bbox 732 2105 982 2172; x_wconf 86' lang='lat' dir='ltr'><strong>Galliae</strong></span> <span class='ocrx_word' id='word_1_131' title='bbox 1038 2106 1400 2191; x_wconf 87' lang='lat' dir='ltr'><strong>provincias</strong></span> <span class='ocrx_word' id='word_1_132' title='bbox 1419 2154 1436 2182; x_wconf 95' lang='lat'><strong>,</strong></span> <span class='ocrx_word' id='word_1_133' title='bbox 1496 2107 1903 2172; x_wconf 88' lang='lat' dir='ltr'><strong>consentiens</strong></span> <span class='ocrx_word' id='word_1_134' title='bbox 1946 2131 2211 2192; x_wconf 89' lang='lat' dir='ltr'><strong>prorsus</strong></span> <span class='ocrx_word' id='word_1_135' title='bbox 2262 2132 2413 2174; x_wconf 88' lang='lat' dir='ltr'><strong>cum</strong></span> <span class='ocrx_word' id='word_1_136' title='bbox 2460 2107 2745 2173; x_wconf 87' lang='lat' dir='ltr'><strong>Strabone</strong></span> <span class='ocrx_word' id='word_1_137' title='bbox 2856 2150 2859 2187; x_wconf 32' lang='grc' dir='ltr'>ἱ</span> 
     </span>
     <span class='ocr_line' id='line_1_18' title="bbox 453 2213 2859 2296; baseline 0 -19"><span class='ocrx_word' id='word_1_138' title='bbox 453 2227 516 2278; x_wconf 89' lang='lat' dir='ltr'><strong>et</strong></span> <span class='ocrx_word' id='word_1_139' title='bbox 569 2215 928 2278; x_wconf 74' lang='lat' dir='ltr'><strong>Ammiano·</strong></span> <span class='ocrx_word' id='word_1_140' title='bbox 1024 2213 1175 2295; x_wconf 84' lang='lat' dir='ltr'><strong>Quo</strong></span> <span class='ocrx_word' id='word_1_141' title='bbox 1223 2237 1543 2278; x_wconf 90' lang='lat' dir='ltr'><strong>consensu</strong></span> <span class='ocrx_word' id='word_1_142' title='bbox 1595 2237 1723 2278; x_wconf 91' lang='lat' dir='ltr'><strong>non</strong></span> <span class='ocrx_word' id='word_1_143' title='bbox 1779 2214 2161 2280; x_wconf 86' lang='lat' dir='ltr'><strong>debebimus</strong></span> <span class='ocrx_word' id='word_1_144' title='bbox 2211 2217 2278 2279; x_wconf 92' lang='lat' dir='ltr'><strong>in</strong></span> <span class='ocrx_word' id='word_1_145' title='bbox 2336 2239 2477 2280; x_wconf 91' lang='lat' dir='ltr'><strong>eam</strong></span> <span class='ocrx_word' id='word_1_146' title='bbox 2538 2216 2746 2280; x_wconf 89' lang='lat' dir='ltr'><strong>adduci</strong></span> <span class='ocrx_word' id='word_1_147' title='bbox 2852 2260 2859 2296; x_wconf 49' lang='lat' dir='ltr'>J</span> 
     </span>
     <span class='ocr_line' id='line_1_19' title="bbox 453 2322 2859 2408; baseline -0.001 -22"><span class='ocrx_word' id='word_1_148' title='bbox 453 2322 848 2407; x_wconf 88' lang='lat' dir='ltr'><strong>opinionem,</strong></span> <span class='ocrx_word' id='word_1_149' title='bbox 913 2334 989 2386; x_wconf 89' lang='lat' dir='ltr'><strong>ut</strong></span> <span class='ocrx_word' id='word_1_150' title='bbox 1044 2345 1207 2406; x_wconf 89' lang='lat' dir='ltr'><strong>quae</strong></span> <span class='ocrx_word' id='word_1_151' title='bbox 1265 2323 1633 2408; x_wconf 86' lang='lat' dir='ltr'><strong>provinciae</strong></span> <span class='ocrx_word' id='word_1_152' title='bbox 1686 2323 1991 2408; x_wconf 89' lang='lat' dir='ltr'><strong>Augusto</strong></span> <span class='ocrx_word' id='word_1_153' title='bbox 2050 2323 2435 2408; x_wconf 86' lang='lat' dir='ltr'><strong>imperatore</strong></span> <span class='ocrx_word' id='word_1_154' title='bbox 2494 2327 2747 2397; x_wconf 81' lang='lat' dir='ltr'><strong>fuerunt,</strong></span> <span class='ocrx_word' id='word_1_155' title='bbox 2856 2367 2859 2404; x_wconf 62' lang='lat'><em>³</em></span> 
     </span>
     <span class='ocr_line' id='line_1_20' title="bbox 451 2430 2859 2518; baseline -0 -24"><span class='ocrx_word' id='word_1_156' title='bbox 451 2430 712 2494; x_wconf 88' lang='lat' dir='ltr'><strong>easdem</strong></span> <span class='ocrx_word' id='word_1_157' title='bbox 760 2430 956 2494; x_wconf 89' lang='lat' dir='ltr'><strong>Plinii</strong></span> <span class='ocrx_word' id='word_1_158' title='bbox 1009 2441 1246 2506; x_wconf 89' lang='lat' dir='ltr'><strong>aetate,</strong></span> <span class='ocrx_word' id='word_1_159' title='bbox 1303 2431 1345 2492; x_wconf 91' lang='lat' dir='ltr'><strong>i.</strong></span> <span class='ocrx_word' id='word_1_160' title='bbox 1393 2452 1448 2494; x_wconf 90' lang='lat' dir='ltr'><strong>e.</strong></span> <span class='ocrx_word' id='word_1_161' title='bbox 1503 2430 1905 2517; x_wconf 81' lang='lat' dir='ltr'><strong>Vespasiano</strong></span> <span class='ocrx_word' id='word_1_162' title='bbox 1964 2441 2027 2494; x_wconf 90' lang='lat' dir='ltr'><strong>et</strong></span> <span class='ocrx_word' id='word_1_163' title='bbox 2081 2431 2230 2496; x_wconf 88' lang='lat' dir='ltr'><strong>Tito</strong></span> <span class='ocrx_word' id='word_1_164' title='bbox 2286 2431 2747 2518; x_wconf 87' lang='lat' dir='ltr'><strong>imperantibus,</strong></span> <span class='ocrx_word' id='word_1_165' title='bbox 2856 2477 2859 2513; x_wconf 39' lang='grc' dir='ltr'>Ξ</span> 
     </span>
     <span class='ocr_line' id='line_1_21' title="bbox 453 2537 2858 2626; baseline -0 -23"><span class='ocrx_word' id='word_1_166' title='bbox 453 2537 816 2603; x_wconf 86' lang='lat' dir='ltr'><strong>constitisse</strong></span> <span class='ocrx_word' id='word_1_167' title='bbox 879 2549 1201 2622; x_wconf 89' lang='lat' dir='ltr'><strong>putemus.</strong></span> <span class='ocrx_word' id='word_1_168' title='bbox 1299 2538 1558 2602; x_wconf 86' lang='lat' dir='ltr'><strong>Etenim</strong></span> <span class='ocrx_word' id='word_1_169' title='bbox 1614 2539 1865 2602; x_wconf 90' lang='lat' dir='ltr'><strong>dudum</strong></span> <span class='ocrx_word' id='word_1_170' title='bbox 1919 2539 1985 2602; x_wconf 89' lang='lat' dir='ltr'><strong>in</strong></span> <span class='ocrx_word' id='word_1_171' title='bbox 2044 2552 2381 2604; x_wconf 88' lang='lat' dir='ltr'><strong>comment.</strong></span> <span class='ocrx_word' id='word_1_172' title='bbox 2442 2539 2747 2626; x_wconf 84' lang='lat' dir='ltr'><strong>epigraph.</strong></span> <span class='ocrx_word' id='word_1_173' title='bbox 2856 2593 2858 2620; x_wconf 20' lang='grc' dir='ltr'>ὲ</span> 
     </span>
    </p>
   </div>
   <div class='ocr_carea' id='block_1_4' title="bbox 449 2645 2858 3167">
    <p class='ocr_par' dir='ltr' id='par_1_4' title="bbox 449 2645 2858 3167">
     <span class='ocr_line' id='line_1_22' title="bbox 450 2645 2858 2742; baseline 0 -32"><span class='ocrx_word' id='word_1_174' title='bbox 450 2645 596 2710; x_wconf 91' lang='lat' dir='ltr'><strong>Vol.</strong></span> <span class='ocrx_word' id='word_1_175' title='bbox 634 2646 670 2709; x_wconf 95' lang='lat' dir='ltr'>I</span> <span class='ocrx_word' id='word_1_176' title='bbox 729 2669 792 2731; x_wconf 88' lang='lat' dir='ltr'><strong>p.</strong></span> <span class='ocrx_word' id='word_1_177' title='bbox 837 2645 950 2711; x_wconf 85' lang='lat'><strong>197</strong></span> <span class='ocrx_word' id='word_1_178' title='bbox 1005 2645 1291 2710; x_wconf 90' lang='lat' dir='ltr'><strong>Plinium</strong></span> <span class='ocrx_word' id='word_1_179' title='bbox 1348 2647 1414 2709; x_wconf 91' lang='lat' dir='ltr'><strong>in</strong></span> <span class='ocrx_word' id='word_1_180' title='bbox 1470 2647 1901 2732; x_wconf 87' lang='lat' dir='ltr'><strong>descriptione</strong></span> <span class='ocrx_word' id='word_1_181' title='bbox 1945 2647 2121 2712; x_wconf 90' lang='lat' dir='ltr'><strong>orbis</strong></span> <span class='ocrx_word' id='word_1_182' title='bbox 2165 2657 2523 2725; x_wconf 85' lang='lat' dir='ltr'><strong>terrarum,</strong></span> <span class='ocrx_word' id='word_1_183' title='bbox 2584 2669 2747 2731; x_wconf 85' lang='lat' dir='ltr'><strong>quam</strong></span> <span class='ocrx_word' id='word_1_184' title='bbox 2856 2699 2858 2742; x_wconf 56' lang='lat'>3</span> 
     </span>
     <span class='ocr_line' id='line_1_23' title="bbox 451 2752 2750 2840; baseline -0 -23"><span class='ocrx_word' id='word_1_185' title='bbox 451 2777 490 2818; x_wconf 86' lang='lat' dir='ltr'><strong>a</strong></span> <span class='ocrx_word' id='word_1_186' title='bbox 525 2752 693 2826; x_wconf 86' lang='lat' dir='ltr'><strong>libro</strong></span> <span class='ocrx_word' id='word_1_187' title='bbox 736 2754 922 2818; x_wconf 90' lang='lat' dir='ltr'><strong>tertio</strong></span> <span class='ocrx_word' id='word_1_188' title='bbox 966 2753 1244 2830; x_wconf 88' lang='lat' dir='ltr'><strong>exhibet,</strong></span> <span class='ocrx_word' id='word_1_189' title='bbox 1288 2754 1627 2818; x_wconf 89' lang='lat' dir='ltr'><strong>docuimus</strong></span> <span class='ocrx_word' id='word_1_190' title='bbox 1670 2775 1799 2816; x_wconf 90' lang='lat' dir='ltr'><strong>non</strong></span> <span class='ocrx_word' id='word_1_191' title='bbox 1844 2775 2027 2818; x_wconf 90' lang='lat' dir='ltr'><strong>suam</strong></span> <span class='ocrx_word' id='word_1_192' title='bbox 2072 2766 2347 2819; x_wconf 86' lang='lat' dir='ltr'><strong>aetatem</strong></span> <span class='ocrx_word' id='word_1_193' title='bbox 2392 2756 2612 2840; x_wconf 89' lang='lat' dir='ltr'><strong>sequi,</strong></span> <span class='ocrx_word' id='word_1_194' title='bbox 2658 2753 2750 2818; x_wconf 83' lang='lat' dir='ltr'><strong>sed</strong></span> 
     </span>
     <span class='ocr_line' id='line_1_24' title="bbox 452 2861 2751 2949; baseline -0.001 -23"><span class='ocrx_word' id='word_1_195' title='bbox 452 2873 658 2928; x_wconf 87' lang='lat' dir='ltr'><strong>totum</strong></span> <span class='ocrx_word' id='word_1_196' title='bbox 699 2887 780 2927; x_wconf 85' lang='lat' dir='ltr'><strong>ex</strong></span> <span class='ocrx_word' id='word_1_197' title='bbox 818 2863 1117 2949; x_wconf 87' lang='lat' dir='ltr'><strong>Agrippa</strong></span> <span class='ocrx_word' id='word_1_198' title='bbox 1149 2862 1567 2948; x_wconf 87' lang='lat' dir='ltr'><strong>Augustique</strong></span> <span class='ocrx_word' id='word_1_199' title='bbox 1604 2861 2075 2926; x_wconf 87' lang='lat' dir='ltr'><strong>commentariis</strong></span> <span class='ocrx_word' id='word_1_200' title='bbox 2118 2861 2419 2945; x_wconf 86' lang='lat' dir='ltr'><strong>pendere.</strong></span> <span class='ocrx_word' id='word_1_201' title='bbox 2508 2861 2751 2928; x_wconf 85' lang='lat' dir='ltr'><strong>Nolebat</strong></span> 
     </span>
     <span class='ocr_line' id='line_1_25' title="bbox 449 2968 2752 3057; baseline -0 -23"><span class='ocrx_word' id='word_1_202' title='bbox 449 2971 558 3036; x_wconf 92' lang='lat' dir='ltr'><strong>ille</strong></span> <span class='ocrx_word' id='word_1_203' title='bbox 605 2993 755 3036; x_wconf 90' lang='lat' dir='ltr'><strong>cum</strong></span> <span class='ocrx_word' id='word_1_204' title='bbox 799 2993 963 3056; x_wconf 90' lang='lat' dir='ltr'><strong>opus</strong></span> <span class='ocrx_word' id='word_1_205' title='bbox 1007 2993 1197 3035; x_wconf 89' lang='lat' dir='ltr'><strong>suum</strong></span> <span class='ocrx_word' id='word_1_206' title='bbox 1239 2971 1563 3046; x_wconf 87' lang='lat' dir='ltr'><strong>conderet,</strong></span> <span class='ocrx_word' id='word_1_207' title='bbox 1614 2969 1753 3055; x_wconf 89' lang='lat' dir='ltr'><strong>ipse</strong></span> <span class='ocrx_word' id='word_1_208' title='bbox 1798 2969 1955 3053; x_wconf 90' lang='lat' dir='ltr'><strong>quid</strong></span> <span class='ocrx_word' id='word_1_209' title='bbox 2000 2968 2276 3032; x_wconf 86' lang='lat' dir='ltr'><strong>vidisset</strong></span> <span class='ocrx_word' id='word_1_210' title='bbox 2318 2982 2513 3057; x_wconf 88' lang='lat' dir='ltr'><strong>atque</strong></span> <span class='ocrx_word' id='word_1_211' title='bbox 2558 2973 2752 3036; x_wconf 88' lang='lat' dir='ltr'><strong>obser-</strong></span> 
     </span>
     <span class='ocr_line' id='line_1_26' title="bbox 451 3076 2755 3167; baseline 0 -26"><span class='ocrx_word' id='word_1_212' title='bbox 451 3088 688 3154; x_wconf 86' lang='lat' dir='ltr'><strong>vasset,</strong></span> <span class='ocrx_word' id='word_1_213' title='bbox 732 3079 1084 3164; x_wconf 88' lang='lat' dir='ltr'><strong>explicare,</strong></span> <span class='ocrx_word' id='word_1_214' title='bbox 1145 3077 1259 3141; x_wconf 89' lang='lat' dir='ltr'><strong>sed</strong></span> <span class='ocrx_word' id='word_1_215' title='bbox 1307 3099 1471 3160; x_wconf 90' lang='lat' dir='ltr'><strong>quae</strong></span> <span class='ocrx_word' id='word_1_216' title='bbox 1512 3099 1593 3140; x_wconf 88' lang='lat' dir='ltr'><strong>ex</strong></span> <span class='ocrx_word' id='word_1_217' title='bbox 1634 3076 1908 3141; x_wconf 88' lang='lat' dir='ltr'><strong>lectione</strong></span> <span class='ocrx_word' id='word_1_218' title='bbox 1954 3077 2293 3163; x_wconf 86' lang='lat' dir='ltr'><strong>multiplici</strong></span> <span class='ocrx_word' id='word_1_219' title='bbox 2338 3091 2755 3167; x_wconf 84' lang='lat' dir='ltr'><strong>congesserat,</strong></span> 
     </span>
    </p>
   </div>
   <div class='ocr_carea' id='block_1_5' title="bbox 447 3184 2754 3271">
    <p class='ocr_par' dir='ltr' id='par_1_5' title="bbox 447 3184 2858 3271">
     <span class='ocr_line' id='line_1_27' title="bbox 447 3184 2754 3271; baseline 0.001 -23"><span class='ocrx_word' id='word_1_220' title='bbox 447 3187 723 3261; x_wconf 87' lang='lat' dir='ltr'><strong>referre,</strong></span> <span class='ocrx_word' id='word_1_221' title='bbox 787 3207 910 3250; x_wconf 89' lang='lat' dir='ltr'><strong>nec</strong></span> <span class='ocrx_word' id='word_1_222' title='bbox 975 3196 1137 3271; x_wconf 90' lang='lat' dir='ltr'><strong>post·</strong></span> <span class='ocrx_word' id='word_1_223' title='bbox 1174 3184 1553 3270; x_wconf 87' lang='lat' dir='ltr'><strong>Augustum</strong></span> <span class='ocrx_word' id='word_1_224' title='bbox 1621 3185 1823 3250; x_wconf 89' lang='lat' dir='ltr'><strong>ullam</strong></span> <span class='ocrx_word' id='word_1_225' title='bbox 1890 3184 2169 3249; x_wconf 89' lang='lat' dir='ltr'><strong>arbitror</strong></span> <span class='ocrx_word' id='word_1_226' title='bbox 2226 3186 2403 3251; x_wconf 89' lang='lat' dir='ltr'><strong>orbis</strong></span> <span class='ocrx_word' id='word_1_227' title='bbox 2462 3199 2754 3253; x_wconf 86' lang='lat' dir='ltr'><strong>terrarum</strong></span> 
     </span>
    </p>
   </div>
   <div class='ocr_carea' id='block_1_6' title="bbox 451 3283 2753 3379">
    <p class='ocr_par' dir='ltr' id='par_1_6' title="bbox 451 3283 2753 3379">
     <span class='ocr_line' id='line_1_28' title="bbox 451 3283 2753 3379; baseline 0 -22"><span class='ocrx_word' id='word_1_228' title='bbox 451 3294 940 3379; x_wconf 88' lang='lat' dir='ltr'><strong>descriptionem</strong></span> <span class='ocrx_word' id='word_1_229' title='bbox 996 3316 1126 3377; x_wconf 87' lang='lat' dir='ltr'><strong>qua</strong></span> <span class='ocrx_word' id='word_1_230' title='bbox 1173 3303 1346 3355; x_wconf 88' lang='lat' dir='ltr'><strong>recte</strong></span> <span class='ocrx_word' id='word_1_231' title='bbox 1398 3283 1724 3370; x_wconf 84' lang='lat' dir='ltr'><strong>uteretur,</strong></span> <span class='ocrx_word' id='word_1_232' title='bbox 1786 3315 1929 3358; x_wconf 91' lang='lat' dir='ltr'><strong>esse</strong></span> <span class='ocrx_word' id='word_1_233' title='bbox 1954 3294 2349 3359; x_wconf 84' lang='lat' dir='ltr'><strong>institutam.</strong></span> <span class='ocrx_word' id='word_1_234' title='bbox 2432 3295 2586 3363; x_wconf 92' lang='lat' dir='ltr'><strong>Hoc</strong></span> <span class='ocrx_word' id='word_1_235' title='bbox 2629 3319 2753 3361; x_wconf 88' lang='lat' dir='ltr'><strong>cum</strong></span> 
     </span>
    </p>
   </div>
   <div class='ocr_carea' id='block_1_7' title="bbox 2856 2705 2860 3382">
    <p class='ocr_par' dir='ltr' id='par_1_7' title="bbox 2856 2705 2860 3382">
     <span class='ocr_line' id='line_1_29' title="bbox 2856 2705 2860 3382; baseline 0 0"><span class='ocrx_word' id='word_1_236' title='bbox 2856 2705 2860 3382; x_wconf 95' lang='lat' dir='ltr'><strong> </strong></span> 
     </span>
    </p>
   </div>
   <div class='ocr_carea' id='block_1_8' title="bbox 448 3401 2858 3492">
    <p class='ocr_par' dir='ltr' id='par_1_8' title="bbox 448 3401 2858 3492">
     <span class='ocr_line' id='line_1_30' title="bbox 448 3401 2858 3492; baseline 0 -28"><span class='ocrx_word' id='word_1_237' title='bbox 448 3402 516 3464; x_wconf 89' lang='lat' dir='ltr'><strong>in</strong></span> <span class='ocrx_word' id='word_1_238' title='bbox 571 3401 836 3486; x_wconf 88' lang='lat' dir='ltr'><strong>reliquis</strong></span> <span class='ocrx_word' id='word_1_239' title='bbox 893 3401 1080 3466; x_wconf 87' lang='lat' dir='ltr'><strong>terris</strong></span> <span class='ocrx_word' id='word_1_240' title='bbox 1134 3401 1581 3485; x_wconf 88' lang='lat' dir='ltr'><strong>imprimisque</strong></span> <span class='ocrx_word' id='word_1_241' title='bbox 1635 3401 1703 3465; x_wconf 91' lang='lat' dir='ltr'><strong>in</strong></span> <span class='ocrx_word' id='word_1_242' title='bbox 1749 3401 2125 3492; x_wconf 82' lang='lat' dir='ltr'><strong>Britannia,</strong></span> <span class='ocrx_word' id='word_1_243' title='bbox 2170 3403 2252 3466; x_wconf 89' lang='lat' dir='ltr'><strong>de</strong></span> <span class='ocrx_word' id='word_1_244' title='bbox 2304 3426 2435 3487; x_wconf 87' lang='lat' dir='ltr'><strong>qua</strong></span> <span class='ocrx_word' id='word_1_245' title='bbox 2478 3404 2749 3489; x_wconf 82' lang='lat' dir='ltr'><strong>qua&#39;mvis</strong></span> <span class='ocrx_word' id='word_1_246' title='bbox 2856 3429 2858 3458; x_wconf 77' lang='grc' dir='ltr'><strong><em>ε</em></strong></span> 
     </span>
    </p>
   </div>
   <div class='ocr_carea' id='block_1_9' title="bbox 407 3508 2757 4030">
    <p class='ocr_par' dir='ltr' id='par_1_9' title="bbox 407 3508 2757 4030">
     <span class='ocr_line' id='line_1_31' title="bbox 453 3508 2743 3597; baseline -0 -25"><span class='ocrx_word' id='word_1_247' title='bbox 453 3530 572 3573; x_wconf 91' lang='lat' dir='ltr'><strong>sua</strong></span> <span class='ocrx_word' id='word_1_248' title='bbox 624 3518 828 3574; x_wconf 86' lang='lat' dir='ltr'><strong>aetate</strong></span> <span class='ocrx_word' id='word_1_249' title='bbox 881 3508 1085 3572; x_wconf 87' lang='lat' dir='ltr'><strong>multa</strong></span> <span class='ocrx_word' id='word_1_250' title='bbox 1132 3531 1208 3573; x_wconf 93' lang='lat' dir='ltr'><strong>ac</strong></span> <span class='ocrx_word' id='word_1_251' title='bbox 1267 3520 1440 3574; x_wconf 87' lang='lat' dir='ltr'><strong>certa</strong></span> <span class='ocrx_word' id='word_1_252' title='bbox 1496 3519 1821 3593; x_wconf 87' lang='lat' dir='ltr'><strong>comperta</strong></span> <span class='ocrx_word' id='word_1_253' title='bbox 1875 3532 2017 3574; x_wconf 90' lang='lat' dir='ltr'><strong>esse</strong></span> <span class='ocrx_word' id='word_1_254' title='bbox 2066 3521 2318 3587; x_wconf 87' lang='lat' dir='ltr'><strong>nosset,</strong></span> <span class='ocrx_word' id='word_1_255' title='bbox 2384 3513 2743 3597; x_wconf 80' lang='lat' dir='ltr'><strong>paucissima</strong></span> 
     </span>
     <span class='ocr_line' id='line_1_32' title="bbox 451 3616 2749 3703; baseline 0 -21"><span class='ocrx_word' id='word_1_256' title='bbox 451 3627 662 3682; x_wconf 88' lang='lat' dir='ltr'><strong>tamen</strong></span> <span class='ocrx_word' id='word_1_257' title='bbox 705 3639 782 3682; x_wconf 89' lang='lat' dir='ltr'><strong>ac</strong></span> <span class='ocrx_word' id='word_1_258' title='bbox 822 3617 958 3680; x_wconf 83' lang='lat' dir='ltr'><strong>fere</strong></span> <span class='ocrx_word' id='word_1_259' title='bbox 1000 3616 1297 3682; x_wconf 84' lang='lat' dir='ltr'><strong>fabulosa</strong></span> <span class='ocrx_word' id='word_1_260' title='bbox 1339 3617 1555 3693; x_wconf 88' lang='lat' dir='ltr'><strong>refert,</strong></span> <span class='ocrx_word' id='word_1_261' title='bbox 1606 3617 2036 3703; x_wconf 80' lang='lat' dir='ltr'><strong>intefligatur,</strong></span> <span class='ocrx_word' id='word_1_262' title='bbox 2082 3631 2219 3683; x_wconf 92' lang='lat' dir='ltr'><strong>tum</strong></span> <span class='ocrx_word' id='word_1_263' title='bbox 2264 3620 2331 3684; x_wconf 90' lang='lat' dir='ltr'><strong>in</strong></span> <span class='ocrx_word' id='word_1_264' title='bbox 2376 3619 2598 3686; x_wconf 86' lang='lat' dir='ltr'><strong>Gallia</strong></span> <span class='ocrx_word' id='word_1_265' title='bbox 2640 3643 2749 3684; x_wconf 83' lang='lat' dir='ltr'><strong>ma·</strong></span> 
     </span>
     <span class='ocr_line' id='line_1_33' title="bbox 450 3722 2753 3812; baseline 0.003 -25"><span class='ocrx_word' id='word_1_266' title='bbox 450 3725 758 3791; x_wconf 88' lang='lat' dir='ltr'><strong>nifestum</strong></span> <span class='ocrx_word' id='word_1_267' title='bbox 795 3735 912 3788; x_wconf 89' lang='lat' dir='ltr'><strong>est.</strong></span> <span class='ocrx_word' id='word_1_268' title='bbox 985 3722 1160 3789; x_wconf 82' lang='lat' dir='ltr'><strong>Citat</strong></span> <span class='ocrx_word' id='word_1_269' title='bbox 1191 3727 1359 3790; x_wconf 90' lang='lat' dir='ltr'><strong>enim</strong></span> <span class='ocrx_word' id='word_1_270' title='bbox 1387 3726 1597 3810; x_wconf 88' lang='lat' dir='ltr'><strong>ipsum</strong></span> <span class='ocrx_word' id='word_1_271' title='bbox 1627 3726 1989 3811; x_wconf 89' lang='lat' dir='ltr'><strong>Agrippam</strong></span> <span class='ocrx_word' id='word_1_272' title='bbox 2017 3738 2345 3793; x_wconf 89' lang='lat' dir='ltr'><strong>auctorem</strong></span> <span class='ocrx_word' id='word_1_273' title='bbox 2380 3729 2541 3812; x_wconf 90' lang='lat' dir='ltr'><strong>(III,</strong></span> <span class='ocrx_word' id='word_1_274' title='bbox 2568 3730 2629 3806; x_wconf 87' lang='grc'><strong>4,</strong></span> <span class='ocrx_word' id='word_1_275' title='bbox 2658 3729 2753 3802; x_wconf 81' lang='grc'><strong>37;</strong></span> 
     </span>
     <span class='ocr_line' id='line_1_34' title="bbox 450 3832 2756 3919; baseline 0.001 -21"><span class='ocrx_word' id='word_1_276' title='bbox 450 3832 569 3910; x_wconf 90' lang='lat' dir='ltr'><strong>IV,</strong></span> <span class='ocrx_word' id='word_1_277' title='bbox 630 3834 726 3908; x_wconf 87' lang='lat'><strong>17,</strong></span> <span class='ocrx_word' id='word_1_278' title='bbox 783 3832 930 3916; x_wconf 75' lang='lat'>105)</span> <span class='ocrx_word' id='word_1_279' title='bbox 992 3856 1114 3897; x_wconf 88' lang='lat' dir='ltr'><strong>nec</strong></span> <span class='ocrx_word' id='word_1_280' title='bbox 1173 3833 1519 3918; x_wconf 89' lang='lat' dir='ltr'><strong>quicquam</strong></span> <span class='ocrx_word' id='word_1_281' title='bbox 1577 3835 1753 3916; x_wconf 89' lang='lat' dir='ltr'><strong>quod</strong></span> <span class='ocrx_word' id='word_1_282' title='bbox 1808 3846 2033 3919; x_wconf 87' lang='lat' dir='ltr'><strong>postea</strong></span> <span class='ocrx_word' id='word_1_283' title='bbox 2094 3836 2336 3901; x_wconf 89' lang='lat' dir='ltr'><strong>factum</strong></span> <span class='ocrx_word' id='word_1_284' title='bbox 2398 3837 2481 3901; x_wconf 89' lang='lat' dir='ltr'><strong>sit</strong></span> <span class='ocrx_word' id='word_1_285' title='bbox 2538 3847 2756 3911; x_wconf 84' lang='lat' dir='ltr'><strong>narrat,</strong></span> 
     </span>
     <span class='ocr_line' id='line_1_35' title="bbox 407 3939 2757 4030; baseline 0.003 -28"><span class='ocrx_word' id='word_1_286' title='bbox 407 4024 412 4027; x_wconf 10' lang='grc' dir='ltr'>μ</span> <span class='ocrx_word' id='word_1_287' title='bbox 449 3939 627 4023; x_wconf 91' lang='lat' dir='ltr'><strong>quod</strong></span> <span class='ocrx_word' id='word_1_288' title='bbox 665 3961 793 4002; x_wconf 91' lang='lat' dir='ltr'><strong>non</strong></span> <span class='ocrx_word' id='word_1_289' title='bbox 835 3951 1016 4005; x_wconf 86' lang='lat' dir='ltr'><strong>extra</strong></span> <span class='ocrx_word' id='word_1_290' title='bbox 1050 3942 1340 4006; x_wconf 90' lang='lat' dir='ltr'><strong>ordinem</strong></span> <span class='ocrx_word' id='word_1_291' title='bbox 1374 3941 1559 4025; x_wconf 87' lang='lat' dir='ltr'><strong>quasi</strong></span> <span class='ocrx_word' id='word_1_292' title='bbox 1602 3941 1907 4006; x_wconf 88' lang='lat' dir='ltr'><strong>orationis</strong></span> <span class='ocrx_word' id='word_1_293' title='bbox 1948 3942 2241 4007; x_wconf 78' lang='lat' dir='ltr'><strong>additum</strong></span> <span class='ocrx_word' id='word_1_294' title='bbox 2274 3965 2417 4008; x_wconf 88' lang='lat' dir='ltr'><strong>esse</strong></span> <span class='ocrx_word' id='word_1_295' title='bbox 2449 3955 2757 4030; x_wconf 85' lang='lat' dir='ltr'><strong>appareat,</strong></span> 
     </span>
    </p>
   </div>
   <div class='ocr_carea' id='block_1_10' title="bbox 451 4047 2759 4138">
    <p class='ocr_par' dir='ltr' id='par_1_10' title="bbox 451 4047 2858 4138">
     <span class='ocr_line' id='line_1_36' title="bbox 451 4047 2759 4138; baseline 0.002 -28"><span class='ocrx_word' id='word_1_296' title='bbox 451 4047 653 4111; x_wconf 86' lang='lat' dir='ltr'><strong>veluti</strong></span> <span class='ocrx_word' id='word_1_297' title='bbox 692 4047 876 4124; x_wconf 88' lang='lat' dir='ltr'><strong>illud,</strong></span> <span class='ocrx_word' id='word_1_298' title='bbox 926 4049 1100 4132; x_wconf 91' lang='lat' dir='ltr'><strong>quod</strong></span> <span class='ocrx_word' id='word_1_299' title='bbox 1138 4051 1262 4126; x_wconf 91' lang='lat' dir='ltr'><strong>III,</strong></span> <span class='ocrx_word' id='word_1_300' title='bbox 1309 4049 1368 4126; x_wconf 81' lang='lat'><strong>4,</strong></span> <span class='ocrx_word' id='word_1_301' title='bbox 1416 4050 1493 4116; x_wconf 82' lang='lat'><strong>37</strong></span> <span class='ocrx_word' id='word_1_302' title='bbox 1542 4049 1625 4114; x_wconf 88' lang='lat' dir='ltr'><strong>de</strong></span> <span class='ocrx_word' id='word_1_303' title='bbox 1669 4049 1981 4135; x_wconf 87' lang='lat' dir='ltr'><strong>Inalpinis</strong></span> <span class='ocrx_word' id='word_1_304' title='bbox 2026 4051 2419 4138; x_wconf 84' lang='lat' dir='ltr'><strong>quibusdam</strong></span> <span class='ocrx_word' id='word_1_305' title='bbox 2462 4051 2759 4138; x_wconf 86' lang='lat' dir='ltr'><strong>gentibus</strong></span> 
     </span>
    </p>
   </div>
   <div class='ocr_carea' id='block_1_11' title="bbox 449 4137 2858 4234">
    <p class='ocr_par' dir='ltr' id='par_1_11' title="bbox 449 4137 2858 4234">
     <span class='ocr_line' id='line_1_37' title="bbox 449 4137 2858 4234; baseline 0.003 -16"><span class='ocrx_word' id='word_1_306' title='bbox 449 4154 764 4220; x_wconf 88' lang='lat' dir='ltr'><strong>formulae</strong></span> <span class='ocrx_word' id='word_1_307' title='bbox 824 4155 1363 4223; x_wconf 87' lang='lat' dir='ltr'><strong>Nemausensium</strong></span> <span class='ocrx_word' id='word_1_308' title='bbox 1429 4158 1754 4223; x_wconf 90' lang='lat' dir='ltr'><strong>attributis</strong></span> <span class='ocrx_word' id='word_1_309' title='bbox 1827 4158 2052 4234; x_wconf 85' lang='lat' dir='ltr'><strong>tradit3</strong></span> <span class='ocrx_word' id='word_1_310' title='bbox 2120 4182 2269 4224; x_wconf 88' lang='lat' dir='ltr'><strong>nam</strong></span> <span class='ocrx_word' id='word_1_311' title='bbox 2334 4159 2759 4227; x_wconf 86' lang='lat' dir='ltr'><strong>nobilissimae</strong></span> <span class='ocrx_word' id='word_1_312' title='bbox 2856 4137 2858 4226; x_wconf 89' lang='lat'>3</span> 
     </span>
    </p>
   </div>
   <div class='ocr_carea' id='block_1_12' title="bbox 451 4263 2760 4350">
    <p class='ocr_par' dir='ltr' id='par_1_12' title="bbox 451 4257 2858 4350">
     <span class='ocr_line' id='line_1_38' title="bbox 451 4263 2760 4350; baseline 0.002 -24"><span class='ocrx_word' id='word_1_313' title='bbox 451 4263 736 4328; x_wconf 85' lang='lat' dir='ltr'><strong>coloniae</strong></span> <span class='ocrx_word' id='word_1_314' title='bbox 778 4263 1278 4350; x_wconf 86' lang='lat' dir='ltr'><strong>Agrippinensis</strong></span> <span class='ocrx_word' id='word_1_315' title='bbox 1327 4265 1477 4350; x_wconf 87' lang='lat' dir='ltr'><strong>(IV,</strong></span> <span class='ocrx_word' id='word_1_316' title='bbox 1528 4267 1624 4340; x_wconf 83' lang='grc'><strong>17,</strong></span> <span class='ocrx_word' id='word_1_317' title='bbox 1672 4267 1823 4349; x_wconf 82' lang='grc'>106)</span> <span class='ocrx_word' id='word_1_318' title='bbox 1868 4276 2192 4330; x_wconf 91' lang='lat' dir='ltr'><strong>auctorem</strong></span> <span class='ocrx_word' id='word_1_319' title='bbox 2240 4269 2571 4333; x_wconf 84' lang='lat' dir='ltr'><strong>nominare</strong></span> <span class='ocrx_word' id='word_1_320' title='bbox 2614 4265 2760 4331; x_wconf 88' lang='lat' dir='ltr'><strong>nihil</strong></span> 
     </span>
    </p>
   </div>
   <div class='ocr_carea' id='block_1_13' title="bbox 449 4361 2858 4462">
    <p class='ocr_par' dir='ltr' id='par_1_13' title="bbox 449 4361 2858 4462">
     <span class='ocr_line' id='line_1_39' title="bbox 449 4361 2858 4462; baseline 0 -27"><span class='ocrx_word' id='word_1_321' title='bbox 449 4371 774 4436; x_wconf 85' lang='lat' dir='ltr'><strong>attinebat.</strong></span> <span class='ocrx_word' id='word_1_322' title='bbox 856 4374 1082 4457; x_wconf 86' lang='lat' dir='ltr'><strong>Itaque</strong></span> <span class='ocrx_word' id='word_1_323' title='bbox 1149 4375 1351 4438; x_wconf 86' lang='lat' dir='ltr'><strong>solent</strong></span> <span class='ocrx_word' id='word_1_324' title='bbox 1413 4375 1536 4438; x_wconf 87' lang='lat' dir='ltr'><strong>viri</strong></span> <span class='ocrx_word' id='word_1_325' title='bbox 1596 4375 1767 4439; x_wconf 90' lang='lat' dir='ltr'><strong>docti</strong></span> <span class='ocrx_word' id='word_1_326' title='bbox 1815 4376 2117 4460; x_wconf 89' lang='lat' dir='ltr'><strong>pleraque</strong></span> <span class='ocrx_word' id='word_1_327' title='bbox 2158 4398 2321 4459; x_wconf 88' lang='lat' dir='ltr'><strong>quae</strong></span> <span class='ocrx_word' id='word_1_328' title='bbox 2366 4376 2430 4440; x_wconf 90' lang='lat' dir='ltr'><strong>in</strong></span> <span class='ocrx_word' id='word_1_329' title='bbox 2474 4400 2551 4441; x_wconf 89' lang='lat' dir='ltr'><strong>ea</strong></span> <span class='ocrx_word' id='word_1_330' title='bbox 2592 4385 2759 4462; x_wconf 84' lang='lat' dir='ltr'><strong>parte</strong></span> <span class='ocrx_word' id='word_1_331' title='bbox 2856 4361 2858 4410; x_wconf 74' lang='lat'>3</span> 
     </span>
    </p>
   </div>
  </div>
 </body>
</html>
