2917 5017
415 352 541 417 252
1073 358 1156 405 De
1195 356 1454 405 dictatoris
1490 354 1727 407 Caesaris
1763 356 2062 405 honoribuS.

415 519 694 585 maxime
755 518 961 604 plebis
1023 540 1260 585 curam-
1308 540 1533 604 gerere
1600 540 1974 603 summaque
2032 540 2227 603 quam
2277 520 2389 584 illa
2438 520 2733 583 conferre

413 640 654 715 posset,
690 638 1003 713 potestate
1045 627 1378 713 praeditus
1423 650 1567 691 esse
1606 626 1955 691 videretur.
2040 626 2260 709 Quare
2298 628 2431 692 Dio
2474 626 2737 702 XLIV,

417 738 476 812 4,
519 736 636 801 ubi
683 736 742 799 ei
785 758 950 801 anno
993 736 1070 799 44
1113 760 1168 800 a.
1211 732 1366 799 Chr.
1409 748 1658 799 vestem
1702 735 2153 821 triumphalem
2209 736 2563 819 sellamque
2624 757 2736 798 cu-

413 844 620 909 rulem
665 844 734 907 in
784 854 1167 929 perpetuum
1221 841 1545 908 decretam
1600 864 1743 907 esse
1802 842 2043 920 scribit,
2100 854 2404 929 exceptos
2458 864 2610 907 esse
2656 842 2743 905 ait

413 950 638 1015 ludos:
707 948 862 1013 Τότε
921 951 1034 1034 γὰρ
1096 951 1200 1013 ἐπί
1247 974 1312 1012 τε
1365 957 1473 1015 τοῦ
1524 954 1909 1036 δημαρχικοῢ
1972 952 2206 1037 βάθρου
2268 954 2373 1015 καὶ
2418 951 2575 1034 μετὰ
2622 956 2742 1013 τῶν

419 1060 515 1122 ἀεὶ
563 1059 1040 1147 δημαρχούντωγ
1089 1058 1436 1121 θεάσασθαι
1478 1057 1687 1144 ἔλαβε,
1732 1080 1897 1142 quae
1937 1058 2135 1123 verba
2188 1080 2319 1123 non
2362 1058 2449 1122 ad
2496 1081 2747 1123 novum

419 1159 751 1231 decretum
795 1166 905 1230 illo
952 1188 1118 1230 anno
1161 1166 1426 1242 factum,
1479 1165 1595 1231 sed
1634 1166 1717 1230 ad
1763 1166 1907 1243 hoc,
1952 1166 2129 1251 quod
2171 1190 2339 1231 anno
2386 1168 2467 1231 48
2514 1168 2741 1231 datum

426 1284 580 1349 erat,
621 1275 941 1360 pertinere
995 1272 1288 1337 arbit-ror.
1374 1275 1603 1339 Altera
1654 1284 1869 1339 autem
1920 1297 2023 1339 res
2066 1298 2231 1359 quae
2284 1276 2352 1339 in
2402 1274 2741 1340 tribunatu

415 1393 725 1467 perpetuo
769 1382 993 1457 fuerit,
1040 1382 1134 1446 sic
1175 1379 1256 1445 ab
1301 1382 1519 1446 Dione
1566 1381 1995 1467 significatur:
2041 1386 2141 1447 καὶ
2185 1384 2247 1453 ἐς
2286 1385 2483 1448 τᾶλλα
2538 1386 2739 1454 συνεξ-

419 1492 746 1562 ετάζεσθαι
793 1492 1016 1576 σφίσιν,
1081 1491 1112 1553 ὃ
1165 1492 1380 1574 μηδενὶ
1427 1490 1587 1574 ἐξῆν,
1632 1492 1865 1575 εὕρετο.
1950 1490 2139 1573 Quae
2183 1491 2381 1557 verba
2422 1494 2536 1579 qui
2586 1492 2739 1557 sim-

413 1598 668 1683 pliciter
713 1608 902 1681 atque
949 1621 1030 1661 ex
1069 1598 1343 1663 naturali
1387 1620 1607 1663 eorum
1648 1609 1963 1685 potestate
2002 1601 2550 1685 interpretabitur,
2602 1624 2739 1666 cre—

415 1705 526 1769 det
569 1706 781 1769 omnia
824 1706 1229 1771 tribunorum
1271 1705 1477 1790 plebis
1520 1707 1662 1771 iura
1702 1707 1963 1773 decreta
2006 1731 2149 1773 esse
2186 1710 2581 1795 imperatori,
2622 1732 2739 1774 nec

416 1814 759 1899 quicquam
816 1815 1122 1881 habuisse
1180 1816 1345 1891 illos,
1400 1816 1578 1899 quod
1640 1838 1769 1879 non
1822 1815 1994 1880 idem
2040 1818 2149 1882 hie
2204 1820 2557 1905 acceperit:
2620 1841 2738 1883 nec

419 1924 632 2000 vide0,
689 1945 818 2007 qua
871 1924 996 1989 alia
1036 1923 1554 2010 interpretatione
1602 1924 1697 1987 uti
1740 1924 1948 1989 liceat.
2017 1925 2321 1992 Habebat
2364 1928 2569 2013 igitur
2612 1930 2737 1992 iam

417 2029 662 2097 Caesar
709 2033 814 2097 ius
868 2033 1090 2097 auxilii
1143 2034 1413 2109 ferendi,
1476 2031 1751 2096 habebat
1790 2033 2253 2111 intercedendi,
2310 2036 2593 2101 habebat
2636 2058 2738 2101 se-

413 2151 604 2205 natus
642 2143 918 2206 vocandi
959 2153 1022 2207 et
1063 2142 1463 2219 consulendi,
1510 2141 1787 2206 habebat
1828 2144 2068 2227 agendi
2112 2167 2259 2209 cum
2284 2146 2737 2231 plebe,'saero-

415 2259 675 2313 sanetus
721 2249 1000 2334 denique
1045 2273 1176 2314 non
1219 2251 1432 2315 minus
1476 2260 1613 2314 erat
1656 2274 1849 2335 quam
1895 2253 2006 2336 qui
2041 2254 2185 2339 ipso
2217 2252 2549 2320 tribunatu
2589 2256 2739 2319 fun-

415 2355 761 2440 gebantur3
801 2358 964 2423 nihil
1005 2358 1281 2443 denique
1323 2369 1456 2423 erat
1494 2358 1675 2443 quod
1717 2359 1994 2426 tribunis
2027 2362 2237 2447 plebis
2272 2362 2513 2441 liceret,
2560 2368 2739 2451 quod

412 2486 540 2529 non
584 2466 950 2552 imperatori
987 2480 1156 2531 esset
1201 2489 1619 2543 concessum3
1664 2468 1825 2532 nihil
1870 2469 2041 2533 enim
2088 2470 2221 2537 Dio
2264 2473 2519 2561 excipit.
2597 2476 2737 2542 Nec

415 2575 554 2637 sine
601 2596 796 2639 causa
834 2575 1099 2639 additur
1149 2577 1180 2639 ὃ
1229 2578 1442 2660 μηδενὶ
1484 2578 1643 2660 ἐξῆν,
1685 2577 1927 2641 nemini
1966 2578 2229 2644 licuisse
2269 2592 2589 2666 potestate
2624 2585 2742 2649 tri-

415 2681 676 2746 bunicia
735 2682 849 2745 uti.
928 2682 1186 2748 Etenim
1239 2684 1507 2748 interest
1563 2684 1687 2749 hoc
1738 2685 1907 2749 inter
1955 2684 2361 2753 tribunorum
2420 2691 2636 2777 plebis
2680 2704 2745 2758 et

418 2789 584 2853 inter
628 2800 994 2875 praetorum
1041 2792 1144 2856 vel
1187 2793 1529 2856 consulum
1574 2793 1903 2869 rationem,
1949 2795 2124 2878 quod
2174 2797 2405 2862 horum
2446 2810 2743 2884 potestas

418 2920 608 2981 saepe
645 2900 986 2981 quotannis
1029 2900 1130 2977 iis,
1169 2900 1282 2984 qui
1325 2900 1487 2986 ipsis
1527 2901 1883 2967 honoribus
1918 2926 2047 2968 non
2072 2905 2349 2989 amplius
2377 2917 2741 2986 uterentur,

414 3005 650 3070 deferri
705 3007 951 3072 solebat
1001 3009 1444 3093 notissimique
1498 3020 1648 3073 sunt
1688 3032 1805 3095 pro
1850 3012 2253 3096 praetoribus
2304 3024 2367 3077 et
2418 3038 2534 3101 pro
2583 3040 2741 3082 con-

415 3114 698 3191 sulibus3
755 3115 870 3179 sed
913 3115 1315 3181 tribunorum
1359 3127 1738 3203 potestatem
1782 3142 2132 3205 nunquam,
2188 3123 2300 3207 qui
2344 3147 2475 3189 non
2515 3126 2739 3212 ipsum

409 3224 808 3289 tribunatum
853 3236 1123 3309 gereret,
1166 3223 1549 3300 obtinuerat,
1588 3236 1663 3289 ut
1704 3249 1875 3291 novo
1928 3250 2195 3314 prorsus
2240 3255 2419 3297 more
2458 3256 2533 3299 ac
2580 3258 2737 3301 con-

407 3342 506 3395 tra
551 3343 830 3397 veterem
874 3333 1340 3417 rempublicam
1393 3328 1659 3398 Caesari
1700 3334 2007 3401 universa
2065 3338 2410 3407 tribunicia
2446 3356 2735 3428 potestas

411 3439 932 3504 committeretur.
1000 3440 1190 3505 Iuvat
1229 3453 1442 3505 autem
1485 3441 1676 3506 etiam
1721 3465 2003 3519 causam,
2044 3468 2161 3510 eur
2194 3470 2435 3513 novum
2476 3452 2732 3519 hocius

412 3544 676 3612 Caesari
719 3548 1047 3613 decretum
1093 3550 1195 3627 sit,
1237 3550 1561 3636 persequi.
1638 3550 1753 3614 Ait
1800 3552 1969 3616 enim
2018 3554 2183 3619 Dio:
2244 3557 2319 3619 αἵ
2360 3582 2426 3622 τε
2464 3562 2583 3644 γὰρ
2634 3564 2731 3647 ἀρ-

406 3658 716 3741 χαιρεσίαι
773 3661 964 3719 πᾶσαι
1027 3660 1183 3741 πλὴν
1241 3662 1359 3721 τῶν
1415 3664 1523 3721 τοῦ
1583 3660 1862 3743 πλήθους
1922 3661 2016 3723 ἐπ’
2082 3664 2250 3749 αὐτῷ
2303 3666 2611 3748 ἐγένοντο,
2664 3670 2731 3733 in

406 3762 642 3847 quibus
683 3763 826 3847 ipsa
865 3764 1182 3849 particula
1225 3766 1737 3831 coniunctionem
1782 3769 2109 3853 quandam
2154 3771 2322 3837 inter
2368 3775 2631 3842 comitia
2670 3791 2731 3843 et

407 3871 814 3936 tribuniciam
853 3882 1234 3966 potestatem
1275 3874 1719 3941 intercessisse
1761 3877 2099 3963 significat.
2177 3880 2501 3948 Nimirum
2538 3908 2727 3971 prae-

406 3989 616 4043 torum
659 3989 722 4042 et
765 3980 1100 4043 consulum
1145 3982 1402 4047 comitia
1447 4005 1593 4047 cum
1646 3979 1889 4049 Caesar
1928 3986 1995 4049 in
2036 3996 2347 4071 potestate
2388 4014 2511 4057 sua
2546 4004 2725 4057 tene-

405 4096 523 4161 ret,
583 4086 770 4151 facile
826 4109 906 4151 ne
965 4088 1110 4172 quis
1164 4091 1274 4174 qui
1333 4112 1483 4155 suas
1534 4114 1639 4156 res
1698 4092 2041 4177 impediret
2096 4108 2423 4161 crearetur
2477 4111 2724 4185 poterat

405 4216 652 4270 cavere,
703 4204 949 4279 poterat
994 4196 1206 4274 etiam,
1247 4198 1318 4261 id
1359 4199 1535 4283 quod
1564 4221 1729 4263 anno
1775 4201 1853 4267 47
1898 4213 1959 4265 et
1998 4204 2078 4267 45
2106 4204 2423 4270 accidisse
2455 4207 2719 4273 demon-

405 4302 774 4379 stravimus,
824 4303 1170 4388 aliquando
1225 4306 1437 4371 nullos
1484 4308 1695 4373 facere
1741 4310 1999 4375 curules
2040 4312 2478 4397 magistratus,
2525 4325 2591 4379 at
2639 4316 2717 4380 de

405 4408 680 4473 tribunis
722 4409 1168 4496 aedilibusque
1211 4412 1479 4499 plebeiis
1532 4415 1797 4501 antiqua
1854 4418 1999 4503 lege
2044 4420 2533 4506 religiosissime
2576 4446 2716 4489 san-
