2917 5017
481 326 607 393 234
1145 332 1230 379 Ds
1269 331 1527 380 dictatoris
1564 329 1800 381 Caesaris
1838 329 2133 379 honoribus.
2834 359 2836 417 1

482 507 666 579 parto
699 494 1092 579 coniungere
1115 492 1456 567 consuerit,
1494 490 1971 577 disputavimus
1992 491 2061 553 in
2084 502 2420 557 comment.
2440 492 2474 556 1
2509 514 2569 577 p.
2596 491 2665 557 19
2686 514 2761 577 sq.

485 599 622 667 Sed
681 599 922 665 Caesar
975 600 1268 685 quamvis
1323 598 1645 684 recepisse
1704 610 1999 663 narretur
2056 599 2137 665 ab
2192 598 2371 665 Suet.
2426 623 2485 668 c.
2528 601 2609 665 76
2660 622 2765 664 non

481 708 697 773 minus
754 732 948 793 quam
1007 709 1382 773 continuum
1437 707 1840 772 consulatum
1889 719 1951 771 et
1994 720 2371 793 perpetuam
2414 709 2767 773 dictaturam
2836 770 2838 781 ,

482 827 548 879 et
603 816 882 899 reliqua,
939 839 1096 880 num
1150 827 1363 880 tamen
1419 815 1677 901 publice
1719 816 2049 900 usurparit
2101 816 2375 881 dubium
2414 825 2531 881 est.
2612 816 2770 879 Nun·
2836 792 2838 847 ⁵

482 946 676 1008 quam
729 924 897 988 enim
947 946 1156 1009 neque
1211 924 1280 988 in
1336 923 1867 1009 inscriptionibus
1924 944 2131 1006 neque
2178 923 2246 987 in
2288 925 2571 990 nummis
2614 929 2771 1005 impe-

483 1042 660 1094 rator
685 1035 910 1097 Caesar
951 1033 1334 1117 appellatur,
1377 1043 1442 1094 at
1484 1053 1673 1117 saepe
1698 1032 2044 1115 Augustus
2080 1032 2347 1116 eiusque
2370 1054 2773 1097 successores.
2838 971 2840 1103 l

484 1138 622 1203 Nec
659 1140 868 1225 magis
913 1162 1029 1225 pro
1069 1162 1340 1204 numero
1383 1138 1797 1204 victoriarum
1834 1138 2233 1223 imperatoris
2272 1161 2509 1204 nomen
2547 1139 2775 1204 videtur

485 1247 965 1332 multiplicasse.
1050 1248 1277 1311 Novus
1333 1259 1489 1312 tunc
1546 1247 1652 1312 ille
1712 1269 1849 1312 mos
1902 1258 2039 1311 erat
2078 1268 2199 1312 nec
2244 1270 2283 1310 a
2324 1269 2647 1331 quoquam
2686 1270 2774 1311 su·
2840 1277 2842 1395 1

483 1357 810 1441 periorum
849 1367 1234 1441 usurpatus:
1293 1356 1641 1440 Pompeius
1681 1355 1979 1438 quamvis
2023 1377 2214 1439 saepe
2254 1378 2295 1419 a
2330 1356 2643 1421 militibus
2678 1355 2775 1417 im·
2840 1396 2842 1445 Ι

485 1474 740 1549 perator
793 1464 1151 1550 appellatus
1203 1464 1271 1527 in
1325 1462 1607 1526 nummis
1664 1463 1769 1526 vel
1822 1463 2073 1527 nullum
2130 1463 2536 1548 imperatoris
2577 1485 2777 1527 nomen
2840 1446 2842 1471 ᾗ

485 1572 769 1637 ostendit
818 1572 921 1635 vel
981 1572 1356 1657 simpliciter
1408 1571 1753 1655 imperator
1794 1570 2035 1635 dicitur
2075 1571 2378 1657 (Eckhel.
2419 1571 2486 1636 V
2530 1594 2591 1655 p.
2634 1570 2777 1651 281),
2842 1583 2844 1730 Ι

485 1681 568 1745 de
616 1681 800 1744 Sulla
853 1680 1044 1745 modo
1097 1678 1758 1743 commemoravimus.
1854 1677 2075 1759 Quare
2138 1677 2379 1743 Caesar
2436 1701 2591 1743 cum
2642 1676 2781 1741 bella
2842 1752 2844 1755 Α

486 1788 842 1873 susciperet
882 1787 1115 1863 civilia,
1160 1786 1563 1872 imperatoris
1609 1808 1837 1850 nomen
1879 1787 1999 1850 etsi
2044 1808 2235 1872 saepe
2274 1786 2555 1850 militum
2596 1784 2780 1849 studio

485 1896 753 1981 accepit,
789 1896 1076 1959 nondum
1119 1894 1535 1980 repetiverat3
1586 1894 1858 1977 adeptus
1902 1904 2117 1959 autem
2157 1895 2594 1981 principatum
2632 1904 2782 1977 post-

485 2026 679 2088 quam
705 2002 1002 2068 omnibus
1037 2002 1392 2067 honoribus
1417 2002 1629 2065 ornari
1654 2012 1921 2087 coeptus
1952 2013 2070 2077 est,
2106 2002 2265 2085 quid
2290 2002 2577 2066 faceret?
2639 2000 2781 2064 Num

485 2133 708 2176 omnes
753 2134 915 2194 quas
955 2122 1143 2176 antea
1182 2111 1487 2174 retulerat
1530 2110 1833 2175 victorias
1878 2111 2288 2175 numeraret?
2365 2111 2544 2173 Tum
2586 2096 2783 2193 ingen·
2844 2118 2846 2155 ἰ

485 2231 614 2284 tem
653 2242 993 2283 numerum
1034 2230 1282 2303 poterat
1323 2218 1613 2292 efficere3
1660 2217 1979 2302 siquidem
2018 2219 2281 2283 omnino
2313 2241 2459 2282 eum
2496 2216 2783 2301 quinqua-

488 2328 674 2415 giens
719 2339 784 2391 et
823 2328 924 2393 bis
971 2328 1074 2392 vel
1119 2326 1593 2411 quinquagiens
1638 2348 1965 2412 pugnasse
2011 2327 2237 2393 scribit
2281 2324 2444 2390 Plin.
2490 2337 2623 2390 nat.
2664 2324 2785 2387 hist.
2846 2358 2848 2361 ⁴

487 2436 640 2512 VII,
684 2436 764 2501 25
809 2433 946 2516 (Cf.
991 2433 1196 2501 Solin.
1239 2457 1294 2500 c.
1335 2436 1376 2498 6
1419 2446 1485 2498 et
1526 2432 1770 2499 Caved.
1812 2436 1879 2498 in
1922 2434 2185 2499 Bullett.
2226 2436 2383 2500 Inst.
2426 2434 2611 2499 arch.
2656 2431 2785 2497 1840

485 2568 552 2630 p.
591 2544 672 2609 39
713 2547 860 2628 sq.).
948 2544 1058 2608 An
1101 2567 1210 2609 eas
1257 2542 1450 2607 modo
1496 2542 1799 2607 victorias
1846 2542 2257 2627 imperatorio
2307 2543 2497 2607 titulo
2546 2542 2787 2627 repetito

489 2651 874 2728 celebraret,
931 2674 1094 2736 quas
1137 2663 1477 2737 postquam
1521 2672 1739 2715 rerum
1782 2651 2023 2735 potitus
2074 2662 2203 2727 est,
2263 2651 2531 2714 retulit?
2615 2650 2701 2714 At
2736 2648 2790 2711 id

487 2760 568 2826 ab
622 2773 798 2825 recta
854 2760 1096 2825 ratione
1151 2759 1534 2825 abhorrebat
1586 2768 1651 2822 et
1706 2768 1923 2822 contra
1967 2757 2175 2843 ipsius
2222 2759 2457 2821 famam
2498 2758 2789 2823 iniustum

490 2879 644 2933 erat.
735 2867 1117 2933 Necessario
1169 2868 1373 2953 igitur
1415 2889 1491 2931 eo
1536 2866 1952 2940 deducimur,
2012 2876 2087 2929 ut
2130 2865 2389 2931 omnino
2436 2888 2591 2930 eum
2632 2886 2790 2949 repe·
2848 2910 2850 2915 -

491 2976 689 3039 tendo
727 2975 1128 3061 imperatoris
1168 2976 1423 3039 nomine
1464 2973 1859 3039 abstinuisse
1900 2986 2223 3058 putemus.
2288 2959 2459 3037 Cum
2498 2996 2633 3058 qua
2674 2972 2791 3057 opi·
2848 2974 2850 2979 ’

490 3085 682 3149 nione
745 3094 1304 3149 monumentorum
1359 3082 1801 3147 auctoritatem
1864 3103 2131 3167 prorsus
2196 3082 2545 3147 convenire
2607 3081 2789 3144 viden.

493 3192 660 3257 Nam
712 3192 782 3255 in
833 3192 1360 3277 inscriptionibus
1407 3190 1801 3275 quibusdam
1850 3188 2119 3254 Graecis
2171 3189 2325 3253 olim
2380 3189 2490 3255 ille
2548 3189 2790 3274 quidem

495 3300 740 3365 solebat
777 3300 1082 3384 appellari
1127 3300 1520 3382 αὐτοκράτωρ
1566 3299 1871 3381 δεύτερον,
1924 3298 2041 3361 sed
2080 3298 2149 3361 in
2192 3298 2273 3362 iis
2300 3298 2593 3383 Boeckh.
2620 3294 2791 3381 Corp.

493 3409 697 3473 Inscr.
743 3404 974 3473 Graec.
1032 3431 1095 3471 n.
1140 3407 1304 3473 2368
1355 3416 1418 3471 et
1464 3403 1626 3472 2957
1673 3428 1753 3470 ex
1798 3406 2131 3470 meliorum
2186 3407 2627 3491 exemplorum
2680 3403 2788 3467 fide

495 3516 800 3580 correctis
841 3516 1094 3581 nullum
1134 3516 1346 3581 iterati
1385 3514 1663 3579 nominis
1705 3513 2097 3599 imperatorii
2140 3513 2487 3599 vestigium
2534 3511 2787 3597 reliquit.

494 3623 916 3689 Nummorum
971 3636 1185 3689 autem
1239 3624 1402 3689 ratio
1463 3624 1586 3687 suit
1642 3622 1859 3687 adhuc
1914 3622 2133 3687 dubia.
2218 3622 2478 3687 Etenim
2538 3621 2681 3687 anni
2724 3618 2787 3683 44

479 3733 838 3809 ,nonnullos
879 3731 1072 3797 habet
1108 3730 1382 3796 Eckhel.
1423 3754 1491 3816 p.
1531 3732 1591 3806 9,
1634 3730 1749 3796 ubi
1790 3742 1889 3816 est
1934 3727 2323 3795 CAESAR·
2366 3730 2555 3794 IMP·
2602 3729 2674 3793 P·
2709 3724 2787 3799 M,

493 3840 648 3905 item
673 3840 830 3905 alios
857 3840 1008 3905 anni
1031 3840 1132 3915 45,
1158 3840 1225 3903 in
1249 3839 1488 3923 quibus
1514 3838 1755 3903 dicitur
1772 3836 2161 3903 CAESAR·
2186 3838 2352 3903 lMP
2376 3839 2482 3903 vel
2502 3834 2787 3904 IMPER-

495 3960 562 4013 et
603 3950 752 4013 anni
795 3950 896 4025 47,
939 3948 1054 4013 ubi
1099 3945 1176 4013 C·
1223 3944 1609 4013 CAESAR·
1654 3947 1840 4011 IMP·
1888 3943 2087 4011 COS·
2133 3944 2353 4011 [TER
2393 3956 2683 4019 vocatum
2736 3953 2789 4005 at

496 4055 646 4121 anni
689 4057 770 4120 48
814 4058 967 4122 citat
1009 4079 1074 4141 p.
1114 4056 1153 4121 6
1195 4056 1570 4131 nonnullos,
1628 4054 1697 4118 in
1742 4055 1981 4138 quibus
2040 4054 2125 4119 sit
2172 4051 2563 4120 CAESAR·
2603 4050 2785 4122 IMP·,

495 4188 730 4241 unum,
785 4164 853 4228 in
898 4186 1028 4249 quo
1070 4164 1203 4249 legi
1246 4164 1336 4229 ait
1377 4161 1454 4228 C·
1501 4160 1887 4228 CAESAR·
1932 4158 2011 4227 C·
2056 4162 2133 4225 F·
2176 4163 2365 4227 IMP·
2405 4162 2621 4227 ITER
2660 4178 2785 4223 cum

497 4273 778 4360 imagine
821 4272 1062 4358 tropaei
1105 4282 1168 4336 et
1205 4271 1466 4357 captivi,
1512 4292 1705 4356 quem
1727 4270 2331 4357 Vercingetorigem
2372 4269 2633 4336 Gallum
2666 4284 2783 4330 esse

497 4391 700 4468 putat.
771 4380 952 4464 Quid
977 4394 1074 4444 est
1099 4378 1263 4444 hoc?
1325 4377 1673 4461 Quomodo
1712 4378 1850 4443 fieri
1890 4380 2117 4463 potuit,
2160 4389 2237 4441 ut
2258 4375 2503 4444 Caesar
2538 4397 2695 4441 anno
2718 4370 2781 4439 48
