<?xml version="1.0" encoding="UTF-8"?>
<!DOCTYPE html PUBLIC "-//W3C//DTD XHTML 1.0 Transitional//EN"
    "http://www.w3.org/TR/xhtml1/DTD/xhtml1-transitional.dtd">
<html xmlns="http://www.w3.org/1999/xhtml" xml:lang="en" lang="en">
 <head>
  <title>
</title>
<meta http-equiv="Content-Type" content="text/html;charset=utf-8" />
  <meta name='ocr-system' content='tesseract 3.04.00' />
  <meta name='ocr-capabilities' content='ocr_page ocr_carea ocr_par ocr_line ocrx_word'/>
</head>
<body>
  <div class='ocr_page' id='page_1' title='image "augustiwilhelmi01unkngoog_0231.png"; bbox 0 0 2917 5017; ppageno 0'>
   <div class='ocr_carea' id='block_1_1' title="bbox 450 335 2107 403">
    <p class='ocr_par' dir='ltr' id='par_1_1' title="bbox 450 335 2107 403">
     <span class='ocr_line' id='line_1_1' title="bbox 450 335 2107 403; baseline -0.008 -7"><span class='ocrx_word' id='word_1_1' title='bbox 450 336 574 403; x_wconf 84' lang='lat'><strong>216</strong></span> <span class='ocrx_word' id='word_1_2' title='bbox 1111 339 1196 388; x_wconf 85' lang='lat' dir='ltr'><strong>De</strong></span> <span class='ocrx_word' id='word_1_3' title='bbox 1235 338 1497 387; x_wconf 83' lang='lat' dir='ltr'><strong>dictatoris</strong></span> <span class='ocrx_word' id='word_1_4' title='bbox 1532 335 1771 387; x_wconf 82' lang='lat' dir='ltr'><strong>Caesaris</strong></span> <span class='ocrx_word' id='word_1_5' title='bbox 1806 335 2107 385; x_wconf 76' lang='lat' dir='ltr'><strong>honoribus.</strong></span> 
     </span>
    </p>
   </div>
   <div class='ocr_carea' id='block_1_2' title="bbox 450 464 2885 588">
    <p class='ocr_par' dir='ltr' id='par_1_2' title="bbox 450 464 2885 588">
     <span class='ocr_line' id='line_1_2' title="bbox 450 464 2885 588; baseline -0.005 -19"><span class='ocrx_word' id='word_1_6' title='bbox 450 506 599 571; x_wconf 85' lang='lat' dir='ltr'><strong>hist.</strong></span> <span class='ocrx_word' id='word_1_7' title='bbox 649 503 836 568; x_wconf 87' lang='lat' dir='ltr'><strong>Rom.</strong></span> <span class='ocrx_word' id='word_1_8' title='bbox 887 502 993 567; x_wconf 91' lang='lat'><strong>111</strong></span> <span class='ocrx_word' id='word_1_9' title='bbox 1051 525 1114 588; x_wconf 89' lang='lat' dir='ltr'><strong>p.</strong></span> <span class='ocrx_word' id='word_1_10' title='bbox 1172 500 1294 566; x_wconf 85' lang='lat'><strong>565</strong></span> <span class='ocrx_word' id='word_1_11' title='bbox 1351 498 1521 565; x_wconf 88' lang='lat' dir='ltr'><strong>hanc</strong></span> <span class='ocrx_word' id='word_1_12' title='bbox 1580 520 1841 563; x_wconf 88' lang='lat' dir='ltr'><strong>causam</strong></span> <span class='ocrx_word' id='word_1_13' title='bbox 1898 495 2162 574; x_wconf 88' lang='lat' dir='ltr'><strong>adiecit,</strong></span> <span class='ocrx_word' id='word_1_14' title='bbox 2222 494 2371 559; x_wconf 86' lang='lat' dir='ltr'><strong>ideo</strong></span> <span class='ocrx_word' id='word_1_15' title='bbox 2426 491 2767 559; x_wconf 89' lang='lat' dir='ltr'><strong>Caesarem</strong></span> <span class='ocrx_word' id='word_1_16' title='bbox 2881 464 2885 515; x_wconf 46' lang='grc' dir='ltr'>Ἰ</span> 
     </span>
    </p>
   </div>
   <div class='ocr_carea' id='block_1_3' title="bbox 450 602 2776 1017">
    <p class='ocr_par' dir='ltr' id='par_1_3' title="bbox 450 602 2776 1017">
     <span class='ocr_line' id='line_1_3' title="bbox 451 602 2769 688; baseline -0.005 -11"><span class='ocrx_word' id='word_1_17' title='bbox 451 614 622 677; x_wconf 86' lang='lat' dir='ltr'><strong>illam</strong></span> <span class='ocrx_word' id='word_1_18' title='bbox 665 611 970 677; x_wconf 80' lang='lat' dir='ltr'><strong>undecim</strong></span> <span class='ocrx_word' id='word_1_19' title='bbox 1012 610 1264 675; x_wconf 89' lang='lat' dir='ltr'><strong>dierum</strong></span> <span class='ocrx_word' id='word_1_20' title='bbox 1301 608 1683 673; x_wconf 83' lang='lat' dir='ltr'>dictaturam</span> <span class='ocrx_word' id='word_1_21' title='bbox 1728 605 2011 671; x_wconf 88' lang='lat' dir='ltr'><strong>voluisse</strong></span> <span class='ocrx_word' id='word_1_22' title='bbox 2052 603 2291 681; x_wconf 86' lang='lat' dir='ltr'><strong>omitti,</strong></span> <span class='ocrx_word' id='word_1_23' title='bbox 2350 604 2529 688; x_wconf 88' lang='lat' dir='ltr'><strong>quod</strong></span> <span class='ocrx_word' id='word_1_24' title='bbox 2584 624 2661 667; x_wconf 85' lang='lat' dir='ltr'><strong>ea</strong></span> <span class='ocrx_word' id='word_1_25' title='bbox 2709 602 2769 665; x_wconf 91' lang='lat' dir='ltr'><strong>in</strong></span> 
     </span>
     <span class='ocr_line' id='line_1_4' title="bbox 450 711 2770 806; baseline -0.006 -19"><span class='ocrx_word' id='word_1_26' title='bbox 450 722 657 787; x_wconf 88' lang='lat' dir='ltr'><strong>libera</strong></span> <span class='ocrx_word' id='word_1_27' title='bbox 690 719 1022 806; x_wconf 86' lang='lat' dir='ltr'><strong>republica</strong></span> <span class='ocrx_word' id='word_1_28' title='bbox 1047 717 1172 782; x_wconf 89' lang='lat' dir='ltr'><strong>sibi</strong></span> <span class='ocrx_word' id='word_1_29' title='bbox 1203 727 1375 783; x_wconf 88' lang='lat' dir='ltr'><strong>esset</strong></span> <span class='ocrx_word' id='word_1_30' title='bbox 1397 716 1630 792; x_wconf 84' lang='lat' dir='ltr'><strong>delata,</strong></span> <span class='ocrx_word' id='word_1_31' title='bbox 1664 728 1730 780; x_wconf 89' lang='lat' dir='ltr'><strong>at</strong></span> <span class='ocrx_word' id='word_1_32' title='bbox 1756 736 1871 799; x_wconf 88' lang='lat' dir='ltr'><strong>per</strong></span> <span class='ocrx_word' id='word_1_33' title='bbox 1896 736 2055 789; x_wconf 84' lang='lat' dir='ltr'><strong>eam,</strong></span> <span class='ocrx_word' id='word_1_34' title='bbox 2092 736 2257 797; x_wconf 88' lang='lat' dir='ltr'><strong>quae</strong></span> <span class='ocrx_word' id='word_1_35' title='bbox 2282 734 2499 777; x_wconf 88' lang='lat' dir='ltr'><strong>annua</strong></span> <span class='ocrx_word' id='word_1_36' title='bbox 2524 711 2770 785; x_wconf 86' lang='lat' dir='ltr'><strong>fuisset,</strong></span> 
     </span>
     <span class='ocr_line' id='line_1_5' title="bbox 453 821 2775 909; baseline -0.005 -14"><span class='ocrx_word' id='word_1_37' title='bbox 453 830 794 895; x_wconf 79' lang='lat' dir='ltr'><strong>transitum</strong></span> <span class='ocrx_word' id='word_1_38' title='bbox 834 830 1076 893; x_wconf 88' lang='lat' dir='ltr'><strong>factum</strong></span> <span class='ocrx_word' id='word_1_39' title='bbox 1114 848 1258 891; x_wconf 88' lang='lat' dir='ltr'><strong>esse</strong></span> <span class='ocrx_word' id='word_1_40' title='bbox 1301 826 1382 891; x_wconf 87' lang='lat' dir='ltr'><strong>ad</strong></span> <span class='ocrx_word' id='word_1_41' title='bbox 1427 848 1589 901; x_wconf 90' lang='lat' dir='ltr'><strong>eam,</strong></span> <span class='ocrx_word' id='word_1_42' title='bbox 1632 845 1799 909; x_wconf 89' lang='lat' dir='ltr'><strong>quae</strong></span> <span class='ocrx_word' id='word_1_43' title='bbox 1831 831 2057 908; x_wconf 85' lang='lat' dir='ltr'><strong>postea</strong></span> <span class='ocrx_word' id='word_1_44' title='bbox 2080 821 2292 885; x_wconf 88' lang='lat' dir='ltr'><strong>extitit</strong></span> <span class='ocrx_word' id='word_1_45' title='bbox 2317 821 2775 907; x_wconf 87' lang='lat' dir='ltr'><strong>imperatorum</strong></span> 
     </span>
     <span class='ocr_line' id='line_1_6' title="bbox 453 926 2776 1017; baseline -0.004 -16"><span class='ocrx_word' id='word_1_46' title='bbox 453 938 971 1004; x_wconf 78' lang='lat' dir='ltr'><strong>dominationem.</strong></span> <span class='ocrx_word' id='word_1_47' title='bbox 1066 934 1276 1017; x_wconf 82' lang='lat' dir='ltr'><strong>Quasi</strong></span> <span class='ocrx_word' id='word_1_48' title='bbox 1335 956 1486 998; x_wconf 88' lang='lat' dir='ltr'><strong>vero</strong></span> <span class='ocrx_word' id='word_1_49' title='bbox 1540 943 1651 998; x_wconf 90' lang='lat' dir='ltr'><strong>aut</strong></span> <span class='ocrx_word' id='word_1_50' title='bbox 1702 930 1980 997; x_wconf 81' lang='lat' dir='ltr'><strong>voluerit</strong></span> <span class='ocrx_word' id='word_1_51' title='bbox 2036 929 2244 995; x_wconf 89' lang='lat' dir='ltr'><strong>videri</strong></span> <span class='ocrx_word' id='word_1_52' title='bbox 2288 926 2537 995; x_wconf 89' lang='lat' dir='ltr'><strong>Caesar</strong></span> <span class='ocrx_word' id='word_1_53' title='bbox 2582 929 2776 993; x_wconf 87' lang='lat' dir='ltr'><strong>liber-</strong></span> 
     </span>
    </p>
   </div>
   <div class='ocr_carea' id='block_1_4' title="bbox 451 1040 2882 1123">
    <p class='ocr_par' dir='ltr' id='par_1_4' title="bbox 451 1040 2882 1123">
     <span class='ocr_line' id='line_1_7' title="bbox 451 1040 2882 1123; baseline -0.005 -12"><span class='ocrx_word' id='word_1_54' title='bbox 451 1056 648 1111; x_wconf 85' lang='lat' dir='ltr'><strong>tatem</strong></span> <span class='ocrx_word' id='word_1_55' title='bbox 705 1057 1010 1111; x_wconf 87' lang='lat' dir='ltr'><strong>evertere·</strong></span> <span class='ocrx_word' id='word_1_56' title='bbox 1047 1054 1160 1108; x_wconf 88' lang='lat' dir='ltr'><strong>aut</strong></span> <span class='ocrx_word' id='word_1_57' title='bbox 1212 1043 1497 1107; x_wconf 88' lang='lat' dir='ltr'><strong>numeris</strong></span> <span class='ocrx_word' id='word_1_58' title='bbox 1558 1040 2021 1105; x_wconf 81' lang='lat' dir='ltr'><strong>dictaturamm</strong></span> <span class='ocrx_word' id='word_1_59' title='bbox 2068 1040 2369 1104; x_wconf 83' lang='lat' dir='ltr'><strong>everterit</strong></span> <span class='ocrx_word' id='word_1_60' title='bbox 2413 1048 2525 1103; x_wconf 89' lang='lat' dir='ltr'><strong>aut</strong></span> <span class='ocrx_word' id='word_1_61' title='bbox 2570 1060 2781 1102; x_wconf 83' lang='lat' dir='ltr'><strong>annua</strong></span> <span class='ocrx_word' id='word_1_62' title='bbox 2881 1118 2882 1123; x_wconf 8' lang='grc' dir='ltr'>η</span> 
     </span>
    </p>
   </div>
   <div class='ocr_carea' id='block_1_5' title="bbox 453 1146 2781 1343">
    <p class='ocr_par' dir='ltr' id='par_1_5' title="bbox 453 1146 2781 1343">
     <span class='ocr_line' id='line_1_8' title="bbox 453 1146 2781 1239; baseline -0.004 -20"><span class='ocrx_word' id='word_1_63' title='bbox 453 1155 772 1219; x_wconf 81' lang='lat' dir='ltr'><strong>dictatura</strong></span> <span class='ocrx_word' id='word_1_64' title='bbox 814 1154 1020 1239; x_wconf 85' lang='lat' dir='ltr'><strong>magis</strong></span> <span class='ocrx_word' id='word_1_65' title='bbox 1063 1152 1258 1217; x_wconf 86' lang='lat' dir='ltr'><strong>fuerit</strong></span> <span class='ocrx_word' id='word_1_66' title='bbox 1303 1150 1581 1216; x_wconf 87' lang='lat' dir='ltr'><strong>adversa</strong></span> <span class='ocrx_word' id='word_1_67' title='bbox 1616 1146 1893 1214; x_wconf 81' lang='lat' dir='ltr'><strong>libertati</strong></span> <span class='ocrx_word' id='word_1_68' title='bbox 1946 1170 2139 1231; x_wconf 88' lang='lat' dir='ltr'><strong>quam</strong></span> <span class='ocrx_word' id='word_1_69' title='bbox 2177 1148 2385 1234; x_wconf 88' lang='lat' dir='ltr'><strong>prima</strong></span> <span class='ocrx_word' id='word_1_70' title='bbox 2422 1148 2537 1213; x_wconf 88' lang='lat' dir='ltr'><strong>illa</strong></span> <span class='ocrx_word' id='word_1_71' title='bbox 2578 1147 2781 1210; x_wconf 87' lang='lat' dir='ltr'><strong>invito</strong></span> 
     </span>
     <span class='ocr_line' id='line_1_9' title="bbox 455 1256 2779 1343; baseline -0.005 -14"><span class='ocrx_word' id='word_1_72' title='bbox 455 1275 682 1329; x_wconf 86' lang='lat' dir='ltr'><strong>senatu</strong></span> <span class='ocrx_word' id='word_1_73' title='bbox 725 1284 846 1328; x_wconf 88' lang='lat' dir='ltr'><strong>nec</strong></span> <span class='ocrx_word' id='word_1_74' title='bbox 887 1262 1102 1327; x_wconf 89' lang='lat' dir='ltr'><strong>minus</strong></span> <span class='ocrx_word' id='word_1_75' title='bbox 1149 1269 1371 1324; x_wconf 90' lang='lat' dir='ltr'><strong>contra</strong></span> <span class='ocrx_word' id='word_1_76' title='bbox 1406 1260 1587 1343; x_wconf 88' lang='lat' dir='ltr'><strong>leges</strong></span> <span class='ocrx_word' id='word_1_77' title='bbox 1626 1256 1706 1321; x_wconf 85' lang='lat' dir='ltr'><strong>ab</strong></span> <span class='ocrx_word' id='word_1_78' title='bbox 1748 1267 2039 1342; x_wconf 88' lang='lat' dir='ltr'><strong>praetore</strong></span> <span class='ocrx_word' id='word_1_79' title='bbox 2080 1256 2427 1321; x_wconf 84' lang='lat' dir='ltr'><strong>constituta</strong></span> <span class='ocrx_word' id='word_1_80' title='bbox 2452 1265 2571 1321; x_wconf 89' lang='lat' dir='ltr'><strong>aut</strong></span> <span class='ocrx_word' id='word_1_81' title='bbox 2602 1256 2779 1319; x_wconf 90' lang='lat' dir='ltr'><strong>deni-</strong></span> 
     </span>
    </p>
   </div>
   <div class='ocr_carea' id='block_1_6' title="bbox 453 1362 2881 1456">
    <p class='ocr_par' dir='ltr' id='par_1_6' title="bbox 453 1362 2881 1456">
     <span class='ocr_line' id='line_1_10' title="bbox 453 1362 2881 1456; baseline -0.004 -21"><span class='ocrx_word' id='word_1_82' title='bbox 453 1392 613 1456; x_wconf 87' lang='lat' dir='ltr'><strong>que,</strong></span> <span class='ocrx_word' id='word_1_83' title='bbox 674 1371 728 1435; x_wconf 89' lang='lat' dir='ltr'><strong>si</strong></span> <span class='ocrx_word' id='word_1_84' title='bbox 781 1370 848 1433; x_wconf 90' lang='lat' dir='ltr'><strong>in</strong></span> <span class='ocrx_word' id='word_1_85' title='bbox 891 1369 1172 1433; x_wconf 89' lang='lat' dir='ltr'><strong>nummis</strong></span> <span class='ocrx_word' id='word_1_86' title='bbox 1215 1392 1254 1433; x_wconf 89' lang='lat' dir='ltr'><strong>a</strong></span> <span class='ocrx_word' id='word_1_87' title='bbox 1295 1366 1553 1452; x_wconf 86' lang='lat' dir='ltr'><strong>vulgari</strong></span> <span class='ocrx_word' id='word_1_88' title='bbox 1598 1366 1843 1430; x_wconf 89' lang='lat' dir='ltr'><strong>ratione</strong></span> <span class='ocrx_word' id='word_1_89' title='bbox 1894 1364 2111 1429; x_wconf 83' lang='lat' dir='ltr'><strong>recedi</strong></span> <span class='ocrx_word' id='word_1_90' title='bbox 2156 1362 2401 1429; x_wconf 85' lang='lat' dir='ltr'><strong>Caesar</strong></span> <span class='ocrx_word' id='word_1_91' title='bbox 2444 1364 2780 1440; x_wconf 88' lang='lat' dir='ltr'><strong>voluisset,</strong></span> <span class='ocrx_word' id='word_1_92' title='bbox 2879 1408 2881 1413; x_wconf 85' lang='lat'><em>·</em></span> 
     </span>
    </p>
   </div>
   <div class='ocr_carea' id='block_1_7' title="bbox 451 1472 2789 2210">
    <p class='ocr_par' dir='ltr' id='par_1_7' title="bbox 451 1472 2789 2210">
     <span class='ocr_line' id='line_1_11' title="bbox 451 1472 2783 1563; baseline -0.004 -19"><span class='ocrx_word' id='word_1_93' title='bbox 451 1479 499 1544; x_wconf 92' lang='lat' dir='ltr'><strong>ii</strong></span> <span class='ocrx_word' id='word_1_94' title='bbox 535 1479 648 1563; x_wconf 88' lang='lat' dir='ltr'><strong>qui</strong></span> <span class='ocrx_word' id='word_1_95' title='bbox 689 1479 890 1543; x_wconf 84' lang='lat' dir='ltr'><strong>fastos</strong></span> <span class='ocrx_word' id='word_1_96' title='bbox 931 1474 1330 1563; x_wconf 87' lang='lat' dir='ltr'><strong>Capitolinos</strong></span> <span class='ocrx_word' id='word_1_97' title='bbox 1377 1476 1824 1552; x_wconf 86' lang='lat' dir='ltr'><strong>confecerunt,</strong></span> <span class='ocrx_word' id='word_1_98' title='bbox 1884 1496 2025 1539; x_wconf 85' lang='lat' dir='ltr'><strong>eam</strong></span> <span class='ocrx_word' id='word_1_99' title='bbox 2066 1485 2279 1539; x_wconf 88' lang='lat' dir='ltr'><strong>tamen</strong></span> <span class='ocrx_word' id='word_1_100' title='bbox 2325 1474 2451 1560; x_wconf 90' lang='lat' dir='ltr'><strong>ipsi</strong></span> <span class='ocrx_word' id='word_1_101' title='bbox 2498 1472 2634 1538; x_wconf 89' lang='lat' dir='ltr'><strong>sibi</strong></span> <span class='ocrx_word' id='word_1_102' title='bbox 2676 1472 2783 1536; x_wconf 90' lang='lat' dir='ltr'><strong>ob-</strong></span> 
     </span>
     <span class='ocr_line' id='line_1_12' title="bbox 456 1582 2785 1670; baseline -0.003 -18"><span class='ocrx_word' id='word_1_103' title='bbox 456 1586 838 1653; x_wconf 88' lang='lat' dir='ltr'><strong>servandam</strong></span> <span class='ocrx_word' id='word_1_104' title='bbox 893 1607 1035 1649; x_wconf 87' lang='lat' dir='ltr'><strong>esse</strong></span> <span class='ocrx_word' id='word_1_105' title='bbox 1095 1607 1223 1648; x_wconf 89' lang='lat' dir='ltr'><strong>non</strong></span> <span class='ocrx_word' id='word_1_106' title='bbox 1281 1584 1587 1670; x_wconf 88' lang='lat' dir='ltr'><strong>putarint.</strong></span> <span class='ocrx_word' id='word_1_107' title='bbox 1698 1582 1893 1647; x_wconf 90' lang='lat' dir='ltr'><strong>Nulla</strong></span> <span class='ocrx_word' id='word_1_108' title='bbox 1944 1582 2150 1666; x_wconf 87' lang='lat' dir='ltr'><strong>igitur</strong></span> <span class='ocrx_word' id='word_1_109' title='bbox 2196 1604 2395 1646; x_wconf 87' lang='lat' dir='ltr'><strong>causa</strong></span> <span class='ocrx_word' id='word_1_110' title='bbox 2442 1582 2785 1667; x_wconf 87' lang='lat' dir='ltr'><strong>reperitur,</strong></span> 
     </span>
     <span class='ocr_line' id='line_1_13' title="bbox 455 1687 2786 1776; baseline -0.003 -16"><span class='ocrx_word' id='word_1_111' title='bbox 455 1718 574 1760; x_wconf 87' lang='lat' dir='ltr'><strong>cur</strong></span> <span class='ocrx_word' id='word_1_112' title='bbox 609 1694 1112 1759; x_wconf 85' lang='lat' dir='ltr'><strong>deminutionem</strong></span> <span class='ocrx_word' id='word_1_113' title='bbox 1149 1691 1401 1757; x_wconf 87' lang='lat' dir='ltr'><strong>numeri</strong></span> <span class='ocrx_word' id='word_1_114' title='bbox 1441 1692 1911 1757; x_wconf 88' lang='lat' dir='ltr'><strong>dictaturarum</strong></span> <span class='ocrx_word' id='word_1_115' title='bbox 1938 1687 2205 1755; x_wconf 77' lang='lat' dir='ltr'><strong>Caesari</strong></span> <span class='ocrx_word' id='word_1_116' title='bbox 2242 1690 2573 1776; x_wconf 75' lang='lat' dir='ltr'><strong>placuisse</strong></span> <span class='ocrx_word' id='word_1_117' title='bbox 2604 1690 2786 1755; x_wconf 85' lang='lat' dir='ltr'><strong>nobis</strong></span> 
     </span>
     <span class='ocr_line' id='line_1_14' title="bbox 455 1799 2787 1892; baseline -0.003 -21"><span class='ocrx_word' id='word_1_118' title='bbox 455 1804 962 1892; x_wconf 84' lang='lat' dir='ltr'><strong>persuadeamus</strong></span> <span class='ocrx_word' id='word_1_119' title='bbox 1003 1824 1123 1867; x_wconf 87' lang='lat' dir='ltr'><strong>nec</strong></span> <span class='ocrx_word' id='word_1_120' title='bbox 1159 1802 1554 1878; x_wconf 84' lang='lat' dir='ltr'><strong>dubitamus,</strong></span> <span class='ocrx_word' id='word_1_121' title='bbox 1597 1801 1755 1885; x_wconf 90' lang='lat' dir='ltr'><strong>quin</strong></span> <span class='ocrx_word' id='word_1_122' title='bbox 1792 1800 1995 1865; x_wconf 87' lang='lat' dir='ltr'><strong>altera</strong></span> <span class='ocrx_word' id='word_1_123' title='bbox 2032 1799 2353 1865; x_wconf 82' lang='lat' dir='ltr'><strong>dictatura</strong></span> <span class='ocrx_word' id='word_1_124' title='bbox 2392 1800 2459 1863; x_wconf 92' lang='lat' dir='ltr'><strong>in</strong></span> <span class='ocrx_word' id='word_1_125' title='bbox 2502 1800 2787 1864; x_wconf 84' lang='lat' dir='ltr'><strong>nummis</strong></span> 
     </span>
     <span class='ocr_line' id='line_1_15' title="bbox 455 1908 2789 1996; baseline -0.002 -18"><span class='ocrx_word' id='word_1_126' title='bbox 455 1914 712 1978; x_wconf 87' lang='lat' dir='ltr'><strong>dicatur</strong></span> <span class='ocrx_word' id='word_1_127' title='bbox 765 1934 872 1988; x_wconf 86' lang='lat' dir='ltr'><strong>ea,</strong></span> <span class='ocrx_word' id='word_1_128' title='bbox 924 1932 1090 1995; x_wconf 86' lang='lat' dir='ltr'><strong>quae</strong></span> <span class='ocrx_word' id='word_1_129' title='bbox 1147 1911 1208 1975; x_wconf 91' lang='lat' dir='ltr'><strong>ei</strong></span> <span class='ocrx_word' id='word_1_130' title='bbox 1253 1911 1321 1974; x_wconf 90' lang='lat' dir='ltr'><strong>in</strong></span> <span class='ocrx_word' id='word_1_131' title='bbox 1360 1910 1667 1996; x_wconf 86' lang='lat' dir='ltr'><strong>Aegypto</strong></span> <span class='ocrx_word' id='word_1_132' title='bbox 1714 1909 1997 1973; x_wconf 87' lang='lat' dir='ltr'><strong>versanti</strong></span> <span class='ocrx_word' id='word_1_133' title='bbox 2042 1908 2255 1973; x_wconf 89' lang='lat' dir='ltr'><strong>delata</strong></span> <span class='ocrx_word' id='word_1_134' title='bbox 2294 1917 2393 1973; x_wconf 91' lang='lat' dir='ltr'><strong>est</strong></span> <span class='ocrx_word' id='word_1_135' title='bbox 2412 1956 2430 1984; x_wconf 91' lang='lat'><strong>,</strong></span> <span class='ocrx_word' id='word_1_136' title='bbox 2486 1930 2665 1992; x_wconf 86' lang='lat' dir='ltr'><strong>quae</strong></span> <span class='ocrx_word' id='word_1_137' title='bbox 2708 1910 2789 1973; x_wconf 84' lang='lat' dir='ltr'><strong>ita</strong></span> 
     </span>
     <span class='ocr_line' id='line_1_16' title="bbox 455 2016 2787 2087; baseline -0.003 0"><span class='ocrx_word' id='word_1_138' title='bbox 455 2021 538 2087; x_wconf 88' lang='lat' dir='ltr'><strong>ab</strong></span> <span class='ocrx_word' id='word_1_139' title='bbox 595 2018 894 2084; x_wconf 86' lang='lat' dir='ltr'><strong>omnibus</strong></span> <span class='ocrx_word' id='word_1_140' title='bbox 943 2028 1336 2082; x_wconf 87' lang='lat' dir='ltr'><strong>numeratur.</strong></span> <span class='ocrx_word' id='word_1_141' title='bbox 1435 2018 1572 2083; x_wconf 91' lang='lat' dir='ltr'><strong>Sed</strong></span> <span class='ocrx_word' id='word_1_142' title='bbox 1638 2017 2014 2083; x_wconf 88' lang='lat' dir='ltr'><strong>consulatus</strong></span> <span class='ocrx_word' id='word_1_143' title='bbox 2072 2016 2301 2081; x_wconf 90' lang='lat' dir='ltr'><strong>tertius</strong></span> <span class='ocrx_word' id='word_1_144' title='bbox 2356 2016 2438 2081; x_wconf 79' lang='lat' dir='ltr'><strong>ab</strong></span> <span class='ocrx_word' id='word_1_145' title='bbox 2496 2017 2633 2081; x_wconf 86' lang='lat' dir='ltr'><strong>alio</strong></span> <span class='ocrx_word' id='word_1_146' title='bbox 2690 2017 2787 2081; x_wconf 87' lang='lat' dir='ltr'><strong>die</strong></span> 
     </span>
     <span class='ocr_line' id='line_1_17' title="bbox 453 2125 2787 2210; baseline -0.002 -16"><span class='ocrx_word' id='word_1_147' title='bbox 453 2138 862 2204; x_wconf 88' lang='lat' dir='ltr'><strong>numeratur,</strong></span> <span class='ocrx_word' id='word_1_148' title='bbox 921 2126 1226 2191; x_wconf 88' lang='lat' dir='ltr'><strong>nimirum</strong></span> <span class='ocrx_word' id='word_1_149' title='bbox 1279 2126 1362 2191; x_wconf 87' lang='lat' dir='ltr'><strong>ab</strong></span> <span class='ocrx_word' id='word_1_150' title='bbox 1413 2148 1528 2202; x_wconf 90' lang='lat' dir='ltr'><strong>e0,</strong></span> <span class='ocrx_word' id='word_1_151' title='bbox 1584 2147 1715 2209; x_wconf 92' lang='lat' dir='ltr'><strong>quo</strong></span> <span class='ocrx_word' id='word_1_152' title='bbox 1751 2125 2041 2207; x_wconf 87' lang='lat' dir='ltr'><strong>legitime</strong></span> <span class='ocrx_word' id='word_1_153' title='bbox 2084 2125 2337 2189; x_wconf 86' lang='lat' dir='ltr'><strong>delatus</strong></span> <span class='ocrx_word' id='word_1_154' title='bbox 2382 2135 2484 2189; x_wconf 84' lang='lat' dir='ltr'><strong>est</strong></span> <span class='ocrx_word' id='word_1_155' title='bbox 2528 2148 2787 2210; x_wconf 85' lang='lat' dir='ltr'><strong>quoque</strong></span> 
     </span>
    </p>
   </div>
   <div class='ocr_carea' id='block_1_8' title="bbox 455 2232 2885 2536">
    <p class='ocr_par' dir='ltr' id='par_1_8' title="bbox 455 2232 2885 2536">
     <span class='ocr_line' id='line_1_18' title="bbox 455 2232 2872 2322; baseline -0.002 -20"><span class='ocrx_word' id='word_1_156' title='bbox 455 2236 754 2322; x_wconf 89' lang='lat' dir='ltr'><strong>usurpari</strong></span> <span class='ocrx_word' id='word_1_157' title='bbox 809 2234 1050 2320; x_wconf 89' lang='lat' dir='ltr'><strong>potuit,</strong></span> <span class='ocrx_word' id='word_1_158' title='bbox 1104 2244 1296 2319; x_wconf 84' lang='lat' dir='ltr'><strong>atque</strong></span> <span class='ocrx_word' id='word_1_159' title='bbox 1345 2257 1487 2299; x_wconf 89' lang='lat' dir='ltr'><strong>eam</strong></span> <span class='ocrx_word' id='word_1_160' title='bbox 1526 2234 1837 2298; x_wconf 89' lang='lat' dir='ltr'><strong>rationem</strong></span> <span class='ocrx_word' id='word_1_161' title='bbox 1884 2233 1951 2296; x_wconf 89' lang='lat' dir='ltr'><strong>in</strong></span> <span class='ocrx_word' id='word_1_162' title='bbox 1996 2233 2277 2297; x_wconf 88' lang='lat' dir='ltr'><strong>nummis</strong></span> <span class='ocrx_word' id='word_1_163' title='bbox 2320 2232 2592 2317; x_wconf 90' lang='lat' dir='ltr'><strong>quidem</strong></span> <span class='ocrx_word' id='word_1_164' title='bbox 2639 2256 2788 2299; x_wconf 87' lang='lat' dir='ltr'><strong>con-</strong></span> <span class='ocrx_word' id='word_1_165' title='bbox 2871 2242 2872 2247; x_wconf 76' lang='grc'>’</span> 
     </span>
     <span class='ocr_line' id='line_1_19' title="bbox 458 2342 2885 2427; baseline -0.004 -16"><span class='ocrx_word' id='word_1_166' title='bbox 458 2346 750 2411; x_wconf 90' lang='lat' dir='ltr'><strong>suevisse</strong></span> <span class='ocrx_word' id='word_1_167' title='bbox 786 2342 1118 2408; x_wconf 84' lang='lat' dir='ltr'><strong>observari</strong></span> <span class='ocrx_word' id='word_1_168' title='bbox 1156 2342 1280 2407; x_wconf 86' lang='lat' dir='ltr'><strong>alio</strong></span> <span class='ocrx_word' id='word_1_169' title='bbox 1323 2342 1617 2426; x_wconf 85' lang='lat' dir='ltr'><strong>exemplo</strong></span> <span class='ocrx_word' id='word_1_170' title='bbox 1664 2363 1863 2427; x_wconf 88' lang='lat' dir='ltr'><strong>supra</strong></span> <span class='ocrx_word' id='word_1_171' title='bbox 1906 2342 2331 2407; x_wconf 86' lang='lat' dir='ltr'><strong>ostendimus.</strong></span> <span class='ocrx_word' id='word_1_172' title='bbox 2402 2342 2597 2425; x_wconf 90' lang='lat' dir='ltr'><strong>Quae</strong></span> <span class='ocrx_word' id='word_1_173' title='bbox 2644 2366 2788 2409; x_wconf 85' lang='lat' dir='ltr'><strong>cum</strong></span> <span class='ocrx_word' id='word_1_174' title='bbox 2882 2367 2885 2401; x_wconf 89' lang='grc'>;</span> 
     </span>
     <span class='ocr_line' id='line_1_20' title="bbox 455 2449 2885 2536; baseline -0.002 -16"><span class='ocrx_word' id='word_1_175' title='bbox 455 2454 546 2520; x_wconf 81' lang='lat' dir='ltr'><strong>ita</strong></span> <span class='ocrx_word' id='word_1_176' title='bbox 572 2453 720 2529; x_wconf 88' lang='lat' dir='ltr'><strong>sint,</strong></span> <span class='ocrx_word' id='word_1_177' title='bbox 751 2451 896 2516; x_wconf 89' lang='lat' dir='ltr'><strong>illos</strong></span> <span class='ocrx_word' id='word_1_178' title='bbox 921 2474 1086 2536; x_wconf 89' lang='lat' dir='ltr'><strong>quos</strong></span> <span class='ocrx_word' id='word_1_179' title='bbox 1115 2450 1395 2516; x_wconf 83' lang='lat' dir='ltr'><strong>diximus</strong></span> <span class='ocrx_word' id='word_1_180' title='bbox 1423 2472 1721 2516; x_wconf 86' lang='lat' dir='ltr'><strong>nummos</strong></span> <span class='ocrx_word' id='word_1_181' title='bbox 1748 2450 2033 2515; x_wconf 88' lang='lat' dir='ltr'><strong>incidere</strong></span> <span class='ocrx_word' id='word_1_182' title='bbox 2060 2449 2429 2516; x_wconf 87' lang='lat' dir='ltr'><strong>iudicamus</strong></span> <span class='ocrx_word' id='word_1_183' title='bbox 2452 2452 2523 2515; x_wconf 91' lang='lat' dir='ltr'><strong>in</strong></span> <span class='ocrx_word' id='word_1_184' title='bbox 2550 2474 2789 2517; x_wconf 84' lang='lat' dir='ltr'><strong>annum</strong></span> <span class='ocrx_word' id='word_1_185' title='bbox 2882 2475 2885 2481; x_wconf 90' lang='lat'>·</span> 
     </span>
    </p>
   </div>
   <div class='ocr_carea' id='block_1_9' title="bbox 457 2556 2793 2752">
    <p class='ocr_par' dir='ltr' id='par_1_9' title="bbox 457 2556 2793 2752">
     <span class='ocr_line' id='line_1_21' title="bbox 459 2556 2790 2643; baseline -0.001 -15"><span class='ocrx_word' id='word_1_186' title='bbox 459 2563 538 2628; x_wconf 85' lang='lat'><strong>47</strong></span> <span class='ocrx_word' id='word_1_187' title='bbox 563 2584 620 2627; x_wconf 91' lang='lat' dir='ltr'><strong>a.</strong></span> <span class='ocrx_word' id='word_1_188' title='bbox 646 2558 824 2635; x_wconf 69' lang='lat' dir='ltr'><strong>Chr„</strong></span> <span class='ocrx_word' id='word_1_189' title='bbox 859 2580 1007 2623; x_wconf 91' lang='lat' dir='ltr'><strong>cum</strong></span> <span class='ocrx_word' id='word_1_190' title='bbox 1029 2567 1292 2643; x_wconf 89' lang='lat' dir='ltr'><strong>accepta</strong></span> <span class='ocrx_word' id='word_1_191' title='bbox 1314 2558 1635 2623; x_wconf 86' lang='lat' dir='ltr'><strong>dictatura</strong></span> <span class='ocrx_word' id='word_1_192' title='bbox 1656 2580 1871 2623; x_wconf 88' lang='lat' dir='ltr'><strong>annua</strong></span> <span class='ocrx_word' id='word_1_193' title='bbox 1896 2556 2141 2625; x_wconf 84' lang='lat' dir='ltr'><strong>Caesar</strong></span> <span class='ocrx_word' id='word_1_194' title='bbox 2165 2559 2357 2623; x_wconf 89' lang='lat' dir='ltr'><strong>simul</strong></span> <span class='ocrx_word' id='word_1_195' title='bbox 2380 2560 2790 2626; x_wconf 90' lang='lat' dir='ltr'><strong>consulatum</strong></span> 
     </span>
     <span class='ocr_line' id='line_1_22' title="bbox 457 2666 2793 2752; baseline 0.001 -19"><span class='ocrx_word' id='word_1_196' title='bbox 457 2668 717 2735; x_wconf 88' lang='lat' dir='ltr'><strong>tertium</strong></span> <span class='ocrx_word' id='word_1_197' title='bbox 765 2666 890 2731; x_wconf 86' lang='lat' dir='ltr'><strong>sibi</strong></span> <span class='ocrx_word' id='word_1_198' title='bbox 935 2666 1265 2731; x_wconf 91' lang='lat' dir='ltr'><strong>decretum</strong></span> <span class='ocrx_word' id='word_1_199' title='bbox 1313 2688 1537 2752; x_wconf 86' lang='lat' dir='ltr'><strong>gerere</strong></span> <span class='ocrx_word' id='word_1_200' title='bbox 1580 2666 2073 2743; x_wconf 82' lang='lat' dir='ltr'><strong>existimaretur,</strong></span> <span class='ocrx_word' id='word_1_201' title='bbox 2131 2667 2403 2733; x_wconf 86' lang='lat' dir='ltr'><strong>alterum</strong></span> <span class='ocrx_word' id='word_1_202' title='bbox 2450 2692 2793 2735; x_wconf 86' lang='lat' dir='ltr'><strong>nummum</strong></span> 
     </span>
    </p>
   </div>
   <div class='ocr_carea' id='block_1_10' title="bbox 457 2772 2793 2863">
    <p class='ocr_par' dir='ltr' id='par_1_10' title="bbox 457 2772 2793 2863">
     <span class='ocr_line' id='line_1_23' title="bbox 457 2772 2793 2863; baseline 0 -21"><span class='ocrx_word' id='word_1_203' title='bbox 457 2776 635 2863; x_wconf 89' lang='lat' dir='ltr'><strong>apud</strong></span> <span class='ocrx_word' id='word_1_204' title='bbox 677 2772 925 2841; x_wconf 87' lang='lat' dir='ltr'><strong>Caved.</strong></span> <span class='ocrx_word' id='word_1_205' title='bbox 967 2776 1009 2839; x_wconf 92' lang='grc'><strong>1.</strong></span> <span class='ocrx_word' id='word_1_206' title='bbox 1041 2775 1085 2840; x_wconf 92' lang='lat' dir='ltr'><strong>l.</strong></span> <span class='ocrx_word' id='word_1_207' title='bbox 1121 2797 1183 2860; x_wconf 90' lang='lat' dir='ltr'><strong>p.</strong></span> <span class='ocrx_word' id='word_1_208' title='bbox 1217 2774 1357 2851; x_wconf 83' lang='lat'><strong>152,</strong></span> <span class='ocrx_word' id='word_1_209' title='bbox 1401 2774 1471 2838; x_wconf 89' lang='lat' dir='ltr'><strong>in</strong></span> <span class='ocrx_word' id='word_1_210' title='bbox 1512 2797 1643 2860; x_wconf 90' lang='lat' dir='ltr'><strong>quo</strong></span> <span class='ocrx_word' id='word_1_211' title='bbox 1682 2785 1782 2840; x_wconf 87' lang='lat' dir='ltr'><strong>est</strong></span> <span class='ocrx_word' id='word_1_212' title='bbox 1828 2772 2215 2841; x_wconf 84' lang='lat' dir='ltr'><strong>CAESAR·</strong></span> <span class='ocrx_word' id='word_1_213' title='bbox 2257 2773 2503 2841; x_wconf 87' lang='lat' dir='ltr'><strong>DICT·</strong></span> <span class='ocrx_word' id='word_1_214' title='bbox 2546 2776 2793 2843; x_wconf 84' lang='lat' dir='ltr'>ITER-</span> 
     </span>
    </p>
   </div>
   <div class='ocr_carea' id='block_1_11' title="bbox 2843 2614 2883 2832">
    <p class='ocr_par' dir='ltr' id='par_1_11' title="bbox 2843 2614 2883 2832">
     <span class='ocr_line' id='line_1_24' title="bbox 2843 2614 2883 2832; baseline 0 -103"><span class='ocrx_word' id='word_1_215' title='bbox 2843 2614 2883 2832; x_wconf 59' lang='grc' dir='ltr'><strong>ιζ</strong></span> 
     </span>
    </p>
   </div>
   <div class='ocr_carea' id='block_1_12' title="bbox 457 2882 2881 2962">
    <p class='ocr_par' dir='ltr' id='par_1_12' title="bbox 457 2882 2881 2962">
     <span class='ocr_line' id='line_1_25' title="bbox 457 2882 2881 2962; baseline 0 -15"><span class='ocrx_word' id='word_1_216' title='bbox 457 2885 528 2948; x_wconf 88' lang='lat' dir='ltr'><strong>in</strong></span> <span class='ocrx_word' id='word_1_217' title='bbox 581 2896 923 2949; x_wconf 86' lang='lat' dir='ltr'><strong>exeuntem</strong></span> <span class='ocrx_word' id='word_1_218' title='bbox 975 2907 1216 2949; x_wconf 88' lang='lat' dir='ltr'><strong>annum</strong></span> <span class='ocrx_word' id='word_1_219' title='bbox 1273 2884 1386 2962; x_wconf 82' lang='lat'><strong>48,</strong></span> <span class='ocrx_word' id='word_1_220' title='bbox 1441 2906 1589 2948; x_wconf 88' lang='lat' dir='ltr'><strong>cum</strong></span> <span class='ocrx_word' id='word_1_221' title='bbox 1652 2882 1895 2949; x_wconf 86' lang='lat' dir='ltr'><strong>Caesar</strong></span> <span class='ocrx_word' id='word_1_222' title='bbox 1952 2884 2277 2951; x_wconf 88' lang='lat' dir='ltr'><strong>decretam</strong></span> <span class='ocrx_word' id='word_1_223' title='bbox 2344 2884 2468 2951; x_wconf 87' lang='lat' dir='ltr'><strong>sibi</strong></span> <span class='ocrx_word' id='word_1_224' title='bbox 2524 2886 2792 2952; x_wconf 85' lang='lat' dir='ltr'><strong>alteram</strong></span> <span class='ocrx_word' id='word_1_225' title='bbox 2878 2912 2881 2947; x_wconf 91' lang='lat'><strong>:</strong></span> 
     </span>
    </p>
   </div>
   <div class='ocr_carea' id='block_1_13' title="bbox 457 2992 2791 3299">
    <p class='ocr_par' dir='ltr' id='par_1_13' title="bbox 457 2992 2791 3299">
     <span class='ocr_line' id='line_1_26' title="bbox 459 2992 2791 3079; baseline 0 -20"><span class='ocrx_word' id='word_1_226' title='bbox 459 2992 840 3059; x_wconf 87' lang='lat' dir='ltr'><strong>dictaturam</strong></span> <span class='ocrx_word' id='word_1_227' title='bbox 898 2994 1026 3059; x_wconf 87' lang='lat' dir='ltr'><strong>iam</strong></span> <span class='ocrx_word' id='word_1_228' title='bbox 1079 2994 1305 3059; x_wconf 89' lang='lat' dir='ltr'><strong>inisset</strong></span> <span class='ocrx_word' id='word_1_229' title='bbox 1351 3004 1541 3077; x_wconf 91' lang='lat' dir='ltr'><strong>atque</strong></span> <span class='ocrx_word' id='word_1_230' title='bbox 1589 2993 1673 3057; x_wconf 93' lang='lat' dir='ltr'><strong>ob</strong></span> <span class='ocrx_word' id='word_1_231' title='bbox 1716 3013 1953 3057; x_wconf 88' lang='lat' dir='ltr'><strong>novam</strong></span> <span class='ocrx_word' id='word_1_232' title='bbox 1996 2992 2163 3059; x_wconf 90' lang='lat' dir='ltr'><strong>hanc</strong></span> <span class='ocrx_word' id='word_1_233' title='bbox 2205 2994 2589 3079; x_wconf 86' lang='lat' dir='ltr'><strong>dignitatem</strong></span> <span class='ocrx_word' id='word_1_234' title='bbox 2640 3018 2791 3061; x_wconf 91' lang='lat' dir='ltr'><strong>con·</strong></span> 
     </span>
     <span class='ocr_line' id='line_1_27' title="bbox 461 3101 2791 3189; baseline -0.001 -19"><span class='ocrx_word' id='word_1_235' title='bbox 461 3104 711 3170; x_wconf 85' lang='lat' dir='ltr'><strong>sulatus</strong></span> <span class='ocrx_word' id='word_1_236' title='bbox 756 3103 916 3167; x_wconf 88' lang='lat' dir='ltr'><strong>alter</strong></span> <span class='ocrx_word' id='word_1_237' title='bbox 954 3101 1104 3166; x_wconf 88' lang='lat' dir='ltr'><strong>Kal.</strong></span> <span class='ocrx_word' id='word_1_238' title='bbox 1150 3102 1283 3167; x_wconf 88' lang='lat' dir='ltr'><strong>Ian.</strong></span> <span class='ocrx_word' id='word_1_239' title='bbox 1331 3103 1483 3167; x_wconf 89' lang='lat' dir='ltr'><strong>anni</strong></span> <span class='ocrx_word' id='word_1_240' title='bbox 1524 3102 1603 3167; x_wconf 83' lang='grc'><strong>48</strong></span> <span class='ocrx_word' id='word_1_241' title='bbox 1650 3111 1989 3185; x_wconf 88' lang='lat' dir='ltr'><strong>susceptus</strong></span> <span class='ocrx_word' id='word_1_242' title='bbox 2030 3104 2464 3181; x_wconf 88' lang='lat' dir='ltr'><strong>omitteretur,</strong></span> <span class='ocrx_word' id='word_1_243' title='bbox 2508 3105 2791 3189; x_wconf 90' lang='lat' dir='ltr'><strong>denique</strong></span> 
     </span>
     <span class='ocr_line' id='line_1_28' title="bbox 457 3210 2785 3299; baseline 0.001 -22"><span class='ocrx_word' id='word_1_244' title='bbox 457 3213 611 3277; x_wconf 91' lang='lat' dir='ltr'><strong>item</strong></span> <span class='ocrx_word' id='word_1_245' title='bbox 663 3211 734 3275; x_wconf 88' lang='lat' dir='ltr'><strong>in</strong></span> <span class='ocrx_word' id='word_1_246' title='bbox 795 3232 1034 3275; x_wconf 87' lang='lat' dir='ltr'><strong>annum</strong></span> <span class='ocrx_word' id='word_1_247' title='bbox 1079 3210 1157 3276; x_wconf 83' lang='lat'><strong>47</strong></span> <span class='ocrx_word' id='word_1_248' title='bbox 1215 3210 1477 3275; x_wconf 90' lang='lat' dir='ltr'><strong>tertium</strong></span> <span class='ocrx_word' id='word_1_249' title='bbox 1534 3233 1868 3275; x_wconf 89' lang='lat' dir='ltr'><strong>nummum</strong></span> <span class='ocrx_word' id='word_1_250' title='bbox 1928 3211 2103 3297; x_wconf 86' lang='lat' dir='ltr'><strong>apud</strong></span> <span class='ocrx_word' id='word_1_251' title='bbox 2149 3211 2418 3276; x_wconf 86' lang='lat' dir='ltr'><strong>Eckhel.</strong></span> <span class='ocrx_word' id='word_1_252' title='bbox 2465 3211 2566 3279; x_wconf 91' lang='lat' dir='ltr'><strong>VI</strong></span> <span class='ocrx_word' id='word_1_253' title='bbox 2618 3236 2684 3299; x_wconf 88' lang='lat' dir='ltr'><strong>p.</strong></span> <span class='ocrx_word' id='word_1_254' title='bbox 2726 3214 2785 3290; x_wconf 85' lang='lat'><strong>7,</strong></span> 
     </span>
    </p>
   </div>
   <div class='ocr_carea' id='block_1_14' title="bbox 457 3314 2876 3402">
    <p class='ocr_par' dir='ltr' id='par_1_14' title="bbox 457 3314 2876 3402">
     <span class='ocr_line' id='line_1_29' title="bbox 457 3314 2876 3402; baseline 0 -17"><span class='ocrx_word' id='word_1_255' title='bbox 457 3320 528 3385; x_wconf 87' lang='lat' dir='ltr'><strong>in</strong></span> <span class='ocrx_word' id='word_1_256' title='bbox 585 3340 714 3402; x_wconf 87' lang='lat' dir='ltr'><strong>quo</strong></span> <span class='ocrx_word' id='word_1_257' title='bbox 773 3315 1016 3381; x_wconf 85' lang='lat' dir='ltr'><strong>Caesar</strong></span> <span class='ocrx_word' id='word_1_258' title='bbox 1065 3314 1265 3382; x_wconf 88' lang='lat' dir='ltr'><strong>COS·</strong></span> <span class='ocrx_word' id='word_1_259' title='bbox 1307 3316 1511 3381; x_wconf 84' lang='lat' dir='ltr'><strong>TER·</strong></span> <span class='ocrx_word' id='word_1_260' title='bbox 1572 3318 1752 3383; x_wconf 89' lang='lat' dir='ltr'><strong>nulla</strong></span> <span class='ocrx_word' id='word_1_261' title='bbox 1803 3318 2157 3385; x_wconf 84' lang='lat' dir='ltr'><strong>dictaturae</strong></span> <span class='ocrx_word' id='word_1_262' title='bbox 2214 3321 2537 3386; x_wconf 86' lang='lat' dir='ltr'><strong>mentione</strong></span> <span class='ocrx_word' id='word_1_263' title='bbox 2582 3323 2787 3387; x_wconf 84' lang='lat' dir='ltr'><strong>nomi-</strong></span> <span class='ocrx_word' id='word_1_264' title='bbox 2875 3376 2876 3385; x_wconf 69' lang='grc'><strong>,</strong></span> 
     </span>
    </p>
   </div>
   <div class='ocr_carea' id='block_1_15' title="bbox 459 3424 2785 3517">
    <p class='ocr_par' dir='ltr' id='par_1_15' title="bbox 459 3424 2785 3517">
     <span class='ocr_line' id='line_1_30' title="bbox 459 3424 2785 3517; baseline 0.002 -26"><span class='ocrx_word' id='word_1_265' title='bbox 459 3438 668 3491; x_wconf 90' lang='lat' dir='ltr'><strong>natur.</strong></span> <span class='ocrx_word' id='word_1_266' title='bbox 733 3424 920 3507; x_wconf 86' lang='lat' dir='ltr'><strong>Quae</strong></span> <span class='ocrx_word' id='word_1_267' title='bbox 951 3436 1166 3490; x_wconf 90' lang='lat' dir='ltr'><strong>autem</strong></span> <span class='ocrx_word' id='word_1_268' title='bbox 1192 3424 1274 3489; x_wconf 91' lang='lat' dir='ltr'><strong>de</strong></span> <span class='ocrx_word' id='word_1_269' title='bbox 1301 3425 1530 3491; x_wconf 88' lang='lat' dir='ltr'><strong>horum</strong></span> <span class='ocrx_word' id='word_1_270' title='bbox 1557 3448 1967 3491; x_wconf 87' lang='lat' dir='ltr'><strong>nummorum</strong></span> <span class='ocrx_word' id='word_1_271' title='bbox 1998 3428 2523 3514; x_wconf 88' lang='lat' dir='ltr'><strong>interpretatione</strong></span> <span class='ocrx_word' id='word_1_272' title='bbox 2562 3430 2785 3517; x_wconf 85' lang='lat' dir='ltr'><strong>dispu-</strong></span> 
     </span>
    </p>
   </div>
   <div class='ocr_carea' id='block_1_16' title="bbox 2874 3460 2877 3497">
    <p class='ocr_par' dir='ltr' id='par_1_16' title="bbox 2874 3460 2877 3497">
     <span class='ocr_line' id='line_1_31' title="bbox 2874 3460 2877 3497; baseline 0 0"><span class='ocrx_word' id='word_1_273' title='bbox 2874 3460 2877 3497; x_wconf 60' lang='lat'><em>1</em></span> 
     </span>
    </p>
   </div>
   <div class='ocr_carea' id='block_1_17' title="bbox 337 3532 2874 3621">
    <p class='ocr_par' dir='ltr' id='par_1_17' title="bbox 337 3532 2874 3621">
     <span class='ocr_line' id='line_1_32' title="bbox 337 3532 2874 3621; baseline 0.002 -21"><span class='ocrx_word' id='word_1_274' title='bbox 337 3544 346 3551; x_wconf 83' lang='lat'><em>&#39;</em></span> <span class='ocrx_word' id='word_1_275' title='bbox 460 3532 738 3600; x_wconf 88' lang='lat' dir='ltr'><strong>tavimus</strong></span> <span class='ocrx_word' id='word_1_276' title='bbox 753 3580 772 3611; x_wconf 96' lang='lat'><strong>,</strong></span> <span class='ocrx_word' id='word_1_277' title='bbox 832 3533 1156 3619; x_wconf 85' lang='lat' dir='ltr'><strong>praeclare</strong></span> <span class='ocrx_word' id='word_1_278' title='bbox 1217 3533 1677 3599; x_wconf 86' lang='lat' dir='ltr'><strong>confirmantur</strong></span> <span class='ocrx_word' id='word_1_279' title='bbox 1730 3534 2115 3601; x_wconf 82' lang='lat' dir='ltr'><strong>difficillimo</strong></span> <span class='ocrx_word' id='word_1_280' title='bbox 2167 3534 2313 3601; x_wconf 88' lang='lat' dir='ltr'><strong>loco</strong></span> <span class='ocrx_word' id='word_1_281' title='bbox 2368 3537 2549 3621; x_wconf 85' lang='lat' dir='ltr'><strong>apud</strong></span> <span class='ocrx_word' id='word_1_282' title='bbox 2608 3536 2785 3604; x_wconf 86' lang='lat' dir='ltr'><strong>Suet.</strong></span> <span class='ocrx_word' id='word_1_283' title='bbox 2872 3594 2874 3605; x_wconf 78' lang='grc'><strong>,</strong></span> 
     </span>
    </p>
   </div>
   <div class='ocr_carea' id='block_1_18' title="bbox 364 3636 2874 3729">
    <p class='ocr_par' dir='ltr' id='par_1_18' title="bbox 364 3636 2874 3729">
     <span class='ocr_line' id='line_1_33' title="bbox 364 3636 2874 3729; baseline 0.003 -21"><span class='ocrx_word' id='word_1_284' title='bbox 364 3636 369 3640; x_wconf 63' lang='grc'>’</span> <span class='ocrx_word' id='word_1_285' title='bbox 463 3640 652 3708; x_wconf 88' lang='lat' dir='ltr'><strong>Caes.</strong></span> <span class='ocrx_word' id='word_1_286' title='bbox 701 3663 757 3707; x_wconf 89' lang='lat' dir='ltr'><strong>c.</strong></span> <span class='ocrx_word' id='word_1_287' title='bbox 798 3642 902 3719; x_wconf 83' lang='lat'><strong>76,</strong></span> <span class='ocrx_word' id='word_1_288' title='bbox 951 3642 1064 3727; x_wconf 92' lang='lat' dir='ltr'><strong>qui</strong></span> <span class='ocrx_word' id='word_1_289' title='bbox 1107 3664 1256 3706; x_wconf 89' lang='lat' dir='ltr'><strong>cum</strong></span> <span class='ocrx_word' id='word_1_290' title='bbox 1300 3641 1381 3707; x_wconf 96' lang='lat' dir='ltr'><strong>ab</strong></span> <span class='ocrx_word' id='word_1_291' title='bbox 1421 3642 1525 3719; x_wconf 88' lang='lat' dir='ltr'><strong>iis,</strong></span> <span class='ocrx_word' id='word_1_292' title='bbox 1573 3643 1686 3727; x_wconf 90' lang='lat' dir='ltr'><strong>qui</strong></span> <span class='ocrx_word' id='word_1_293' title='bbox 1726 3644 1901 3709; x_wconf 89' lang='lat' dir='ltr'><strong>illam</strong></span> <span class='ocrx_word' id='word_1_294' title='bbox 1944 3666 2112 3729; x_wconf 89' lang='lat' dir='ltr'><strong>quae</strong></span> <span class='ocrx_word' id='word_1_295' title='bbox 2152 3644 2444 3729; x_wconf 86' lang='lat' dir='ltr'><strong>exposita</strong></span> <span class='ocrx_word' id='word_1_296' title='bbox 2484 3657 2622 3724; x_wconf 90' lang='lat' dir='ltr'><strong>est,</strong></span> <span class='ocrx_word' id='word_1_297' title='bbox 2674 3648 2783 3713; x_wconf 92' lang='lat' dir='ltr'><strong>ho-</strong></span> <span class='ocrx_word' id='word_1_298' title='bbox 2873 3708 2874 3717; x_wconf 74' lang='grc'><strong>,</strong></span> 
     </span>
    </p>
   </div>
   <div class='ocr_carea' id='block_1_19' title="bbox 459 3746 2784 3839">
    <p class='ocr_par' dir='ltr' id='par_1_19' title="bbox 459 3746 2784 3839">
     <span class='ocr_line' id='line_1_34' title="bbox 459 3746 2784 3839; baseline 0.003 -25"><span class='ocrx_word' id='word_1_299' title='bbox 459 3772 692 3814; x_wconf 89' lang='lat' dir='ltr'><strong>norum</strong></span> <span class='ocrx_word' id='word_1_300' title='bbox 737 3746 1036 3815; x_wconf 88' lang='lat' dir='ltr'><strong>Caesaris</strong></span> <span class='ocrx_word' id='word_1_301' title='bbox 1079 3751 1390 3817; x_wconf 86' lang='lat' dir='ltr'><strong>rationem</strong></span> <span class='ocrx_word' id='word_1_302' title='bbox 1433 3772 1563 3814; x_wconf 88' lang='lat' dir='ltr'><strong>non</strong></span> <span class='ocrx_word' id='word_1_303' title='bbox 1603 3762 1895 3828; x_wconf 86' lang='lat' dir='ltr'><strong>teneant,</strong></span> <span class='ocrx_word' id='word_1_304' title='bbox 1952 3752 2133 3817; x_wconf 86' lang='lat' dir='ltr'><strong>nullo</strong></span> <span class='ocrx_word' id='word_1_305' title='bbox 2188 3753 2381 3818; x_wconf 86' lang='lat' dir='ltr'><strong>modo</strong></span> <span class='ocrx_word' id='word_1_306' title='bbox 2433 3756 2649 3839; x_wconf 84' lang='lat' dir='ltr'><strong>possit</strong></span> <span class='ocrx_word' id='word_1_307' title='bbox 2690 3758 2784 3821; x_wconf 91' lang='lat' dir='ltr'><strong>in-</strong></span> 
     </span>
    </p>
   </div>
   <div class='ocr_carea' id='block_1_20' title="bbox 460 3857 2871 3949">
    <p class='ocr_par' dir='ltr' id='par_1_20' title="bbox 460 3857 2871 3949">
     <span class='ocr_line' id='line_1_35' title="bbox 460 3857 2871 3949; baseline 0.003 -28"><span class='ocrx_word' id='word_1_308' title='bbox 460 3857 702 3943; x_wconf 85' lang='lat' dir='ltr'><strong>telligi,</strong></span> <span class='ocrx_word' id='word_1_309' title='bbox 759 3878 934 3923; x_wconf 89' lang='lat' dir='ltr'><strong>nunc</strong></span> <span class='ocrx_word' id='word_1_310' title='bbox 988 3868 1054 3923; x_wconf 89' lang='lat' dir='ltr'><strong>et</strong></span> <span class='ocrx_word' id='word_1_311' title='bbox 1097 3859 1377 3924; x_wconf 88' lang='lat' dir='ltr'><strong>nummis</strong></span> <span class='ocrx_word' id='word_1_312' title='bbox 1421 3860 1742 3947; x_wconf 86' lang='lat' dir='ltr'><strong>insignem</strong></span> <span class='ocrx_word' id='word_1_313' title='bbox 1786 3860 1980 3925; x_wconf 87' lang='lat' dir='ltr'><strong>fidem</strong></span> <span class='ocrx_word' id='word_1_314' title='bbox 2026 3860 2210 3927; x_wconf 88' lang='lat' dir='ltr'><strong>addit</strong></span> <span class='ocrx_word' id='word_1_315' title='bbox 2252 3873 2316 3927; x_wconf 91' lang='lat' dir='ltr'><strong>et</strong></span> <span class='ocrx_word' id='word_1_316' title='bbox 2363 3863 2504 3949; x_wconf 90' lang='lat' dir='ltr'><strong>ipse</strong></span> <span class='ocrx_word' id='word_1_317' title='bbox 2548 3864 2783 3931; x_wconf 87' lang='lat' dir='ltr'><strong>iustam</strong></span> <span class='ocrx_word' id='word_1_318' title='bbox 2869 3918 2871 3929; x_wconf 92' lang='lat'><strong>.</strong></span> 
     </span>
    </p>
   </div>
   <div class='ocr_carea' id='block_1_21' title="bbox 458 3965 2784 4374">
    <p class='ocr_par' dir='ltr' id='par_1_21' title="bbox 458 3965 2784 4374">
     <span class='ocr_line' id='line_1_36' title="bbox 463 3965 2784 4054; baseline 0.002 -22"><span class='ocrx_word' id='word_1_319' title='bbox 463 3965 954 4051; x_wconf 86' lang='lat' dir='ltr'><strong>explicationem</strong></span> <span class='ocrx_word' id='word_1_320' title='bbox 1011 3966 1263 4053; x_wconf 87' lang='lat' dir='ltr'><strong>accipit.</strong></span> <span class='ocrx_word' id='word_1_321' title='bbox 1364 3968 1479 4033; x_wconf 88' lang='lat' dir='ltr'><strong>Sic</strong></span> <span class='ocrx_word' id='word_1_322' title='bbox 1528 3968 1733 4054; x_wconf 86' lang='lat' dir='ltr'><strong>igitur</strong></span> <span class='ocrx_word' id='word_1_323' title='bbox 1785 3970 1875 4034; x_wconf 89' lang='lat' dir='ltr'><strong>ait</strong></span> <span class='ocrx_word' id='word_1_324' title='bbox 1925 3967 2310 4035; x_wconf 78' lang='lat' dir='ltr'><strong>Suetonius:</strong></span> <span class='ocrx_word' id='word_1_325' title='bbox 2396 3977 2687 4037; x_wconf 69' lang='lat' dir='ltr'><strong>Tertium</strong></span> <span class='ocrx_word' id='word_1_326' title='bbox 2732 3984 2784 4037; x_wconf 85' lang='lat' dir='ltr'><strong>et</strong></span> 
     </span>
     <span class='ocr_line' id='line_1_37' title="bbox 460 4076 2778 4165; baseline 0.003 -28"><span class='ocrx_word' id='word_1_327' title='bbox 460 4084 758 4157; x_wconf 80' lang='lat' dir='ltr'><strong>quartum</strong></span> <span class='ocrx_word' id='word_1_328' title='bbox 799 4076 1188 4137; x_wconf 77' lang='lat' dir='ltr'><strong>comulatam</strong></span> <span class='ocrx_word' id='word_1_329' title='bbox 1229 4080 1414 4142; x_wconf 77' lang='lat' dir='ltr'><strong>titulo</strong></span> <span class='ocrx_word' id='word_1_330' title='bbox 1453 4087 1632 4141; x_wconf 75' lang='lat' dir='ltr'><strong>tenus</strong></span> <span class='ocrx_word' id='word_1_331' title='bbox 1668 4082 1873 4158; x_wconf 74' lang='lat' dir='ltr'><strong>gessit,</strong></span> <span class='ocrx_word' id='word_1_332' title='bbox 1924 4089 2249 4142; x_wconf 79' lang='lat' dir='ltr'><strong>contentus</strong></span> <span class='ocrx_word' id='word_1_333' title='bbox 2286 4080 2647 4145; x_wconf 78' lang='lat' dir='ltr'><strong>dictaturae</strong></span> <span class='ocrx_word' id='word_1_334' title='bbox 2678 4104 2778 4165; x_wconf 81' lang='lat' dir='ltr'><strong>po-</strong></span> 
     </span>
     <span class='ocr_line' id='line_1_38' title="bbox 462 4184 2781 4270; baseline 0.003 -23"><span class='ocrx_word' id='word_1_335' title='bbox 462 4192 694 4259; x_wconf 77' lang='lat' dir='ltr'><strong>testate,</strong></span> <span class='ocrx_word' id='word_1_336' title='bbox 742 4184 1014 4245; x_wconf 73' lang='lat' dir='ltr'><strong>decretae</strong></span> <span class='ocrx_word' id='word_1_337' title='bbox 1055 4206 1196 4245; x_wconf 81' lang='lat' dir='ltr'><strong>cum</strong></span> <span class='ocrx_word' id='word_1_338' title='bbox 1240 4186 1661 4249; x_wconf 75' lang='lat' dir='ltr'><strong>consulatibus</strong></span> <span class='ocrx_word' id='word_1_339' title='bbox 1700 4190 1892 4250; x_wconf 79' lang='lat' dir='ltr'><strong>simul</strong></span> <span class='ocrx_word' id='word_1_340' title='bbox 1916 4196 2103 4268; x_wconf 80' lang='lat' dir='ltr'><strong>atque</strong></span> <span class='ocrx_word' id='word_1_341' title='bbox 2132 4197 2393 4270; x_wconf 81' lang='lat' dir='ltr'><strong>utroque</strong></span> <span class='ocrx_word' id='word_1_342' title='bbox 2418 4212 2595 4254; x_wconf 76' lang='lat' dir='ltr'><strong>anno</strong></span> <span class='ocrx_word' id='word_1_343' title='bbox 2622 4191 2781 4254; x_wconf 78' lang='lat' dir='ltr'><strong>binos</strong></span> 
     </span>
     <span class='ocr_line' id='line_1_39' title="bbox 458 4290 2776 4374; baseline 0.005 -21"><span class='ocrx_word' id='word_1_344' title='bbox 458 4293 735 4354; x_wconf 77' lang='lat' dir='ltr'><strong>consules</strong></span> <span class='ocrx_word' id='word_1_345' title='bbox 775 4290 1090 4353; x_wconf 76' lang='lat' dir='ltr'><strong>substituit</strong></span> <span class='ocrx_word' id='word_1_346' title='bbox 1125 4292 1245 4355; x_wconf 76' lang='lat' dir='ltr'><strong>sibi</strong></span> <span class='ocrx_word' id='word_1_347' title='bbox 1281 4296 1352 4354; x_wconf 79' lang='lat' dir='ltr'><strong>in</strong></span> <span class='ocrx_word' id='word_1_348' title='bbox 1395 4304 1601 4357; x_wconf 80' lang='lat' dir='ltr'><strong>cemos</strong></span> <span class='ocrx_word' id='word_1_349' title='bbox 1644 4298 1999 4359; x_wconf 57' lang='lat' dir='ltr'><strong>mammos</strong></span> <span class='ocrx_word' id='word_1_350' title='bbox 2038 4316 2289 4374; x_wconf 79' lang='lat' dir='ltr'><strong>menses,</strong></span> <span class='ocrx_word' id='word_1_351' title='bbox 2332 4301 2425 4360; x_wconf 79' lang='lat' dir='ltr'><strong>ita</strong></span> <span class='ocrx_word' id='word_1_352' title='bbox 2472 4309 2551 4362; x_wconf 81' lang='lat' dir='ltr'><strong>ut</strong></span> <span class='ocrx_word' id='word_1_353' title='bbox 2592 4302 2776 4363; x_wconf 79' lang='lat' dir='ltr'><strong>medio</strong></span> 
     </span>
    </p>
   </div>
   <div class='ocr_carea' id='block_1_22' title="bbox 463 4400 2772 4491">
    <p class='ocr_par' dir='ltr' id='par_1_22' title="bbox 463 4400 2772 4491">
     <span class='ocr_line' id='line_1_40' title="bbox 463 4400 2772 4491; baseline 0.005 -31"><span class='ocrx_word' id='word_1_354' title='bbox 463 4408 730 4481; x_wconf 77' lang='lat' dir='ltr'><strong>tempore</strong></span> <span class='ocrx_word' id='word_1_355' title='bbox 771 4402 1020 4461; x_wconf 78' lang='lat' dir='ltr'><strong>comitia</strong></span> <span class='ocrx_word' id='word_1_356' title='bbox 1059 4404 1244 4464; x_wconf 81' lang='lat' dir='ltr'><strong>nulla</strong></span> <span class='ocrx_word' id='word_1_357' title='bbox 1281 4400 1581 4469; x_wconf 77' lang='lat' dir='ltr'><strong>habuerit.</strong></span> <span class='ocrx_word' id='word_1_358' title='bbox 1685 4401 1993 4488; x_wconf 81' lang='lat' dir='ltr'><strong>Quinque</strong></span> <span class='ocrx_word' id='word_1_359' title='bbox 2036 4424 2143 4469; x_wconf 88' lang='lat' dir='ltr'><strong>res</strong></span> <span class='ocrx_word' id='word_1_360' title='bbox 2188 4416 2435 4483; x_wconf 86' lang='lat' dir='ltr'><strong>narrat,</strong></span> <span class='ocrx_word' id='word_1_361' title='bbox 2494 4428 2662 4491; x_wconf 89' lang='lat' dir='ltr'><strong>quae</strong></span> <span class='ocrx_word' id='word_1_362' title='bbox 2702 4405 2772 4471; x_wconf 83' lang='lat' dir='ltr'><strong>ad</strong></span> 
     </span>
    </p>
   </div>
  </div>
 </body>
</html>
