2917 5017
778 352 861 401 De
898 352 1101 413 legibus
1140 349 1525 413 municipalibus
1561 348 1866 417 Hispanicis.
2351 338 2475 406 283

329 513 543 579 Mixta
578 514 783 599 igitur
826 511 1081 576 omnino
1120 522 1219 575 est
1258 509 1419 575 ratio
1460 508 1956 593 municipiorum
2001 520 2064 573 et
2107 508 2478 573 Malacitani

136 633 220 685 et
264 621 690 708 Salpensani‚
752 620 1011 703 duoque
1070 618 1399 681 hominum
1461 636 1700 702 genera
1755 626 1906 681 sunt
1961 616 2028 681 in
2071 617 2230 702 ipsis
2277 617 2476 683 decu·-

132 729 471 806 rionibus,
518 729 651 793 duo
692 730 759 793 in
803 725 1260 811 municipibus,
1306 726 1437 789 duo
1481 726 1550 789 in
1587 724 1846 789 incolis:
1897 726 2219 809 quomodo
2263 736 2477 790 autem

128 838 357 902 mixta
410 836 527 913 sit,
592 834 769 900 nulla
822 857 903 899 ex
954 856 1025 899 re
1082 844 1294 920 potest
1334 832 1606 917 intelligi
1647 832 2030 915 fallaturque
2072 854 2478 919 magnopere,

130 945 265 1029 qui
312 956 425 1008 aut
468 944 645 1008 cives
671 944 995 1007 Romanos
1038 953 1151 1006 aut
1190 942 1458 1007 Latinos
1497 941 1716 1026 plures
1757 941 1826 1005 in
1863 940 1942 1006 iis
1981 941 2186 1005 fuisse
2229 962 2310 1005 ex
2347 941 2478 1007 ullo

130 1054 385 1117 horum
428 1062 986 1117 monumentorum
1034 1051 1175 1115 loco
1222 1048 1375 1114 velit
1420 1049 1744 1134 colligere.
1829 1049 1966 1115 Iam
2007 1048 2072 1113 in
2113 1048 2344 1113 Latina
2387 1050 2478 1114 ci-

134 1160 388 1237 vitate,
450 1160 519 1223 in
573 1182 701 1243 qua
758 1171 821 1223 et
876 1159 987 1242 qui
1040 1158 1315 1222 honores
1370 1167 1704 1243 gesserant
1759 1156 2077 1222 civitatem
2124 1157 2478 1222 Romanam

132 1267 722 1351 consequebantur
776 1278 840 1331 et
900 1267 981 1333 ab
1032 1266 1212 1331 initio
1274 1268 1409 1331 fere
1469 1266 1832 1350 complures
1885 1265 2164 1331 familiae
2221 1265 2478 1331 civitate

134 1376 451 1439 Romana
488 1385 745 1440 ornatae
793 1375 1136 1440 admisceri
1176 1373 1502 1450 solebant,
1549 1386 1920 1438 consuetam
1962 1395 2228 1458 prorsus
2275 1373 2482 1438 fuisse

136 1484 322 1547 hanc
368 1483 649 1547 duorum
695 1506 1005 1569 generum
1048 1483 1421 1547 mixtionem
1467 1504 1659 1567 supra
1703 1481 2070 1566 expositum
2125 1492 2222 1545 est
2273 1503 2482 1566 neque

138 1618 305 1659 cum
362 1594 527 1679 ipsis
583 1592 1013 1657 monumentis
1070 1590 1416 1677 pugnabit,
1482 1591 1593 1675 qui
1655 1613 1804 1655 cum
1863 1590 2078 1655 omnia
2136 1588 2482 1673 municipia

138 1726 299 1767 esse
355 1702 649 1789 potuisse
706 1712 845 1764 tum
888 1700 1205 1765 Malacam
1252 1700 1760 1786 Salpensamque
1809 1699 2013 1763 fuisse
2059 1697 2276 1762 Latini
2319 1697 2480 1763 iuris

140 1822 419 1875 statuet.
524 1808 659 1875 Sed
707 1808 1024 1895 pugnabit
1065 1832 1212 1873 cum
1256 1808 1429 1871 omni
1474 1808 1846 1891 antiquitate
1887 1807 2178 1873 Romana
2215 1815 2279 1870 et
2323 1806 2480 1870 dum

140 1921 390 1983 harum
452 1917 815 1983 tabularum
876 1916 1239 1983 testimonia
1302 1940 1431 1981 non
1495 1917 1722 1992 violat,
1786 1914 2480 2000 praestantissimorum

144 2028 555 2112 scriptorum
592 2027 999 2092 auctoritates
1038 2036 1297 2091 evertet.
1376 2024 1636 2114 Quodsi,
1670 2048 1788 2089 nos
1827 2024 2002 2089 illam
2041 2023 2316 2088 civitatis
2347 2023 2481 2089 Ro-

142 2156 386 2199 manae
438 2145 501 2198 et
550 2134 915 2201 Latinitatis
976 2135 1413 2199 confusionem
1475 2133 1662 2196 etiam
1716 2133 1785 2196 in
1833 2133 1948 2209 iis,
2010 2155 2172 2217 quae
2225 2132 2482 2197 civitate

138 2245 449 2308 Romana
488 2253 747 2307 ornatae
796 2253 975 2307 erant
1016 2241 1213 2307 rebus
1258 2243 1568 2327 publicis,
1630 2264 1792 2326 quas
1835 2241 2090 2326 proprie
2135 2240 2486 2325 municipia

140 2349 469 2436 appellari
522 2351 737 2415 adhuc
788 2351 1182 2417 credidimus
1201 2398 1218 2427 ,
1278 2350 1544 2435 reperiri
1603 2350 2047 2425 docuerimus,
2107 2358 2484 2415 conservata

140 2460 659 2544 Hispanicarum
720 2459 1083 2525 tabularum
1134 2458 1512 2524 auctoritate
1567 2481 1646 2522 ne
1709 2458 1956 2542 reliqua
1993 2457 2256 2543 quidem
2301 2456 2482 2521 testi·-

142 2567 375 2631 monia
420 2567 753 2633 laedemus
800 2568 1181 2653 sublataque
1226 2567 1399 2631 omni
1441 2566 1847 2631 dissensione
1890 2567 2096 2653 ipsam
2147 2566 2326 2631 illam
2366 2587 2480 2632 ve-

142 2686 359 2739 terem
392 2674 474 2739 de
496 2676 995 2759 municipiorum
1016 2676 1157 2741 iure
1184 2675 1562 2740 sententiam
1587 2676 1908 2759 praeclare
1938 2674 2481 2740 confirmabimus.

324 2782 420 2847 Ut
464 2792 677 2847 autem
723 2782 803 2848 ab
847 2783 1077 2848 incolis
1116 2782 1599 2869 proficiscamur
1617 2828 1634 2857 ,
1679 2805 1790 2847 eos
1833 2793 2086 2848 constat
2127 2782 2480 2868 appellatos

144 2913 303 2955 esse
359 2890 638 2967 incolas,
697 2891 811 2975 qui
865 2892 930 2955 in
982 2914 1111 2975 qua
1150 2890 1482 2975 republica
1527 2901 2104 2966 commorarentur,
2169 2890 2310 2955 eius
2354 2912 2483 2955 non

146 3011 379 3065 essent
424 3001 621 3066 cives.
710 3000 861 3063 Hoc
904 3010 1119 3083 aperte
1162 2998 1404 3063 indicat
1444 2998 1653 3063 Gaius
1691 2999 1758 3062 in
1799 2998 1956 3081 Dig.
1984 3000 2067 3075 L,
2107 3002 2132 3063 1
2187 2997 2300 3075 (ad
2339 3020 2483 3063 mu-

142 3106 531 3195 nicipalem)
574 3107 686 3173 29:
756 3111 969 3169 Incola
1026 3117 1085 3169 et
1136 3108 1230 3169 his
1284 3108 1751 3187 veagistratibus
1783 3129 2010 3189 parere
2054 3108 2250 3183 debet,
2311 3109 2488 3188 apud

144 3240 306 3299 quos
346 3220 554 3279 incola
592 3227 710 3292 est,
768 3225 829 3277 el
872 3218 1035 3290 illis,
1080 3217 1255 3294 apud
1292 3238 1438 3297 quos
1479 3219 1628 3277 civis
1667 3227 1784 3292 est,
1831 3240 1943 3279 nec
1987 3226 2232 3279 tantum
2277 3220 2484 3281 mum·-

144 3328 356 3405 cipali
412 3326 835 3387 iurtkdictioni
890 3326 957 3385 in
1021 3332 1279 3403 atroque
1334 3326 1675 3404 municipio
1731 3325 2030 3389 subiectus
2083 3334 2172 3387 ost
2185 3372 2202 3401 ‚
2273 3346 2482 3387 verum

144 3437 348 3495 etiam
398 3430 677 3494 omnibus
714 3430 977 3511 publicis
1022 3431 1377 3493 muneribus
1400 3434 1621 3513 fungi
1659 3433 1829 3495 debet
1847 3484 1860 3510 ,
1923 3433 2342 3516 similiterque
2386 3444 2486 3499 est

146 3541 223 3605 in
270 3539 435 3605 Iust.
478 3536 642 3605 cod.
675 3538 770 3615 X,
819 3539 897 3605 39
942 3537 1055 3621 (de
1098 3537 1353 3621 incolis)
1400 3540 1473 3605 7:
1535 3542 1702 3606 Cives
1745 3544 1986 3621 quidem
2025 3546 2214 3622 origo,
2257 3564 2481 3605 mana-

148 3652 385 3723 missio‚
429 3650 673 3711 allectio
695 3649 793 3709 vel
812 3649 1079 3727 adoptio,
1120 3651 1356 3709 incolas
1397 3669 1536 3709 vero
1579 3651 1773 3725 (sicut
1805 3660 1864 3711 et
1901 3652 2076 3711 divus
2113 3653 2486 3713 Hadrianus

150 3759 353 3819 edicto
416 3775 523 3817 suo
576 3758 1077 3839 manifestissime
1126 3757 1500 3833 declaravit)
1554 3757 1932 3819 donni-ilium
1969 3759 2169 3840 facit.
2263 3758 2484 3840 Quare

154 3864 215 3928 si
256 3861 445 3927 cuius
488 3861 711 3947 oppidi
754 3884 911 3947 ager
938 3862 1135 3927 latius
1159 3873 1335 3946 patet
1362 3885 1439 3927 ac
1465 3876 1718 3948 praeter
1743 3866 2054 3951 oppidum
2081 3866 2297 3952 ipsum
2324 3868 2484 3943 fora,

156 3970 585 4037 conciliabula
600 4016 619 4046 ,
682 3970 861 4037 vicos
912 3970 1385 4057 complectitur,
1450 3971 1564 4056 qui
1619 3994 1696 4037 ea
1748 3972 2035 4039 incolunt
2051 4022 2068 4051 ‚
2132 3974 2486 4041 dummodo

156 4080 433 4146 eandem
472 4077 748 4145 habeant
787 4079 1136 4164 originem,
1200 4102 1327 4144 non
1369 4080 1614 4145 incolae
1661 4082 1802 4147 eius
1841 4082 2062 4168 oppidi
2109 4094 2260 4149 sunt
2278 4130 2296 4160 ‚
2368 4084 2484 4149 sed

156 4189 337 4253 cives
379 4187 579 4271 idque
622 4198 895 4254 testatur
935 4186 1261 4271 Ulpianus
1303 4186 1461 4273 Dig.
1487 4188 1568 4265 L,
1603 4192 1657 4265 1,
1696 4189 1806 4255 30:
1872 4196 1983 4274 qui
2020 4214 2098 4257 ea·
2139 4196 2270 4255 vico
2312 4202 2486 4257 ortus

156 4308 275 4374 est,
332 4320 471 4361 eam
516 4301 801 4377 patriam
854 4298 1237 4376 intellegitur
1288 4296 1508 4358 habere
1525 4342 1542 4370 ,
1600 4302 1708 4359 cui
1751 4299 2124 4381 reipublicae
2169 4304 2338 4363 vicus
2379 4304 2486 4364 ille

156 4408 499 4488 respondet.
586 4403 920 4479 Efficitur,
965 4414 1068 4479 ut,
1112 4402 1225 4487 qui
1266 4402 1556 4469 Malacae
1603 4418 1992 4471 mercaturae
2005 4450 2024 4481 ,
2067 4428 2258 4493 quam
2301 4408 2368 4473 in
2409 4428 2484 4475 eo
