2917 5017
469 316 594 383 320
1078 321 1163 370 Dc
1199 320 1402 383 legibus
1436 318 1831 383 municipalibus
1864 319 2177 383 Hispanicis.

469 483 852 569 cognomine
925 492 1256 547 auctorem
1313 478 1592 543 civitatis
1648 478 1989 564 significet.
2068 480 2175 545 De
2223 480 2387 547 vicis
2442 492 2559 545 aut
2614 481 2811 567 pagis

467 591 535 654 in
591 589 992 675 respublicas
1049 600 1161 653 aut
1211 587 1751 653 Malacitanorum
1808 600 1919 652 aut
1964 584 2513 674 Salpensanorum
2559 590 2811 654 contri-

473 698 650 763 butis
705 696 870 761 nihil
909 697 1205 773 traditur,
1257 718 1468 781 neque
1509 696 1579 759 id
1627 696 1695 759 in
1751 697 1875 762 hoc
1928 708 1991 761 et
2036 698 2416 783 scriptorum
2450 708 2525 762 -et
2570 720 2812 762 monu-

469 818 830 872 mentorum
877 806 1128 871 silentio
1167 805 1400 870 mirum
1445 815 1564 879 est,
1610 803 1725 869 sed
1766 805 2037 869 aliorum
2080 805 2585 892 municipiorum
2626 806 2811 869 simi-

464 915 672 981 litudo
717 914 892 989 facit,
933 924 1004 977 ut
1048 913 1252 977 fuisse
1283 913 1536 998 aliquos
1578 912 1979 978 contributos
2025 936 2265 998 eosque
2306 914 2615 980 inferiore
2664 916 2811 978 iure

465 1047 624 1089 usos
679 1046 824 1089 esse
881 1023 966 1087 sit
1010 1020 1359 1107 probabile.

636 1132 804 1197 Tota
845 1131 1048 1217 igitur
1088 1153 1192 1195 res
1241 1130 1336 1194 sic
1377 1140 1521 1194 acta
1564 1140 1697 1205 est3
1742 1130 1967 1215 paucis
2008 1131 2182 1196 enim
2212 1131 2554 1215 complecti
2598 1131 2809 1207 iuvat,

465 1264 631 1327 quae
677 1264 872 1326 supra
915 1239 1220 1304 diffusius
1261 1238 1591 1321 disputata
1636 1249 1808 1303 sunt.
1896 1234 2070 1304 Cum
2119 1239 2494 1305 Malacitani
2540 1250 2610 1303 et
2656 1238 2807 1303 Sal-

465 1349 732 1437 pensani
779 1349 1174 1413 foederatam
1224 1346 1547 1410 civitatem
1593 1345 1904 1411 haberent
1946 1348 2456 1432 coniunctosque
2498 1370 2655 1413 cum
2702 1372 2805 1411 re-

465 1456 728 1543 publica
789 1479 908 1521 sua
963 1455 1236 1541 populos
1287 1454 1653 1530 nonnullos,
1713 1476 1793 1518 ex
1850 1456 2089 1541 quibus
2146 1454 2425 1541 vectigal
2471 1470 2806 1542 caperent,

466 1566 626 1631 haec
672 1567 884 1631 fuerat
921 1587 1144 1630 eorum
1191 1563 1341 1627 olim
1389 1563 1573 1638 rati0,
1621 1572 1697 1625 ut
1739 1562 2031 1647 antiquas
2066 1586 2217 1629 suas
2256 1564 2435 1649 leges
2463 1563 2805 1639 haberent,

467 1696 548 1740 ex
597 1673 858 1759 quibua,
898 1673 1008 1756 qui
1053 1670 1402 1737 contributi
1455 1683 1655 1748 erant,
1700 1672 1766 1736 in
1811 1672 2053 1736 nullam
2096 1670 2491 1757 reipublicae
2546 1686 2809 1759 partem

466 1782 778 1858 venirent,
823 1782 1072 1867 solique
1109 1781 1219 1865 qui
1263 1780 1440 1845 cives
1483 1780 1588 1845 vel
1615 1779 1985 1846 Malacitani
2038 1782 2143 1845 vel
2170 1777 2551 1865 Salpensani
2592 1791 2807 1857 erant,

467 1904 532 1956 et
554 1892 814 1956 comitia
842 1890 1151 1955 haberent
1175 1900 1240 1953 et
1263 1889 1682 1973 magistratus
1706 1900 2021 1975 gererent.
2048 1888 2418 1972 Iisdemque
2438 1890 2507 1952 in
2530 1888 2806 1973 legibus

467 2000 778 2085 scriptum
809 2007 946 2065 erat
983 1998 1142 2084 quid
1178 1997 1487 2063 Romanis
1528 2018 1609 2061 ex
1640 1997 1895 2062 foedere
1929 2008 2346 2083 praestarent,
2386 2019 2611 2072 naves,
2656 1997 2804 2082 opi·
2874 1978 2876 2025 ³

465 2130 599 2184 nor,
629 2108 732 2173 vel
767 2107 1128 2193 pecuniam.
1167 2107 1340 2171 Tum
1367 2104 1606 2173 accidit
1632 2105 1801 2170 bello
1826 2108 2021 2184 civili,
2054 2117 2131 2171 ut
2162 2107 2510 2192 imperator
2535 2105 2803 2190 Vespa-

466 2217 686 2282 sianus
707 2216 1122 2281 Latinitatem
1149 2216 1583 2301 stipendiariis
1605 2215 1917 2301 Hispanis
1940 2216 2216 2281 offerret.
2246 2214 2411 2279 Eam
2431 2214 2560 2299 ipsi
2582 2214 2803 2278 Mala-

465 2326 657 2389 citani
711 2334 776 2389 et
823 2323 1204 2411 Salpensani
1252 2336 1780 2411 contempserunt
1838 2325 2161 2400 nimirum,
2211 2324 2432 2409 populi
2486 2323 2567 2388 iis
2612 2324 2799 2387 attri-

463 2432 604 2497 buti
647 2442 865 2497 utrum
911 2433 1274 2518 acceperint
1317 2456 1521 2498 necne
1568 2456 1797 2519 parum
1849 2434 2144 2508 interest3
2192 2454 2337 2496 nam
2384 2431 2642 2497 etiamsi
2690 2454 2801 2496 ac-

463 2552 802 2627 ceperunt,
867 2552 1109 2615 tamen,
1188 2541 1340 2626 quia
1407 2543 1648 2606 nullam
1708 2540 2134 2605 Malacitanae
2213 2550 2277 2604 et
2349 2538 2799 2625 Salpensanae

462 2648 858 2733 reipublicae
897 2660 1139 2733 partem
1171 2648 1517 2726 habebant,
1545 2671 1753 2733 neque
1788 2648 1871 2713 ad
1903 2649 2179 2713 honores
2208 2648 2547 2735 pervenire
2582 2670 2799 2732 neque
2872 2724 2874 2727 Α

463 2757 784 2822 civitatem
851 2757 1205 2823 Romanam
1270 2758 1577 2842 consequi
1644 2768 1957 2843 poterant.
2061 2754 2215 2839 Quo
2280 2768 2569 2841 tempore
2628 2778 2797 2841 quae
2872 2740 2874 2777 ⁴

461 2887 678 2930 rerum
726 2865 1133 2951 publicarum
1177 2866 1436 2930 illarum
1482 2865 1776 2932 condicio
1816 2866 2029 2942 fuerit,
2070 2876 2351 2951 apparet.
2412 2864 2579 2929 Nam
2626 2888 2797 2950 quae

459 2972 526 3036 in
582 2974 662 3038 iis
725 2974 986 3040 diversa
1040 2974 1371 3039 hominum
1432 2996 1673 3061 genera
1724 2976 1998 3051 fuerant,
2056 2973 2400 3038 manebant
2452 2973 2599 3037 iure
2656 2974 2795 3037 dis-

457 3081 695 3146 iuncta.
755 3080 1024 3148 Veteres
1069 3083 1244 3148 cives
1305 3104 1559 3147 omnem
1614 3082 1893 3147 civitatis
1948 3091 2328 3167 potestatem
2372 3080 2797 3166 pertinaciter
2870 3112 2872 3165 2

461 3189 849 3267 retinebant,
911 3190 1164 3275 reliqui,
1221 3192 1521 3274 quoniam
1584 3190 1931 3255 Latinitate
1990 3201 2253 3275 accepta
2322 3189 2406 3253 ad
2462 3189 2793 3253 civitatem
2870 3238 2872 3273 Ξ

461 3296 816 3361 Romanam
873 3306 1074 3383 prope
1135 3299 1376 3364 admoti
1437 3309 1618 3363 erant
1640 3344 1655 3373 ,
1712 3298 2011 3383 privatim
2070 3300 2271 3362 multa
2328 3320 2396 3361 se
2453 3296 2795 3361 commoda

459 3404 696 3470 habere
737 3406 1181 3491 intelligebant
1223 3430 1428 3494 eoque
1471 3407 1679 3491 magis
1716 3408 1891 3470 omni
1919 3406 2309 3491 reipublicae
2336 3406 2791 3471 communione

461 3535 532 3577 se
569 3513 898 3599 prohiberi
951 3514 1475 3601 indignabantur.
1543 3516 1763 3600 Atque
1805 3527 1939 3580 erat
1979 3515 2153 3601 quod
2194 3516 2634 3579 irascerentur
2670 3514 2789 3577 im-

457 3633 942 3707 peratoremque
1011 3622 1312 3709 precibus
1371 3621 1640 3688 adirent.
1734 3622 1954 3705 Quare
2006 3624 2203 3710 paulo
2261 3632 2407 3708 post
2463 3622 2787 3687 Domitia-

457 3750 606 3805 nus,
651 3741 724 3794 ut
763 3731 1278 3815 inaequalitatem
1325 3752 1491 3815 quae
1538 3732 1833 3797 extiterat
1870 3732 2138 3807 tolleret,
2180 3730 2507 3795 civitatem
2544 3730 2785 3795 Roma-

457 3859 601 3901 nam
649 3839 882 3904 obtulit
924 3839 1004 3903 iis
1043 3839 1154 3922 qui
1198 3839 1507 3904 foederati
1536 3842 1824 3916 fuerant3
1868 3862 2013 3905 nam
2042 3860 2151 3903 eos
2176 3838 2288 3923 qui
2312 3839 2508 3903 modo
2534 3838 2787 3903 Latini-

459 3956 654 4010 tatem
693 3957 1090 4032 acceperant,
1129 3946 1345 4012 denuo
1383 3948 1669 4033 praemio
1710 3948 1879 4013 affici
1927 3946 2155 4011 inutile
2187 3959 2343 4010 erat.
2402 3947 2505 4012 Ita
2545 3948 2787 4033 oppida

459 4064 523 4118 et
577 4054 731 4139 quia
781 4055 958 4139 quod
1002 4055 1422 4140 praecipuum
1468 4056 1536 4120 in
1579 4057 1657 4121 iis
1704 4067 1841 4121 erat
1884 4054 2216 4119 hominum
2268 4077 2479 4141 genus
2526 4055 2781 4119 civitate

456 4161 746 4226 Romana
786 4161 1106 4239 utebatur,
1146 4163 1495 4249 municipia
1536 4185 1711 4229 more
1754 4164 2046 4229 Romana
2096 4164 2267 4228 facta
2310 4173 2461 4227 sunt
2508 4173 2573 4227 et
2618 4162 2779 4226 duo-

455 4270 582 4335 bus
621 4281 834 4335 tamen
891 4270 1224 4335 hominum
1269 4272 1620 4357 generibus
1668 4271 2069 4348 constabant,
2121 4293 2398 4356 quorum
2443 4294 2651 4335 unum
2702 4292 2777 4335 ex
