2917 5017
449 280 576 347 220
1107 284 1192 333 De
1227 284 1489 333 dictatoris
1528 281 1766 332 Caesaris
1806 281 2107 331 honoribus,

449 450 562 534 qui
605 449 830 515 eadem
877 447 1329 513 consulatuum
1369 445 1917 510 numerandorum
1950 443 2195 509 ratione
2220 467 2385 510 usus
2417 454 2531 521 est,
2572 468 2731 529 quam
2839 477 2845 532 '1

449 558 516 622 in
562 557 746 622 fastis
793 556 1359 642 deprehendimus.
1429 554 1690 619 Etenim
1732 552 1877 617 libr.
1900 550 2163 629 XLIII,
2192 552 2293 630 46,
2332 576 2523 637 quem
2555 554 2733 619 locum

453 687 650 750 supra
697 665 1066 741 citavimus,
1127 664 1303 749 quod
1361 684 1529 727 anno
1572 662 1651 726 45
1706 661 1987 746 primum
2038 662 2279 725 factum
2328 684 2473 727 esse
2530 664 2735 739 scribit,

449 784 544 850 ut,
587 774 700 857 qui
743 773 970 837 consul
1011 784 1212 849 esset,
1277 795 1395 837 sua
1443 780 1669 856 sponte
1709 793 1849 835 sese
1892 770 2272 856 magistratu
2314 770 2659 847 abdicaret,
2696 772 2739 835 si

451 880 710 946 biennio
751 891 896 945 ante
935 879 1200 946 Caesari
1241 878 1525 944 Calenus
1566 890 1630 943 et
1668 878 1969 943 Vatinius
2008 878 2177 943 intra
2218 878 2499 943 eundem
2536 902 2740 943 annum
2831 825 2851 960 1

453 989 936 1065 successissent,
981 990 1262 1055 scribere
1305 1010 1432 1053 non
1471 988 1805 1073 potuisset.
1880 986 2241 1071 Incipiebat
2281 986 2485 1072 igitur
2516 986 2741 1051 tertium
2834 971 2842 1076 Ι

453 1099 858 1163 consulatum
901 1119 1069 1161 anno
1111 1097 1192 1163 46
1212 1145 1229 1174 ,
1290 1120 1421 1182 quo
1466 1095 1653 1161 nemo
1700 1096 2011 1161 suffectus
2058 1104 2188 1170 est,
2248 1105 2590 1180 apertaque
2630 1094 2744 1159 eius

455 1219 609 1273 sunt
669 1206 868 1271 verba
921 1205 1066 1270 libr.
1111 1206 1387 1283 XLIII,
1445 1209 1474 1269 1
1550 1203 1655 1289 Τῷ
1699 1206 1767 1267 δὲ
1816 1204 2099 1289 ἐχομένῳ
2148 1202 2271 1266 ἔτει
2314 1206 2417 1267 καὶ
2465 1203 2744 1267 ἐδικτατώ·
2841 1220 2851 1295 1ζ

455 1340 668 1401 ρευσεν
716 1319 844 1399 ἅμα
881 1317 983 1379 καὶ
1029 1316 1362 1392 ὑπάτευσε,
1411 1316 1605 1400 τρίτον
1652 1315 1960 1395 ἑκάτερον,
2008 1317 2116 1375 τοῦ
2157 1312 2427 1375 Λεπίδου
2479 1312 2537 1373 οἱ
2578 1312 2744 1393 ἀμφο-
2837 1298 2850 1388 4}

452 1426 650 1509 τέροις
691 1424 1121 1507 συνάρξαντοςς
1167 1424 1469 1506 idemque
1508 1422 1651 1487 libr.
1678 1420 1906 1498 XLII,
1934 1419 2035 1498 55,
2080 1442 2209 1505 quo
2254 1442 2423 1484 anno
2468 1414 2746 1483 Calenum
2843 1496 2845 1505 y

453 1544 518 1599 et
554 1533 888 1597 Vatinium
929 1532 1228 1597 consules
1267 1531 1569 1608 collocat,
1617 1550 1693 1593 eo
1730 1529 1993 1593 alteram
2030 1526 2331 1593 Caesaris
2372 1527 2749 1600 dictaturam,
2843 1546 2850 1607 3

455 1642 568 1705 sed
613 1641 864 1705 nullum
911 1640 1314 1705 consulatum
1357 1647 1832 1703 commemorat.
1916 1637 2049 1701 Hic
2093 1637 2295 1723 igitur
2339 1659 2492 1702 cum
2534 1635 2751 1699 nullum
2838 1626 2851 1716 lg

451 1750 518 1821 in
561 1748 748 1813 fastis
789 1770 1073 1813 errorem
1115 1747 1515 1834 deprehendi
1558 1756 1807 1811 constet
1850 1745 2297 1831 dissensioque
2325 1768 2479 1811 cum
2504 1743 2751 1809 nummis
2848 1789 2850 1824 3

453 1857 724 1941 aliisque
761 1856 1134 1921 auctoribus
1180 1866 1400 1941 aperta
1443 1856 1545 1929 sit,
1591 1854 1959 1919 necessario
2004 1877 2081 1919 eo
2126 1854 2552 1931 deducemur,
2596 1864 2664 1919 ut
2696 1876 2753 1917 ea
2835 1735 2846 1979 1

452 1966 771 2029 rationum
824 1964 1194 2029 diversitate
1212 2012 1230 2042 ,
1287 1987 1484 2049 quam
1530 1986 1728 2047 supra
1774 1962 2194 2049 exposui-mus
2214 2012 2232 2041 ,
2281 1963 2453 2029 hanc
2498 1963 2752 2028 extitisse
2848 2008 2851 2043 3

453 2074 953 2158 discrepantiam
999 2096 1398 2138 censeamus.
2841 2084 2850 2161 32

621 2182 760 2245 Iam
801 2192 1074 2245 exeunte
1109 2203 1278 2246 anno
1321 2180 1398 2245 47
1441 2179 1713 2245 dictator
1748 2191 1885 2245 erat
1924 2177 2187 2257 Caesar,
2230 2203 2435 2265 eaque
2472 2188 2753 2267 potestate
2836 2225 2851 2261 ,Ξ

453 2298 792 2355 contentus
846 2290 1034 2355 facile
1087 2312 1192 2355 res
1237 2289 1515 2355 urbanas
1567 2289 2085 2366 administrabat3
2156 2290 2240 2354 ad
2281 2290 2527 2355 bellum
2572 2300 2755 2353 autem
2834 2263 2850 2404 1

452 2399 630 2484 quod
672 2399 952 2464 instabat
973 2398 1354 2464 Africanum
1401 2398 1557 2463 satis
1602 2398 1889 2462 munitus
1928 2408 2067 2463 erat
2106 2422 2185 2464 eo
2224 2400 2387 2475 iure,
2430 2400 2611 2483 quod
2640 2408 2757 2485 post
2843 2420 2851 2480 ς

453 2530 740 2591 pugnam
785 2507 1222 2571 Pharsalicam
1267 2528 1651 2572 concessum
1710 2528 1855 2571 esse
1914 2507 2138 2573 scribit
2194 2508 2327 2573 Dio
2368 2508 2612 2584 XLII,
2668 2506 2755 2572 20:
2835 2523 2851 2595 ζ

454 2616 555 2677 καὶ
597 2614 888 2697 πολέμων
931 2616 1032 2678 καὶ
1060 2616 1302 2699 εἰρήνης
1339 2614 1545 2698 κύριον
1590 2616 1900 2699 προφάσει
1941 2622 2059 2677 τῶν
2106 2616 2167 2679 ἐν
2206 2623 2285 2699 τῇ
2312 2616 2591 2702 Ἀφρικῄ
2628 2638 2759 2677 συνι·
2839 2598 2851 2665 ἶ.

457 2721 773 2805 σταμένων
827 2724 979 2807 πρὸς
1037 2724 1264 2790 πάντας
1320 2723 1688 2805 ἀνθρώπους
1750 2722 2071 2793 ἀπέδειξαν
2134 2724 2353 2801 αὐτὸν,
2418 2722 2531 2809 κᾷν
2594 2724 2759 2805 μηδὲν
2848 2770 2851 2807 3

459 2830 610 2912 μήτε
669 2830 756 2913 τῷ
815 2832 994 2915 δήμῳ
1055 2834 1206 2914 μήτε
1261 2829 1337 2913 τῇ
1392 2830 1593 2916 βουλῇ
1640 2830 1779 2915 περὶ
1829 2830 2029 2895 αὐτῶν
2078 2835 2469 2914 κοινώσηται.
2564 2831 2759 2913 Quare

457 2960 606 3003 cum
649 2950 912 3023 urgeret
944 2938 1209 3016 bellum,
1249 2962 1376 3003 non
1417 2948 1753 3024 expectato
1790 2939 1940 3003 anni
1970 2939 2051 3005 46
2092 2938 2275 3003 initio
2315 2962 2396 3004 ex
2434 2940 2599 3007 urbe
2632 2962 2757 3027 pro-

454 3048 665 3112 fectus
727 3059 856 3123 est;
919 3072 1066 3114 nam
1109 3058 1334 3113 auctor
1378 3046 1527 3113 bell.
1570 3046 1776 3112 Afric.
1821 3068 1875 3111 c.
1926 3051 1949 3111 1
2004 3071 2153 3112 eum
2200 3070 2255 3113 a.
2298 3047 2367 3113 d.
2407 3049 2587 3115 XIV
2630 3048 2757 3113 Kal.

453 3156 590 3221 Ian.
631 3154 1020 3239 Lilybaeum
1058 3156 1434 3241 pervenisse
1474 3167 1544 3222 ⁴et
1586 3180 1645 3220 a.
1686 3156 1751 3219 d.
1797 3155 1895 3220 VI
1935 3156 2087 3221 Kal.
2128 3157 2265 3222 Ian.
2308 3156 2463 3223 inde
2510 3158 2758 3223 solvisse
2848 3218 2850 3221 Α

457 3264 680 3329 scribit
717 3263 1006 3349 ipsisque
1038 3264 1189 3328 Kal.
1213 3264 1350 3329 Ian.
1387 3264 1456 3327 in
1497 3265 1727 3329 castris
1770 3265 1853 3329 ad
1876 3262 2238 3349 Ruspinam
2281 3265 2488 3339 fuisse
2536 3269 2622 3349 (c.
2652 3265 2757 3344 16).
2847 3310 2850 3347 3

457 3370 799 3453 Quomodo
841 3370 1044 3458 igitur
1079 3374 1323 3439 factum
1365 3384 1495 3449 est,
1556 3384 1631 3437 ut
1672 3374 2043 3439 consulatus
2086 3374 2228 3439 eius
2278 3374 2348 3439 in
2388 3374 2577 3441 fastis
2630 3396 2757 3459 per-
2845 3416 2850 3457 >2

455 3480 890 3545 scriberetur?
967 3482 1127 3547 Ideo
1143 3529 1161 3560 ,
1205 3492 1279 3545 ut
1321 3482 1583 3567 opinor,
1642 3482 1821 3567 quod
1860 3482 2161 3567 quamvis
2204 3480 2437 3548 absens
2480 3484 2601 3549 rite
2641 3506 2757 3547 ma-

454 3586 794 3674 gistratum
845 3590 990 3655 iniit
1045 3591 1312 3675 eiusque
1371 3590 1657 3675 insignia
1712 3592 2069 3677 usurpavit.
2178 3591 2589 3676 Quamquam
2646 3614 2758 3657 non

451 3698 712 3763 invenio
757 3698 1014 3763 comitia
1057 3698 1542 3763 commemorari
1558 3744 1575 3775 ,
1630 3698 1872 3783 quibus
1920 3701 2147 3765 consul
2188 3700 2403 3765 factus
2448 3701 2531 3765 sit
2544 3726 2563 3779 ;
2627 3722 2757 3765 nam

453 3806 586 3872 Dio
625 3806 852 3884 XLII,
902 3808 976 3873 51
1032 3806 1446 3893 magistratus
1490 3807 1601 3871 ille
1644 3808 1910 3891 quidem
1960 3807 2050 3873 ait
2102 3807 2359 3873 curules
2412 3808 2481 3873 in
2538 3829 2753 3873 annum

455 3914 538 3980 46
581 3926 827 3981 creatos
869 3938 1046 3991 esse,
1109 3916 1226 3980 sed
1269 3916 1570 3981 consules
1614 3938 1745 3980 non
1785 3916 2101 4001 nominat,
2157 3928 2231 3982 ut
2273 3918 2585 3984 incertum
2628 3936 2753 3981 esse

451 4023 658 4110 possit
673 4070 692 4099 ,
753 4034 974 4089 utrum
1019 4023 1160 4109 ipse
1218 4023 1394 4088 hunc
1449 4024 1600 4088 anni
1642 4024 1723 4089 46
1774 4025 2035 4091 tertium
2090 4026 2494 4092 consulatum
2544 4047 2621 4090 ex
2657 4022 2753 4087 illa

453 4132 922 4219 designatione,
963 4154 1112 4197 cum
1149 4142 1404 4197 mortuo
1437 4132 1751 4218 Pompeio
1794 4133 1852 4197 ei
1886 4133 1953 4198 in
1991 4134 2501 4220 quinquennium
2536 4153 2751 4199 consu·

453 4239 624 4305 latus
671 4240 972 4306 decretus
1013 4251 1181 4317 erat,
1225 4240 1440 4305 inierit
1482 4263 1563 4305 an
1606 4242 1793 4306 novis
1838 4242 2113 4309 comitiis
2154 4244 2388 4309 factus.
2452 4240 2749 4328 Equidem

455 4371 608 4415 vere
657 4350 912 4416 comitia
953 4350 1172 4416 habita
1211 4370 1356 4415 esse
1400 4348 1679 4415 arbitror
1724 4350 1981 4416 duabus
2038 4350 2119 4418 de
2166 4352 2400 4418 causis.
2482 4351 2745 4417 Primum
