2917 5017
437 289 558 355 120
1089 292 1174 342 De
1211 291 1384 342 Gallia
1418 293 1771 344 Romanorum
1810 292 2087 358 provincia.
2807 174 2812 250 1

425 459 676 544 Ἀλβίαν
740 454 1000 542 μηδενός
1058 455 1116 518 οἱ
1182 453 1645 539 ἐναντιουμένου
1704 455 1919 541 διαβὰς
1980 455 2183 542 φιλίαν
2242 479 2308 519 τε
2362 460 2491 524 τοῖς
2548 456 2733 538 ἐκείνῃ
2814 374 2818 506 1ι

435 568 762 652 βαρβάροις
814 564 1098 628 συνέθετο
1155 565 1254 628 καὶ
1299 565 1509 650 βωμὸν
1558 562 1653 626 ἐπ’
1704 563 1891 628 αὐτοῦ
1936 569 2025 649 τῶ
2064 563 2395 648 Αὐγούστῳ
2444 564 2738 647 ἱδρύσατο.
2818 579 2820 586 '

433 674 568 738 τότε
615 675 684 737 δὲ
731 673 882 758 πρός
921 695 986 736 τε
1030 673 1130 735 τὸν
1163 669 1385 755 Ῥῆνον
1433 673 1745 756 μετελθὼν
1788 675 1889 737 καὶ
1924 671 2289 740 ἐκπεσόντας
2330 669 2612 739 τινὰςΧε
2584 670 2737 753 ρού-
2820 679 2822 688 “

437 805 595 846 σκων
637 783 996 863 καταγαγεῖν
1038 779 1116 841 δι’
1157 779 1382 864 ἑτέρων
1421 778 1724 864 ἐθελήσας
1760 781 2135 865 ἐδυστύχησε
2164 781 2266 844 καὶ
2290 783 2743 862 καταφρονῆσαι
2822 775 2824 788 ³

437 895 608 975 σφῶν
647 890 747 952 καὶ
787 888 928 956 τοὺς
965 887 1192 957 ἄλλους
1236 889 1584 973 βαρβάρους
1630 889 1934 972 ἐποίησεν.
2022 887 2213 953 Duae
2257 888 2323 952 in
2361 887 2465 952 his
2508 887 2743 950 discer-
2824 877 2826 888 ⁵

431 1005 676 1060 nuntur
728 995 808 1059 L.
849 995 1120 1059 Domitii
1164 994 1603 1080 expeditiones
1622 1044 1639 1073 ,
1699 997 1867 1062 duae
1913 995 2277 1082 provinciae
2296 1043 2313 1072 ,
2364 1019 2645 1080 quarum
2688 995 2747 1057 in
2826 978 2828 980 ’

433 1105 644 1191 priore
700 1127 847 1170 cum
901 1115 1104 1181 esset,
1159 1115 1222 1168 et
1263 1103 1488 1170 Albim
1540 1103 1791 1170 transiit
1846 1113 1909 1168 et
1956 1102 2229 1168 feliciter
2278 1102 2635 1190 pugnavit,
2690 1103 2748 1165 in

432 1213 629 1278 altera
653 1235 801 1278 cum
827 1209 1308 1276 Cheruscorum
1343 1213 1567 1277 exules
1601 1212 1913 1277 reducere
1951 1211 2161 1287 vellet,
2200 1211 2505 1277 Rhenum
2542 1226 2744 1274 trans-

431 1343 698 1407 gressus
741 1343 972 1407 parum
1005 1342 1310 1407 prospere
1349 1343 1485 1386 rem
1528 1320 1749 1406 gessit.
1818 1318 1986 1384 Nam
2031 1319 2225 1385 unius
2269 1329 2441 1386 certe
2487 1318 2744 1405 provin-

433 1429 568 1494 ciae
613 1451 756 1494 esse
799 1451 927 1492 non
970 1440 1266 1515 possunt,
1309 1451 1473 1513 quae
1514 1452 1551 1492 a
1590 1429 1805 1494 Dione
1848 1438 2209 1505 narrant-ur,
2254 1428 2367 1513 qui
2406 1450 2563 1492 cum
2604 1426 2751 1490 dicit

435 1561 582 1603 eum
625 1559 756 1623 quo
799 1547 1086 1624 tempore
1126 1537 1386 1623 populis
1423 1537 1508 1601 ad
1545 1538 1788 1602 Istrum
1828 1537 2191 1621 imperaret,
2232 1559 2379 1602 cum
2418 1537 2752 1600 Hermun-

433 1646 616 1710 duris
662 1646 937 1712 feliciter
973 1667 1324 1731 pugnasse,
1369 1645 1549 1710 haud
1592 1645 1791 1712 dubie
1829 1645 2018 1710 aliam
2047 1667 2191 1709 esse
2220 1644 2549 1729 significat
2586 1643 2753 1708 illam

434 1756 850 1841 provinciam,
899 1777 1062 1839 quae
1107 1753 1191 1818 ad
1230 1754 1475 1818 Istrum
1519 1765 1685 1830 erat,
1732 1754 1941 1830 aliam,
1988 1777 2069 1818 ex
2112 1777 2242 1838 qua
2281 1752 2593 1818 Rhenum
2634 1766 2753 1816 tra-

431 1864 600 1929 iecit.
681 1862 1111 1949 Triumphum
1162 1873 1375 1927 autem
1429 1874 1601 1928 certe
1660 1862 1741 1926 L.
1784 1863 2113 1928 Domitius
2174 1862 2243 1926 in
2300 1884 2377 1926 ea
2424 1860 2757 1947 provincia

433 1972 708 2058 adeptus
767 1983 892 2049 est,
959 1971 1028 2034 in
1071 1993 1202 2054 qua
1246 1970 1410 2036 bene
1453 1994 1591 2036 rem
1634 1981 1953 2057 gesserat,
2011 1970 2051 2034 i.
2096 1993 2151 2035 e.
2194 1970 2261 2033 in
2298 1969 2537 2054 priore.
2628 1967 2755 2032 Sed

432 2102 599 2164 quae
651 2080 910 2144 tandem
963 2078 1143 2143 erat?
1223 2078 1388 2142 Tres
1443 2078 1704 2143 omnino
1754 2089 1910 2143 tunc
1958 2089 2139 2144 erant
2190 2077 2272 2142 ad
2310 2077 2558 2142 Istrum
2610 2099 2755 2163 pro-

432 2188 706 2263 vinciae,
751 2186 1033 2263 Moesia,
1079 2186 1442 2270 Illyricum,
1489 2186 1961 2272 Lugdunensis
2003 2183 2239 2263 Gallia,
2284 2185 2443 2250 haec
2488 2186 2756 2272 quidem

435 2294 791 2360 secundum
835 2317 946 2371 ea,
991 2317 1156 2380 quae
1199 2318 1396 2381 supra
1433 2319 1475 2360 a
1508 2295 1695 2361 nobis
1738 2295 2029 2382 exposita
2067 2305 2237 2371 sunt,
2284 2317 2496 2380 nuper
2531 2295 2754 2359 admo·

435 2403 590 2467 dum
613 2401 840 2468 Raetia
880 2402 1170 2468 subiecta
1207 2415 1336 2468 tam
1381 2405 1508 2469 late
1546 2415 1915 2490 propagata.
1994 2404 2133 2468 Iam
2177 2402 2345 2466 duae
2390 2402 2541 2468 illae
2588 2413 2755 2468 certe
2854 2384 2858 2490 Ἰ

435 2511 564 2576 dici
625 2515 987 2594 nequeunt3
1061 2534 1140 2576 ex
1197 2511 1435 2596 quibus
1495 2523 1559 2577 et
1602 2536 1715 2596 per
1756 2514 2009 2599 ignotas
2055 2533 2323 2598 prorsus
2368 2521 2601 2596 gentes
2642 2512 2758 2576 iter

435 2630 570 2684 erat
615 2620 699 2684 ad
741 2617 965 2684 Albim
1007 2628 1072 2681 et
1111 2621 1224 2705 qui
1267 2624 1599 2709 profectus
1640 2633 1840 2699 esset,
1888 2621 1998 2685 vix
2045 2620 2369 2685 diceretur
2411 2617 2759 2685 Germani-

439 2751 586 2794 cum
649 2727 889 2792 bellum
945 2728 1248 2814 gessisse.
1345 2731 1573 2816 Neque
1616 2730 1830 2796 afferri
1874 2728 2069 2794 debet
2114 2729 2479 2815 exemplum
2526 2729 2755 2804 Drusi,

437 2859 630 2922 quem
654 2835 810 2900 Tac.
837 2835 1072 2901 Annal.
1097 2837 1185 2914 II,
1233 2838 1311 2902 44
1353 2839 1420 2903 in
1463 2839 1797 2925 Illyricum
1834 2839 1922 2902 ait
1959 2838 2232 2903 missum
2275 2860 2437 2914 esse,
2483 2848 2558 2902 ut
2590 2836 2755 2904 Sue-

437 2944 538 3010 vis
580 2967 768 3030 opem
807 2956 1030 3010 contra
1069 2943 1436 3012 Cheruscos
1470 2946 1947 3033 postulantibus
1984 2947 2297 3012 auxilium
2335 2947 2551 3011 ferret.
2629 2947 2688 3012 Ν
2691 2970 2752 3012 e-

438 3075 566 3137 que
608 3051 775 3115 enim
814 3053 1051 3118 intrare
1097 3053 1513 3119 Germaniam
1550 3056 1912 3134 iubebatur,
1959 3056 2075 3120 sed
2116 3054 2481 3141 provincias
2516 3054 2752 3120 Roma-

436 3185 591 3238 nas,
626 3161 681 3226 si
723 3184 915 3246 quem
959 3161 1212 3227 barbari
1257 3164 1567 3246 impetum
1615 3164 1918 3240 facerent,
1964 3164 2162 3239 tueri,
2216 3164 2329 3249 (cf.
2370 3162 2459 3239 H,
2504 3162 2589 3228 62
2630 3165 2751 3248 sq.)

439 3280 504 3335 et
557 3281 767 3334 tamen
813 3268 1062 3334 Galliae
1113 3269 1330 3354 potius
1385 3291 1577 3354 quam
1622 3272 1884 3356 Illyrico
1938 3285 2110 3338 esset
2164 3273 2531 3359 praefectus
2550 3319 2569 3349 ,
2630 3272 2749 3337 nisi

438 3376 764 3454 Tiberius,
809 3377 920 3461 qui
967 3376 1423 3442 Germanicum
1470 3379 1661 3443 modo
1704 3403 1784 3444 ex
1829 3379 2061 3444 Galliis
2099 3391 2489 3456 revocasset,
2536 3403 2745 3446 earum

437 3485 918 3572 provinciarum
980 3485 1260 3570 quietem
1306 3486 1481 3551 *satis
1541 3497 1743 3552 tutam
1805 3509 1947 3552 esse
2008 3487 2371 3574 significare
2424 3489 2738 3556 voluisset.

443 3591 662 3660 Ceteri
703 3582 918 3659 autem
961 3593 1397 3659 Romanorum
1440 3595 1877 3681 imperatores,
1924 3595 2037 3680 qui
2078 3595 2162 3660 ad
2198 3596 2421 3662 Albim
2464 3611 2745 3686 penetra·

439 3713 622 3780 runt,
683 3727 722 3768 a
767 3703 995 3768 Rheno
1060 3726 1280 3769 omnes
1336 3704 1610 3790 profecti
1662 3713 1843 3782 sunt,
1904 3715 1977 3768 ut
2020 3704 2215 3790 paulo
2259 3715 2408 3792 post
2451 3706 2745 3773 Tiberius

440 3811 698 3898 (Vellei.
731 3811 821 3888 Π,
863 3811 1033 3896 106),
1079 3821 1152 3876 ut
1191 3811 1551 3878 Domitium
1592 3835 1793 3876 unum
1836 3811 1917 3877 ab
1956 3814 2125 3878 Istro
2167 3813 2379 3878 exisse
2420 3816 2600 3879 credi
2642 3839 2747 3881 ne-

439 3930 651 4006 queat.
733 3919 1147 4006 Relinquitur
1187 3920 1389 4006 igitur
1431 3920 1898 4008 Lugdunensis
1945 3920 2189 3999 Gallia,
2248 3923 2354 3987 cui
2396 3922 2479 3987 L.
2522 3924 2748 3990 Domi-

439 4028 569 4093 tius
625 4028 1010 4114 praefuerit,
1069 4050 1263 4113 quam
1318 4029 1431 4115 qui
1485 4041 1724 4117 negant
1782 4051 1990 4114 usque
2042 4029 2127 4093 ad
2182 4030 2391 4095 fontes
2436 4031 2647 4097 Rheni
2690 4045 2749 4098 et

440 4134 815 4202 Danubium
854 4135 1243 4222 pertinuisse
1260 4184 1278 4213 ,
1333 4160 1495 4221 quae
1539 4138 1668 4202 Dio
1706 4137 1933 4215 tradit,
1974 4139 2154 4203 nullo
2196 4138 2389 4202 modo
2434 4139 2749 4226 explicare

437 4253 760 4331 poterunt.
834 4244 1026 4310 Nunc
1063 4245 1316 4332 insigne
1355 4245 1509 4310 hinc
1546 4245 1780 4311 existet
1822 4256 2295 4333 argumentum,
2336 4270 2465 4333 quo
2500 4261 2561 4313 et
2590 4271 2751 4334 quae

449 4350 683 4418 Strabo
737 4351 820 4418 de
861 4353 1099 4419 finibus
1144 4352 1620 4440 provinciarum
1653 4353 2049 4421 Gallicarum
2090 4355 2279 4422 docet
2318 4368 2383 4422 et
2422 4379 2588 4441 quae
2630 4357 2749 4444 ipsi
