2917 5017
490 402 616 469 262
1151 407 1236 455 De
1275 405 1543 455 dictatoris
1584 404 1817 455 Caesaris
1858 405 2153 455 honoribus.

493 590 674 635 cesse
715 578 834 645 est,
873 567 1052 653 quod
1091 566 1288 633 Dioni
1327 566 1649 631 mentione
1694 566 1965 651 dignum
2010 586 2155 629 esse
2193 563 2544 631 videretur.
2610 563 2821 629 Nimi-
2872 628 2874 631 Α

469 688 635 743 'rum
678 678 860 755 haec,
915 677 1160 761 opinor,
1203 674 1366 739 ratio
1411 687 1511 739 est
1552 687 1837 739 senatus.
1920 671 2319 739 Relationem
2362 671 2430 735 in
2480 696 2557 738 eo
2604 672 2819 749 habet,
2872 732 2874 743 ⁴

489 787 606 872 qui
660 795 932 872 praeest,
989 783 1060 847 id
1117 793 1216 847 est
1269 782 1651 868 plerumque
1710 781 1957 856 consul,
2012 802 2215 863 eoque
2273 780 2677 846 concedente
2724 782 2821 845 vel

489 905 746 981 praetor
792 893 898 958 vel
943 890 1244 957 tribunus
1303 890 1476 975 plebi
1520 887 1695 973 (Cic.
1734 888 1905 953 Phil.
1951 887 2103 964 VII,
2156 888 2242 971 1).
2334 885 2472 952 Sed
2514 889 2821 973 quoniam

490 1000 770 1067 tribunis
816 1000 1006 1063 etiam
1049 998 1254 1063 invito
1299 998 1563 1063 consule
1608 997 1760 1063 licet
1804 1018 1996 1061 suum
2044 1008 2333 1061 senatum
2366 1018 2629 1073 vocare,
2672 1018 2821 1061 con-

492 1119 868 1174 sentaneum
909 1118 1029 1183 est,
1071 1116 1146 1171 ut
1183 1128 1314 1169 non
1357 1105 1553 1171 modo
1596 1105 1663 1169 in
1704 1125 1803 1179 e0,
1834 1126 2027 1188 quem
2052 1104 2175 1190 ipsi
2202 1104 2551 1189 coegerint,
2596 1115 2821 1168 senatu

489 1217 860 1281 relationem
909 1214 1206 1290 habeant,
1249 1237 1475 1279 verum
1528 1213 1719 1278 etiam
1759 1212 1826 1276 in
1884 1235 1980 1290 e0,
2026 1213 2129 1279 cui
2174 1212 2473 1279 consules
2512 1214 2819 1298 praesint,
2872 1256 2874 1303 1

489 1324 644 1409 quia
687 1346 881 1389 suum
939 1346 1010 1387 se
1065 1333 1358 1388 senatum
1411 1334 1752 1387 vocaturos
1798 1343 1943 1385 esse
1992 1322 2221 1387 minari
2273 1332 2575 1406 possunt,
2636 1321 2817 1385 facile

489 1432 812 1499 referendi
863 1441 1246 1517 potestatem
1303 1442 1749 1515 assequantur.
1835 1427 1943 1495 Cf.
1991 1428 2130 1495 Cic.
2174 1430 2359 1515 epist.
2402 1429 2498 1507 X,
2546 1429 2651 1495 16.
2728 1429 2817 1492 Ita
2872 1466 2874 1507 j

489 1541 582 1617 fit,
643 1550 718 1604 ut
777 1537 1186 1603 tribunorum
1247 1540 1454 1605 omnis
1520 1540 1603 1604 ad
1670 1550 1960 1605 senatum
2016 1537 2341 1603 referendi
2398 1548 2689 1622 potestas
2748 1559 2821 1599 ex

491 1670 814 1713 consensu
855 1646 1152 1734 pendeat,
1199 1647 1312 1731 qui
1357 1646 1473 1713 ubi
1521 1657 1639 1724 est,
1682 1647 1747 1712 in
1784 1646 2016 1731 quovis
2058 1656 2288 1710 senatu
2322 1644 2403 1709 de
2430 1666 2820 1729 quacunque

489 1780 560 1821 re
620 1756 868 1831 volunt,
925 1755 1299 1820 relationem
1370 1755 1961 1840 discessionemque
2027 1756 2239 1819 facere
2292 1763 2591 1838 possunt.
2686 1752 2819 1816 Iam
2872 1764 2874 1819 Ξ

489 1864 840 1949 Augustus
885 1877 958 1928 ut
1002 1864 1445 1929 intercedendi
1492 1863 1953 1949 iudicandique
1985 1861 2066 1926 de
2093 1860 2635 1946 appellationibus
2663 1862 2819 1927 libe·
2873 1846 2874 1865 ³

491 1995 627 2037 ram
673 1972 756 2038 ab
799 1973 1196 2057 collegarum
1232 1994 1555 2038 consensu
1594 1981 1975 2058 potestatem
2022 1980 2373 2055 acceperat,
2411 1970 2504 2035 ita
2542 1992 2818 2055 aequum

481 2102 637 2159 ‚esse
684 2079 1046 2156 videbatur,
1091 2091 1165 2143 ut
1207 2080 1398 2145 etiam
1435 2080 1675 2165 agendi
1720 2104 1867 2145 cum
1914 2089 2141 2143 senatu
2180 2076 2450 2144 liberam
2496 2076 2581 2141 ab
2630 2079 2818 2143 colle-
2873 2160 2874 2169 ἵ

490 2208 720 2272 garum
789 2188 1248 2253 intercessione
1304 2190 1677 2254 facultatem
1740 2188 2077 2273 acciperet.
2167 2186 2361 2251 Hanc
2412 2186 2497 2251 ob
2558 2208 2817 2251 causam
2873 2192 2874 2211 ³

489 2309 648 2362 tunc
695 2306 957 2361 senatus
1003 2297 1297 2361 consulto
1341 2296 1745 2363 consuetudo
1800 2294 2120 2361 senatoria
2160 2296 2251 2378 ita
2294 2304 2545 2359 mutata
2586 2308 2709 2370 est,
2752 2307 2819 2359 ut

486 2403 858 2490 imperatori
897 2403 966 2467 in
1013 2406 1183 2469 omni
1229 2417 1456 2470 senatu
1496 2406 1691 2471 unius
1734 2404 1956 2488 utique
1996 2401 2323 2469 relationis
2364 2402 2471 2467 ius
2500 2404 2818 2469 concede-
2873 2406 2874 2449 ἒ

489 2522 686 2577 retur.
749 2511 856 2575 Ex
897 2533 1030 2597 quo
1071 2513 1214 2577 inre
1257 2514 1585 2597 quomodo
1628 2514 1734 2578 ius
1777 2513 2001 2577 tertiae
2044 2522 2109 2576 et
2150 2522 2413 2595 quartae
2456 2524 2521 2576 et
2560 2514 2819 2598 quintae

487 2618 834 2695 relationis,
885 2618 1064 2704 quod
1105 2620 1302 2685 altero
1347 2621 1605 2688 saeculo
1648 2622 1973 2708 principes
2016 2619 2255 2685 habere
2297 2634 2675 2706 coeperunt,
2724 2644 2819 2685 or·

487 2736 625 2791 tum
687 2726 772 2791 sit
816 2727 1022 2792 fateor
1062 2750 1166 2793 me
1207 2729 1480 2806 nescire,
1523 2729 1722 2815 idque
1767 2752 1917 2797 cum
1958 2730 2183 2816 paucis
2220 2729 2383 2796 locis
2428 2732 2617 2815 apud
2662 2732 2819 2795 scri-

485 2845 703 2921 ptores
749 2834 1054 2903 historiae
1097 2836 1443 2923 Augustae
1492 2850 2027 2905 commemoretur
2068 2836 2377 2927 (Capitol.
2400 2838 2641 2905 Marco
2674 2863 2733 2905 c.
2756 2841 2815 2917 ὃς

489 2942 734 3009 Pertin.
780 2966 835 3009 c.
877 2945 949 3021 53
1005 2944 1343 3029 Lamprid.
1381 2945 1575 3011 Alex.
1622 2944 1777 3013 Sev.
1823 2970 1879 3012 c.
1918 2952 1984 3025 13
2040 2948 2299 3034 Vopisc.
2338 2946 2538 3013 Prob.
2590 2970 2651 3013 c.
2700 2950 2817 3029 12),

489 3051 750 3118 omnino
793 3052 986 3137 quale
1027 3052 1245 3129 fuerit,
1283 3053 1395 3119 vix
1433 3064 1593 3139 puto
1634 3076 1827 3142 posse
1860 3054 2133 3121 definiri.
2200 3055 2391 3138 Quae
2416 3066 2595 3123 certe
2620 3058 2817 3123 inter-

484 3159 754 3243 pretatio
815 3160 1098 3244 primum
1161 3158 1240 3225 ab
1304 3158 1693 3229 Casaubono
1754 3166 1837 3231 ad
1898 3164 2165 3230 Sueton.
2223 3160 2415 3231 Caes.
2472 3188 2526 3229 c.
2579 3166 2665 3231 20
2723 3168 2819 3231 in-

486 3276 680 3329 venta
722 3275 822 3329 est
865 3265 1253 3351 probarique
1288 3291 1465 3337 nunc
1510 3272 1709 3364 solet„
1736 3284 1811 3337 ut
1850 3274 2269 3359 imperatores
2304 3273 2503 3340 trium
2534 3285 2603 3337 et
2629 3286 2816 3359 quat-

487 3381 636 3437 tuor
661 3384 726 3437 et
755 3373 1041 3457 quinque
1065 3376 1450 3447 relationum
1480 3381 1584 3446 ius
1608 3381 1917 3448 habuisse
1946 3380 2331 3458 existiment,
2360 3404 2458 3457 ea,
2486 3384 2815 3466 quomodo

487 3490 552 3547 et
591 3502 740 3545 cum
779 3483 1035 3550 nomine
1082 3495 1144 3549 et
1185 3506 1330 3551 oum
1367 3510 1438 3553 re
1484 3489 1629 3574 ipsa
1659 3501 1949 3555 constare
1986 3488 2213 3574 possit,
2236 3512 2469 3575 parum
2496 3490 2811 3578 intelligo.

486 3585 623 3655 Sed
686 3589 988 3675 persequi
1051 3592 1176 3658 hoc
1235 3608 1690 3681 argumentum
1751 3597 2011 3681 longius
2068 3596 2149 3663 ab
2199 3598 2321 3662 hac
2375 3598 2811 3684 disputatione

483 3696 761 3761 alienum
813 3709 932 3777 est,
976 3722 1142 3784 quae
1183 3724 1412 3769 vereor
1433 3704 1666 3771 hercle
1697 3728 1779 3769 ne
1822 3707 1950 3773 iam
1986 3706 2069 3772 ab
2100 3728 2176 3771 eo
2200 3707 2375 3791 quod
2399 3710 2809 3795 propositum
2873 3690 2874 3707 ἶ

482 3813 638 3883 erat,
683 3804 899 3871 abisse
944 3806 1262 3900 videatur.

652 3913 1066 3982 Intellectum
1110 3917 1279 3982 enim
1321 3942 1467 3986 esse
1508 3921 1801 4001 arbitror,
1848 3920 2087 4007 quibus
2135 3922 2395 4008 legibus
2438 3938 2501 3991 et
2544 3938 2811 3995 senatus
2873 4000 2874 4021 χ

481 4022 788 4089 consulti·
851 4024 1162 4091 coaluerit
1221 4026 1359 4105 illa,
1416 4051 1547 4113 qua
1608 4030 2027 4117 imperatores
2082 4031 2188 4097 usi
2242 4044 2415 4111 sunt,
2460 4033 2811 4103 tribunicia

480 4138 788 4215 potestas,
829 4154 1022 4215 quam
1051 4132 1400 4219 Augustus
1437 4148 1780 4224 postquam
1818 4152 2325 4207 consummatam
2352 4143 2627 4229 accepit,
2654 4146 2809 4230 quia
2873 4182 2874 4231 ÷

481 4238 758 4305 maxime
801 4240 1090 4305 omnium
1129 4243 1458 4329 popularis
1512 4267 1655 4313 esse
1697 4246 2061 4326 videbatur,
2103 4250 2262 4315 tanti
2304 4252 2697 4329 aestimavit,
2740 4264 2805 4317 ut
2873 4240 2874 4247 ἵ

481 4364 564 4412 ex
605 4368 683 4414 ea
723 4356 788 4411 et
825 4346 968 4433 ipse
1004 4348 1256 4433 imperii
1299 4352 1403 4416 sui
1445 4376 1649 4421 annos
1693 4369 2061 4423 numeraret
2106 4368 2169 4423 et
2208 4357 2467 4443 publice
2487 4362 2801 4427 fastorum

480 4473 682 4519 annos
737 4454 982 4539 signari
1034 4456 1307 4527 iuberet.
1393 4460 1621 4547 Neque
1679 4462 1751 4529 in
1802 4465 1945 4531 aliis
2000 4464 2199 4531 rebus
2258 4478 2631 4556 contempta
2676 4484 2771 4537 est
2780 4494 2797 4547 ς
