2917 5017
798 356 881 405 De
918 354 1091 406 Gallia
1126 354 1481 405 Romanorum
1526 356 1805 421 provincia.
2193 327 2208 340 ·
2362 352 2442 419 57

150 518 289 582 hinc
328 518 655 596 discimus,
700 518 874 605 quod
918 517 1283 603 insequenti
1326 540 1494 581 anno
1527 539 1676 583 cum
1698 516 1816 584 Μ.’
1841 517 2060 585 Acilio
2085 518 2441 587 Glabrione

149 648 471 692 censuram
514 628 733 713 gessit.
826 626 960 710 Qui
1019 625 1299 710 denique
1354 648 1524 691 anno
1577 626 1658 692 64
1707 650 1764 692 a.
1811 626 1967 693 Chr.
2021 629 2229 695 secuti
2293 638 2444 694 sunt

147 736 423 801 consules
438 782 459 814 ‚
528 735 712 801 ambo
766 736 835 801 in
889 735 1049 802 urbe
1106 744 1570 799 remanserunt.
1673 734 1840 801 Nam
1901 746 1966 801 et
2018 733 2099 800 C.
2151 736 2442 803 Marcius

143 842 405 929 Figulus
447 843 515 907 in
564 854 789 909 senatu
842 853 1063 909 eontra
1104 840 1446 907 Catilinam
1493 841 1738 909 dixisse
1789 854 2086 910 narratur
2139 842 2314 930 (Cic.
2356 845 2440 911 ad

144 949 263 1016 Att.
313 952 495 1030 XII,
557 953 671 1030 213
740 952 909 1017 Phil.
957 951 1061 1029 11,
1114 952 1195 1035 5)
1268 962 1331 1015 et
1386 950 1468 1015 L.
1525 950 1734 1017 Iulius
1796 949 2071 1029 Caesar,
2139 952 2442 1038 idemque

144 1060 431 1125 duumvir
489 1060 558 1124 in
604 1057 681 1126 C.
726 1060 971 1126 Rabirii
1036 1082 1234 1125 eausa
1288 1057 1622 1125 iudicavit.
1717 1060 1867 1125 Hoc
1921 1082 2116 1145 quam
2167 1060 2252 1126 ob
2305 1084 2443 1126 rem

144 1167 443 1246 acciderit,
485 1179 663 1234 certo
702 1168 833 1235 dici
874 1167 1117 1253 nequit,
1169 1168 1285 1232 sed
1328 1167 1601 1233 alterum
1643 1181 1852 1233 tamen
1897 1190 2115 1233 eorum
2161 1179 2440 1235 statuere

146 1276 503 1342 debebimus
559 1278 779 1342 Italiae
845 1298 994 1341 cum
1053 1273 1270 1341 Gallia
1329 1273 1661 1363 Cisalpina
1711 1276 2104 1362 praefuisse,
2173 1277 2442 1342 alterum

146 1408 267 1450 cum
291 1384 618 1471 Hispania
658 1384 917 1450 citerior
956 1384 1015 1449 ei
1060 1384 1419 1471 obtigisset,
1458 1384 1690 1451 urbem
1734 1386 2094 1471 relinquere
2133 1385 2441 1451 noluisse.

290 1496 504 1579 Atque
533 1493 765 1557 horum
794 1493 1076 1578 quidem,
1102 1516 1268 1579 quos
1292 1492 1508 1559 adhuc
1540 1492 2098 1577 perlustravimus,
2127 1515 2442 1558 annorum

152 1602 335 1668 tenuis
381 1624 541 1667 sane
590 1611 920 1688 supererat
958 1602 1295 1679 memoria,
1358 1613 1431 1666 ut
1488 1601 1680 1667 modo
1732 1602 2246 1667 coniecturarum
2289 1623 2440 1686 pro-

150 1710 435 1776 babilitate
457 1710 804 1787 utendum,
819 1710 1011 1775 modo
1035 1710 1308 1775 aliorum
1334 1721 1697 1795 temporum
1723 1709 2073 1775 similitudo
2093 1710 2441 1788 afferenda,

160 1820 321 1885 modo
358 1820 641 1905 denique
684 1819 1003 1904 ignoratio
1061 1842 1277 1884 rerum
1318 1830 1774 1905 auctorumque
1823 1820 2040 1906 inopia
2083 1818 2443 1884 confitenda

166 1940 321 1993 esset.
373 1930 463 1993 Eo
508 1930 708 2016 plura
740 1928 869 1993 iam
906 1927 989 1993 de
1030 1951 1199 1993 anno
1242 1928 1323 1994 63
1360 1952 1415 1994 a.
1443 1926 1600 1995 Chr.
1645 1928 2009 2004 traduntur,
2053 1949 2180 2015 quo
2197 1926 2294 1992 M.
2325 1924 2441 1991 Ci-

158 2058 278 2101 cero
320 2048 379 2103 et
430 2035 511 2104 C.
568 2035 896 2102 Antonius
956 2037 1253 2102 consules
1311 2038 1593 2103 fuerunt.
1699 2034 1834 2119 Qui
1887 2046 2230 2121 antequam
2273 2058 2442 2100 anno

73 2206 75 2211 .
146 2142 212 2210 64
250 2168 301 2211 a.
344 2143 499 2211 Chr.
570 2145 889 2231 designati
942 2154 1122 2221 sunt,
1174 2145 1411 2210 futuris
1476 2144 1850 2211 consulibus
1911 2168 1992 2211 ex
2047 2145 2194 2231 lege
2253 2143 2440 2209 Sem-

146 2254 341 2337 pronia
360 2254 751 2319 Macedonia
772 2264 835 2319 et
858 2254 1044 2318 Italia
1070 2253 1365 2321 decretae
1398 2264 1550 2321 sunt
1580 2253 1696 2336 (cf.
1724 2251 2084 2319 Comment.
2107 2253 2441 2339 epigraph.

149 2360 275 2426 Vol.
316 2362 386 2427 11
442 2386 511 2448 p.
564 2364 743 2447 193),
802 2372 1146 2447 postquam
1202 2363 1648 2449 magistratum
1697 2361 2012 2441 inierunt,
2078 2362 2440 2447 provincias

148 2470 327 2534 sortiti
384 2480 539 2535 sunt
554 2518 575 2548 ,
636 2470 705 2534 in
762 2492 891 2553 qua
934 2468 1265 2535 sortitione
1326 2467 1628 2537 Ciceroni
1672 2471 2092 2548 Macedonia,
2153 2470 2440 2535 Antonio

152 2575 337 2643 Gallia
386 2578 626 2643 evenit.
721 2575 855 2642 Sed
911 2562 1019 2642 ille
1070 2578 1374 2663 quoniam
1436 2580 1748 2666 collegam
1803 2576 2118 2643 Catilinae
2173 2579 2440 2664 eiusque

152 2685 312 2750 sociis
358 2686 581 2751 favere
628 2684 1221 2763 animadvertebat,'
1242 2688 1660 2753 concedenda
1675 2685 2065 2753 Macedonia
2102 2708 2250 2751 eum
2289 2710 2438 2772 per-

164 2794 307 2876 pulit,
340 2804 413 2859 ut
450 2802 751 2860 senatum
778 2792 1111 2880 bonosque
1150 2794 1508 2874 adiuvaret,
1552 2806 1693 2861 tum
1715 2794 1996 2861 Galliam
2019 2791 2439 2881 Cisalpinam,

164 2922 320 2985 quam
368 2924 519 2967 cum
562 2900 832 2966 Antonii
874 2902 1208 2987 provincia
1250 2916 1558 2981 mutarat,
1613 2903 1909 2989 quamvis
1962 2925 2001 2968 a
2041 2914 2268 2968 senatu
2309 2904 2440 2969 iam
2515 2902 2530 2908 ’

152 3010 389 3092 pecunia
446 3008 869 3095 exercituque
930 3010 1309 3077 instructam
1366 3011 1687 3098 deposuit.
1783 3011 2008 3076 Refert
2064 3010 2224 3076 haec
2283 3012 2438 3078 satis

152 3118 369 3204 copiose
419 3118 557 3183 Dio
599 3117 971 3196 XXXVII,
1034 3120 1147 3186 33:
1226 3118 1481 3206 Εἰλήχει
1530 3121 1644 3206 γὰρ
1687 3125 1794 3203 τῆς
1832 3118 2222 3189 Μακεδονίας
2263 3120 2440 3205 ἄρξαι

152 3225 274 3289 οὔτε
324 3229 390 3291 δὲ
442 3229 507 3298 ἐς
568 3228 801 3312 ἐκείνην
848 3232 965 3315 (τῷ
1000 3228 1113 3313 γὰρ
1157 3230 1516 3314 συνάρχοντι
1575 3228 1762 3312 αὐτῆς
1821 3228 1922 3291 διὰ
1973 3229 2080 3312 τὴν
2140 3229 2280 3313 περὶ
2333 3229 2441 3298 τὰς

150 3335 299 3405 δίκας
354 3338 625 3422 σπουδὴν
687 3336 939 3421 ἐξέστη)
1003 3335 1144 3399 οὔτε
1206 3336 1269 3405 ἐς
1316 3336 1423 3420 τὴν
1483 3334 1786 3400 Γαλατίαν
1851 3338 1957 3421 τὴν
2005 3336 2302 3419 πλησίον,
2361 3336 2436 3421 ἢν

150 3442 437 3530 ἀντέλαβε,
482 3444 585 3508 διὰ
630 3443 705 3506 τὰ
743 3442 1015 3527 παρόντα
1058 3444 1375 3527 ἐξήλασεν,
1417 3445 1546 3508 ἀλλ’
1599 3444 1782 3514 αὐτὸς
1826 3446 1936 3529 μὲν
1981 3446 2088 3529 τὴν
2121 3444 2296 3508 πόλιν
2337 3444 2439 3507 διὰ

154 3553 399 3635 φυλακῆς
444 3552 817 3636 ἐποιήσατο·
875 3551 939 3619 ἐς
980 3552 1049 3615 δὲ
1090 3552 1199 3636 τὴν
1242 3549 1548 3615 Γαλατίαν
1591 3555 1694 3617 τὸν
1733 3550 2082 3629 Μέτελλον,
2141 3552 2310 3620 ὅπως
2353 3552 2436 3635 μὴ

161 3658 234 3719 καὶ
275 3661 305 3724 ὃ
350 3656 681 3728 Κατιλίνας
722 3658 907 3743 αὐτὴν
953 3660 1400 3745 σφετερίσηται,
1448 3658 1710 3745 ἔπεμψε.
1779 3658 1944 3725 Tres
1987 3658 2056 3722 in
2099 3658 2200 3723 his
2247 3655 2438 3725 Cice-

176 3766 295 3831 ronis
356 3789 465 3833 res
534 3766 1054 3851 distinguuntur,
1119 3767 1399 3854 primum
1463 3767 1640 3853 quod
1676 3766 2154 3855 ¹Macedoniam
2225 3765 2442 3833 Gallia

170 3876 431 3956 mutavit,
492 3875 727 3941 deinde
764 3876 939 3962 quod
980 3874 1259 3943 Galliam
1313 3875 1647 3962 deposuit,
1705 3884 1842 3941 tum
1885 3875 2062 3959 quod
2103 3874 2440 3941 Metellum

168 3976 419 4049 Celerem
464 3983 719 4051 Galliae
759 3983 1261 4071 praeficiendum
1314 3983 1586 4050 curavit.
1672 3984 1966 4050 Primum
2019 3995 2234 4050 autem
2273 3982 2440 4049 illud

162 4088 353 4157 fecisse
390 4105 685 4161 narratur
728 4092 829 4157 διὰ
861 4094 967 4179 τὴν
1004 4094 1140 4178 περὶ
1178 4092 1286 4163 τὰς
1323 4093 1494 4163 δίκας
1527 4096 1797 4179 σπουδήν
1819 4093 1862 4157 i.
1889 4116 1944 4159 e.
1975 4092 2151 4179 quod
2178 4091 2438 4168 iudicia,

163 4194 216 4259 in
252 4200 472 4285 quibus
518 4200 879 4287 eloquentia
915 4200 1300 4287 praestabat,
1332 4199 1710 4287 urbemque,
1743 4201 1812 4266 in
1846 4224 1976 4288 qua
2005 4200 2141 4266 sola
2181 4198 2438 4276 fiebant,

166 4305 484 4393 relinquere
529 4308 799 4376 nolebat.
878 4307 1059 4391 Quid
1104 4309 1307 4397 igitur
1322 4310 1353 4373 i>
1429 4308 1504 4375 Si
1555 4306 1770 4375 Gallia
1809 4306 2140 4395 Cisalpina
2179 4306 2440 4394 provin-

173 4412 277 4491 cia,
330 4440 513 4504 quam
572 4416 921 4484 mutatione
960 4416 1043 4485 ab
1083 4417 1369 4484 Antonio
1410 4426 1776 4507 acceperat,
1838 4415 2131 4483 eiusdem
2181 4413 2438 4502 generis
