2917 5017
477 325 596 391 170
987 328 1072 376 De
1111 326 1278 378 Gallia
1311 327 1661 378 Romanorum
1700 328 1965 392 provincia
1996 328 2272 392 appendix.

471 492 676 556 fuisse
720 501 903 576 putat
940 489 1350 554 Hofmannus
1391 512 1456 575 p.
1498 489 1601 564 25,
1644 488 1821 574 quod
1862 487 2213 574 Pompeius
2256 489 2367 554 ubi
2405 513 2443 555 a
2480 490 2753 576 petitione

471 599 788 664 honorum
831 599 1132 664 absentes
1179 597 1636 674 submovebat,
1701 598 1908 662 sciens
1952 606 2014 662 et
2052 597 2203 662 dolo
2239 600 2433 674 male,
2490 601 2757 682 quamvis

474 708 666 794 paulo
719 717 866 772 ante
915 708 1126 792 legem
1169 704 1575 770 tribuniciam
1618 705 1759 791 ipse
1802 705 2196 781 adiuvisset,
2260 703 2601 772 Caesarem
2652 731 2758 772 non

473 816 750 905 excepit.
851 816 944 880 At
996 814 1346 880 Suetonius
1406 838 1464 879 c.
1508 815 1589 880 ‘28
1642 837 1758 900 per
1812 813 2199 879 oblivionem
2260 810 2603 880 Caesarem
2651 840 2759 880 non
2858 859 2860 882 2

471 934 812 1009 exceptum
851 945 994 988 esse
1037 923 1128 986 ait
1171 922 1691 1006 oblivionemque
1735 920 2047 996 ostendit,
2108 923 2287 1006 quod
2336 922 2483 1009 lege
2536 925 2657 988 iam
2705 926 2759 988 in

472 1054 582 1096 aes
635 1031 838 1096 incisa
881 1042 944 1096 et
987 1031 1055 1095 in
1097 1031 1412 1096 aerarium
1453 1030 1712 1096 condita
1752 1028 2103 1115 Pompeius
2150 1051 2433 1096 errorem
2478 1033 2759 1096 correxit:

471 1140 646 1223 quod
701 1139 848 1224 quis
911 1141 1180 1216 faceret,
1253 1141 1365 1224 qui
1431 1163 1508 1204 ea
1570 1139 1812 1204 ratione
1855 1135 2118 1203 Caesari
2184 1161 2415 1204 nocere
2484 1142 2761 1226 cuperet?

471 1248 731 1332 Pugnat
773 1247 974 1332 igitur
1010 1247 1489 1312 Hofmanniana
1524 1247 1869 1312 auctoritas
1908 1269 2054 1312 cum
2094 1245 2505 1325 Suetoniana‚
2544 1261 2763 1334 pugnat
2858 1301 2860 1338 ÷

473 1357 664 1422 etiam
705 1356 1179 1442 quodammodo
1227 1379 1372 1420 cum
1418 1356 1881 1440 probabilitate,
1929 1353 2045 1418 sed
2085 1354 2248 1418 illud
2291 1368 2505 1422 tamen
2548 1369 2763 1422 certum
2858 1339 2860 1356 Ι

471 1475 604 1541 est,
659 1488 736 1530 ea
789 1463 1110 1529 oblivione
1155 1462 1454 1529 Caesaris
1496 1464 1789 1529 inimicos
1830 1485 1985 1528 usos
2028 1485 2193 1528 esse.
2274 1465 2443 1530 Nam
2484 1466 2579 1530 M.
2614 1466 2764 1530 Mar-

471 1573 674 1638 cellus
720 1595 852 1637 coe.
896 1574 1044 1636 anni
1085 1573 1155 1638 51
1211 1573 1358 1637 ideo
1397 1571 1681 1638 absentis
1724 1571 2033 1638 rationem
2084 1571 2444 1638 habendam
2492 1597 2635 1638 esse
2674 1597 2767 1639 ne·

473 1681 670 1766 gavit,
707 1680 882 1765 quod
917 1680 1256 1766 plebiscito
1293 1680 1645 1765 Pompeius
1680 1693 1906 1766 postea
1938 1681 2319 1767 obrogasset
2353 1679 2575 1764 (Suet.
2604 1680 2769 1746 Caes.

471 1811 526 1854 c.
576 1789 710 1868 28).
806 1790 885 1853 In
941 1789 1064 1854 hac
1121 1811 1189 1853 re
1239 1811 1426 1854 omne
1486 1803 1875 1854 momentum
1930 1790 2372 1854 collocandum
2430 1804 2602 1855 erat:
2672 1791 2769 1854 hae

469 1921 638 1962 unae
685 1910 836 1964 sunt
873 1898 1146 1962 insidiae
1174 1894 1471 1962 Caesaris
1510 1898 1779 1984 imperio
1810 1900 2039 1975 factae,
2082 1921 2211 1962 non
2241 1899 2574 1964 voluntate-
2602 1901 2771 1964 Pom-

469 2007 598 2093 peii
617 2053 634 2083 ,
693 2008 810 2071 sed
855 2025 1042 2072 casu:
1107 2005 1258 2070 hinc
1303 2006 1487 2090 origo
1532 2007 1683 2072 belli
1727 2007 2079 2092 repetenda
2120 2017 2237 2071 est.
2325 2007 2609 2092 Reliqua
2652 2009 2769 2083 tria,

409 2117 421 2126 ’
471 2140 636 2202 quae
679 2117 1093 2180 Hofmannus
1147 2115 1364 2190 affert,
1425 2115 1811 2180 coniecturis
1870 2116 2241 2180 efficiuntur
2296 2137 2533 2200 parum
2587 2115 2770 2178 rectis.

472 2225 670 2290 Putat
707 2223 874 2288 enim
914 2222 1046 2308 legi
1085 2222 1490 2298 tribuniciae,
1536 2245 1665 2306 qua
1694 2224 1963 2288 secundi
1992 2223 2367 2288 consulatus
2393 2223 2625 2308 petitio
2648 2223 2771 2286 data

472 2343 590 2409 est,
637 2332 990 2418 ascriptum
1031 2330 1236 2396 fuisse
1280 2355 1358 2394 ne
1383 2335 1706 2412 petitionis
1748 2356 1936 2394 cama
1981 2337 2297 2396 maturius
2338 2343 2396 2394 et
2431 2335 2769 2414 imperfecto
2858 2367 2860 2404 7

472 2443 676 2504 adhuc
719 2443 870 2504 bello
915 2442 1254 2513 decederet,·
1299 2439 1515 2524 itaque
1544 2439 1967 2524 Pompeianos
2006 2439 2271 2517 dixisse,
2317 2463 2469 2505 cum
2500 2439 2769 2506 Caesaris
2857 2452 2861 2478 ¹

471 2550 719 2614 litterae
782 2558 845 2612 et
903 2547 1400 2632 supplicationes
1459 2547 1699 2612 bellum
1758 2539 2121 2613 confectum
2170 2571 2313 2612 esse
2363 2549 2772 2622 ostenderent,

473 2655 922 2720 decedendum
965 2655 1024 2719 ei
1063 2677 1206 2720 esse
1243 2665 1388 2719 ante
1433 2655 1676 2720 exitum
1720 2655 1991 2742 imperii.
2094 2655 2240 2720 Non
2288 2679 2555 2741 quaem,
2604 2679 2771 2740 quam

474 2764 598 2828 hoc
651 2775 798 2850 apte
851 2763 1014 2848 legi,
1079 2785 1210 2848 qua
1250 2762 1587 2849 imperium
1631 2764 2005 2840 mandetur,
2061 2763 2271 2848 possit
2310 2764 2553 2829 ascribi
2570 2790 2589 2842 ;
2650 2788 2777 2828 nam
2856 2817 2858 2836 ,

475 2895 622 2936 cum
669 2873 736 2936 in
778 2882 1024 2937 certum
1067 2871 1328 2956 aliquod
1369 2882 1626 2959 tempus
1671 2883 1955 2957 potestas
1998 2872 2337 2947 tribuitur,
2397 2884 2625 2957 sponte
2673 2873 2777 2936 hoc
2853 2891 2858 2918 >³

475 2981 662 3058 inest,
710 3003 790 3044 ne
833 3003 912 3046 ea
947 2992 1094 3046 ante
1136 2981 1207 3044 id
1246 2992 1501 3067 tempus
1546 2981 1927 3067 deponatur.
1992 2977 2129 3044 Sed
2168 2980 2367 3044 fuerit
2400 2979 2493 3044 ita
2524 2981 2591 3044 in
2620 2981 2775 3064 lege:

475 3089 792 3174 numquid
834 3090 950 3173 qui
989 3090 1366 3175 imperfecto
1411 3089 1582 3154 bello
1620 3090 1933 3154 decedere
1975 3099 2248 3165 vetatur,
2287 3089 2581 3173 perfecto
2615 3085 2777 3150 iube·
2854 3109 2856 3164 j

475 3210 583 3263 tur
627 3198 987 3262 decedere?
1067 3197 1282 3281 Atque
1328 3197 1505 3262 illam
1547 3199 1713 3283 legis
1762 3198 2121 3262 cautionem
2168 3197 2345 3262 unde
2390 3194 2777 3281 colligimus?
2854 3257 2856 3262 .

481 3305 836 3373 Suetonius
882 3330 936 3371 c.
975 3306 1056 3371 26
1099 3305 1315 3391 egisse
1361 3302 1705 3370 Caesarem
1751 3306 1975 3371 scribit
2032 3329 2181 3371 cum
2231 3305 2513 3370 tribunis
2574 3301 2775 3390 plebis,
2854 3345 2856 3350 -

477 3428 552 3481 ut
597 3415 847 3480 absenti
889 3413 1013 3480 sibi
1057 3413 1463 3479 consulatum
1504 3425 1723 3498 petere
1760 3414 2003 3490 liceret,
2044 3437 2125 3478 ne
2156 3437 2235 3479 ea
2260 3425 2459 3480 causa
2488 3411 2775 3478 maturius
2850 3453 2857 3488 ÷

479 3535 542 3590 et
583 3524 960 3609 imperfecto
1002 3522 1216 3588 adhuc
1270 3521 1440 3586 bello
1484 3523 1845 3588 decederet.
1942 3522 2259 3588 Nimirum
2306 3520 2555 3588 Caesar
2609 3532 2677 3585 ut
2724 3529 2773 3582 et

477 3633 618 3718 ipse
662 3632 1002 3696 honestum
1036 3630 1313 3715 aliquem
1343 3641 1745 3716 praetextum
1779 3630 2041 3696 haberet
2076 3641 2141 3694 et
2164 3630 2387 3696 amicis
2412 3631 2593 3715 quod
2624 3626 2773 3714 apud
2852 3701 2854 3704 Α

481 3742 794 3826 populum
835 3763 988 3826 prae
1035 3764 1103 3804 se
1143 3741 1418 3814 ferrent,
1481 3737 1847 3824 praeberet,
1900 3738 2143 3803 bellum
2186 3736 2519 3804 Gallicum
2568 3739 2774 3823 ingens
2852 3807 2854 3810 Α

481 3870 624 3916 esse
664 3848 998 3913 dictitabat
1038 3870 1153 3912 nec
1189 3870 1384 3934 posse
1427 3859 1574 3912 ante
1620 3871 1861 3912 annum
1902 3847 1981 3912 49
2026 3832 2229 3910 totum
2277 3846 2507 3912 confici
2526 3871 2573 3924 3.
2600 3865 2774 3930 quare
2852 3891 2854 3900 .

479 3981 562 4024 ne
597 3968 744 4022 ante
783 3968 1038 4042 tempus
1081 3957 1353 4021 confecti
1399 3955 1551 4020 belli
1598 3955 1913 4020 decedere
1958 3967 2331 4041 cogeretur,
2382 3955 2607 4020 darent
2652 3950 2775 4024 sibi,
2852 3991 2854 4038 2

479 4076 556 4129 ut
595 4065 829 4130 absens
875 4077 940 4130 et
976 4065 1374 4150 provinciam
1417 4065 1701 4129 retinens
1745 4074 2009 4148 peteret.
2086 4064 2273 4130 Haec
2316 4086 2513 4128 causa
2538 4057 2775 4128 Caesari

481 4184 618 4240 erat
671 4174 964 4258 petendi,
1034 4171 1307 4238 tribunis
1351 4173 1519 4258 legis
1563 4173 1865 4238 ferendae
1885 4221 1901 4249 ,
1958 4172 2239 4259 ascripta
2292 4173 2565 4237 fortasse
2610 4169 2774 4234 etiam

481 4284 548 4348 in
590 4282 731 4347 eius
773 4282 1102 4368 prooemio
1119 4328 1138 4358 ,
1201 4281 1316 4346 sed
1361 4281 1773 4346 Hofmannus
1818 4303 2047 4367 parum
2088 4303 2241 4344 vera
2280 4278 2773 4365 interpretatione

485 4387 782 4456 Suetonii
823 4391 910 4472 (is
949 4391 1120 4456 enim
1163 4412 1246 4456 ne
1291 4390 1607 4455 maturius
1653 4389 1995 4456 decederet
2036 4385 2385 4456 Caesarem
2426 4387 2635 4474 egisse
2674 4383 2769 4463 ait)
