2917 5017
764 313 848 363 De
883 311 1058 364 Gallia
1097 315 1451 366 Romanorum
1500 315 1778 380 provincia.
2308 313 2425 382 143

105 474 522 540 coniunctam
573 497 722 540 cum
763 478 1082 564 Hispania
1123 479 1415 544 citeriore
1457 501 1591 544 uno
1646 481 1855 567 capite
1908 483 1995 546 ita
2038 501 2427 548 commemo-

101 582 226 646 rari
249 629 266 658 ‚
341 595 417 647 ut
481 607 718 648 nomen
781 598 990 652 tamen
1053 588 1194 652 eius
1253 586 1336 652 ab
1393 587 1641 672 reliqua
1694 590 2025 674 provincia
2078 602 2427 676 separetur.

103 690 284 771 Quid
341 691 552 777 igitur
600 694 725 758 hoc
779 695 1144 782 significat?
1224 695 1398 760 Num
1444 696 1795 761 Ptolemaei
1847 708 2051 763 aetate
2095 699 2138 762 i.
2180 721 2235 762 e.
2286 697 2427 764 Ha-

101 799 330 878 driano
380 811 444 865 et
485 801 606 865 Pio
647 803 1110 888 imperantibus
1147 804 1422 870 Asturia
1468 805 1757 870 seiuncta
1794 805 1877 870 ab
1908 806 2227 891 Hispania
2270 807 2428 871 cite-

99 909 264 974 rimie
329 931 456 974 suo
506 911 720 995 legato
771 913 1024 994 paruit?
1106 910 1215 978 An
1279 913 1569 978 seiuncta
1622 913 1733 978 illa
1773 915 2033 997 quidem
2078 926 2245 992 erat,
2309 916 2425 980 sed

96 1018 186 1084 itu
245 1029 472 1082 tamen
531 1041 758 1084 rursus
819 1021 1195 1097 coniuncta,
1255 1031 1328 1084 ut
1381 1021 1495 1105 qui
1552 1022 1611 1086 ei
1668 1035 2022 1106 praeesset,
2082 1027 2425 1090 universae

103 1125 614 1192 Tarraconensis
655 1128 1010 1214 Hispaniae
1053 1130 1268 1214 legato
1317 1129 1617 1213 pareret?
1688 1127 1796 1194 An
1842 1131 2119 1217 denique
2160 1155 2239 1198 ex
2280 1131 2427 1198 Au-

102 1236 268 1319 gusti
322 1235 654 1312 institut0‚
711 1259 862 1301 cum
903 1260 1106 1301 unum
1151 1238 1336 1322 quasi
1380 1239 1747 1323 provinciae
1792 1261 2059 1326 corpus,
2116 1263 2289 1306 unus
2334 1243 2425 1307 le-

104 1354 288 1428 gatus
351 1345 598 1421 fuerat,
657 1344 818 1409 nihil
863 1356 1019 1410 tunc
1063 1358 1200 1410 erat
1239 1347 1689 1410 immutatum?
1769 1347 1909 1411 Iam
1953 1347 2111 1411 nihil
2158 1350 2239 1414 ab
2281 1347 2427 1415 Au·-

104 1453 272 1536 gusti
332 1467 624 1538 tempore
667 1453 734 1516 in
783 1453 1102 1538 Hispania
1141 1453 1609 1519 Tarraconensi
1656 1476 1798 1520 esse
1843 1467 2156 1521 mutatum
2201 1481 2425 1544 parum

107 1571 200 1624 est
221 1559 598 1644 probabile3
640 1584 788 1626 nam
815 1585 895 1626 ex
925 1563 1246 1640 omnibus,
1281 1585 1448 1647 quae
1474 1563 1873 1649 imperatoris
1902 1566 2195 1650 propriae
2226 1579 2427 1642 erant,

107 1669 458 1751 provinciis
511 1669 623 1732 vix
679 1693 812 1734 una
864 1671 1252 1755 reperietur,
1319 1693 1487 1755 quae
1541 1693 1668 1734 non
1724 1671 2031 1756 paulatim
2086 1674 2152 1737 in
2206 1673 2427 1759 plures

39 1829 45 1847 ‚
119 1789 320 1860 partes
371 1777 586 1842 divisa
627 1778 728 1842 sit.
808 1777 881 1842 Si
926 1767 1084 1864 quid
1131 1788 1344 1842 autem
1391 1791 1491 1844 est
1534 1779 1961 1856 immutatum,
2011 1803 2137 1846 non
2182 1782 2429 1848 incom-

39 1927 43 1963 1
113 1886 294 1948 mode
334 1883 612 1952 Asturia
649 1898 712 1950 et
751 1885 1082 1952 Gallaecia
1118 1909 1288 1950 nova
1325 1887 1659 1971 provincia
1696 1886 2026 1953 videbitur
2064 1911 2209 1954 esse
2244 1891 2427 1954 insti-

39 2038 42 2072 ÷
108 2005 256 2057 tuta.
333 1993 414 2056 Id
463 2017 606 2078 age,
649 1993 844 2079 paulo
883 1993 1182 2079 pluribus
1223 1995 1639 2079 explicemus.
1702 1993 1960 2060 Etenim
1998 1995 2079 2060 ab
2120 1993 2429 2082 Augusto

39 2160 43 2182 ‚-
103 2100 460 2187 Hispanias
515 2104 854 2168 universas
913 2112 1164 2166 constat
1219 2103 1285 2166 in
1346 2114 1476 2167 tres
1536 2103 1903 2188 provincias
1961 2128 2103 2169 esse
2158 2106 2425 2179 divisas,

39 2230 45 2291 j
101 2233 380 2293 quarum
442 2233 634 2274 unam
693 2211 1064 2276 ulteriorem
1128 2210 1264 2276 sive
1317 2211 1647 2275 Baeticam
1688 2214 2096 2296 proconsul,
2162 2215 2426 2278 alteram

39 2379 45 2401 L
101 2317 657 2384 Tarraconensem
718 2319 972 2404 legatus
1031 2316 1330 2384 Caesaris
1393 2318 1783 2396 consularis,
1854 2323 2103 2386 tertiam
2162 2321 2425 2386 Lusita-

37 2449 45 2509 ᾗ
101 2429 268 2493 niam
317 2427 683 2514 praetorius
729 2426 1024 2492 eiusdem
1065 2429 1320 2512 legatus
1367 2426 1701 2492 obtineret.
1791 2429 2017 2512 Itaque
2060 2430 2127 2493 in
2166 2431 2428 2496 Baetica

39 2590 51 2617 ·.
103 2537 368 2620 quidem
411 2535 534 2601 sub
574 2535 838 2600 Tiberio
880 2535 1114 2602 Vibius
1157 2535 1440 2600 Serenus
1478 2537 1841 2620 .proconsul
1898 2551 2429 2604 commemoratur

106 2647 275 2731 apud
303 2645 464 2710 Tac.
490 2645 728 2709 Annal.
749 2645 871 2722 IV,
910 2645 1006 2721 13,
1052 2644 1174 2710 sub
1214 2645 1469 2709 Nerone
1512 2645 1785 2708 Alienus
1816 2641 2095 2710 Caecina
2124 2659 2431 2732 quaestor

40 2742 45 2806 ζ
111 2754 274 2839 apud
321 2754 482 2818 Tac.
520 2753 694 2817 Hist.
721 2753 776 2829 Ι,
815 2753 928 2830 53,
977 2752 1098 2818 sub
1138 2751 1420 2816 Traiano
1468 2750 1541 2817 P.
1581 2750 1839 2815 Tullius
1878 2752 2087 2816 Varro
2126 2775 2426 2838 procons.

123 2863 273 2947 apud
319 2861 527 2927 Orell.
569 2886 632 2926 n.
673 2861 861 2938 6497,
923 2861 1044 2926 sub
1089 2861 1424 2925 Hadriano
1476 2857 1551 2923 C.
1592 2856 1851 2944 Oppius
1909 2881 2204 2944 procons.
2267 2861 2426 2926 ibid.

39 3014 43 3049 f
117 2994 170 3034 n.
207 2971 398 3037 3306.
506 2970 752 3035 Verum
804 2969 1156 3054 imperante
1211 2969 1306 3032 M.
1361 2966 1631 3032 Aurelio
1686 2989 1948 3031 necesse
2006 2979 2105 3032 est
2158 2969 2425 3034 mutatio

39 3122 43 3145 ·.
112 3061 450 3145 acciderit*
491 3102 622 3143 non
694 3089 944 3142 tantum
1004 3077 1302 3142 Baeticae
1369 3075 1765 3161 provinciae,
1847 3075 1961 3140 sed
2017 3076 2205 3142 etiam
2263 3077 2425 3142 Tar-

111 3188 498 3254 raconensis.
589 3187 846 3252 Etenim
908 3186 990 3250 de
1043 3183 1356 3270 Septimio
1399 3181 1647 3249 Severo
1692 3181 2075 3269 Spartianus
2134 3207 2187 3249 c.
2233 3185 2274 3250 2
2336 3185 2431 3250 sic

115 3298 336 3363 tradit:
405 3299 822 3368 Quaesturam
859 3292 1188 3376 diligenter
1225 3297 1382 3375 egit:
1429 3293 1709 3356 omnibus
1748 3292 2009 3355 sortibus
2046 3303 2235 3368 natus
2268 3297 2431 3356 mili-

116 3411 236 3468 tari
266 3414 414 3488 post
451 3413 845 3484 quaesturam
889 3412 1050 3464 sorte
1093 3405 1407 3464 Baeticam
1451 3406 1705 3482 accepit,
1748 3412 1933 3483 atque
1968 3403 2113 3463 inde
2144 3405 2429 3483 Africam

113 3519 311 3592 petiit,
373 3523 451 3574 ut
501 3522 744 3574 mortuo
787 3523 974 3592 patre
1025 3531 1154 3572 rem
1211 3512 1599 3572 domesticam
1652 3519 2047 3589 componeret.
2123 3512 2246 3571 Sed
2282 3511 2429 3571 dum

122 3626 176 3683 in
215 3629 272 3704 Α
271 3624 449 3700 frica
491 3629 594 3694 est,
634 3641 756 3700 pro
799 3623 1053 3681 Baetica
1095 3620 1398 3680 Sardinia
1438 3621 1501 3677 ei
1538 3617 1843 3677 attributa
1886 3626 1974 3678 est
1988 3662 2005 3691 ,
2068 3619 2234 3696 quod
2276 3620 2430 3677 Bae-

127 3735 292 3794 ticam
343 3732 576 3792 Mauri
621 3727 1110 3808 populabantur.
1197 3733 1354 3789 Acta
1405 3728 1607 3804 igitur
1658 3733 1991 3804 quaestura
2038 3725 2436 3786 Sardiniensi

120 3841 478 3920 legationem
508 3838 894 3917 proconsulis
929 3838 1194 3917 Africae
1234 3837 1487 3914 accepit.
1560 3831 1747 3896 Haec
1782 3829 1979 3896 verba
2018 3832 2251 3896 vitiosa
2288 3853 2431 3894 esse

121 3968 332 4010 omnes
387 3945 772 4028 interpretes
823 3942 1217 4020 concedunt,
1279 3942 1395 4006 sed
1451 3939 1777 4025 quomodo
1832 3939 2235 4004 emendanda
2282 3939 2431 4014 sint,

121 4075 342 4136 parum
381 4061 634 4117 constat
665 4073 786 4116 nec
820 4061 994 4116 recte
1031 4049 1356 4114 emendari
1395 4071 1589 4134 posse
1624 4047 1919 4112 existimo
1968 4048 2107 4113 sine
2136 4047 2431 4112 codicum

123 4182 250 4246 ope.
353 4160 528 4226 [llud
576 4171 822 4224 certum
867 4170 996 4235 est,
1055 4158 1300 4224 nullam
1341 4157 1667 4241 duplicem
1710 4157 1914 4220 fuisse
1962 4154 2190 4220 Severi
2234 4175 2431 4238 quae-

127 4279 378 4344 sturm,
423 4277 498 4332 ut
536 4267 814 4352 primum
857 4265 1098 4332 Romae
1140 4267 1360 4332 nescio
1401 4286 1594 4350 quam
1640 4265 1881 4351 egerit,
1928 4263 2163 4326 deinde
2207 4270 2431 4349 exacto

126 4379 495 4464 magistratu
537 4377 608 4441 in
651 4376 1046 4462 provinciam
1088 4377 1418 4461 profectus
1464 4374 1583 4448 sit,
1642 4373 1753 4457 qui
1792 4394 1931 4436 mos
1978 4393 2125 4434 cum
2170 4369 2321 4432 olim
2362 4368 2433 4431 in
