2917 5017
765 325 848 374 De
897 323 1065 374 Gallia
1101 290 1451 374 Romanorum
1506 323 1781 390 provincia.
2344 323 2427 388 95
2481 321 2486 327 ’

161 491 558 572 relinquerent,
599 490 852 554 militari
893 501 1138 555 tantum
1170 491 1440 575 imperio
1472 501 1828 565 uterentur,
1873 491 2217 576 Augustus
2258 491 2429 555 eius-

163 623 262 684 que
307 619 696 663 successores
753 610 816 662 et
867 599 992 683 ipsi
1047 623 1086 664 a
1131 599 1384 662 militari
1437 598 1707 684 imperio
1750 599 2019 684 profecti
2062 599 2429 663 universam

162 706 568 792 rempublicam
636 717 978 771 tenuerunt
1035 719 1098 770 et
1154 707 1385 792 legatis
1449 707 1585 771 suis
1632 729 1781 771 cum
1824 707 2133 772 militibus
2177 731 2433 773 omnem

159 815 372 879 omnino
419 814 930 882 iurisdictionem
981 817 1404 880 tradiderunt.
1488 815 1636 880 Hoc
1682 815 1855 900 apud
1901 838 2011 880 eos
2056 817 2168 901 qui
2212 839 2431 881 rerum

156 925 546 988 Romanarum
589 923 776 1009 periti
824 936 993 1002 sunt,
1039 925 1130 989 ita
1172 934 1453 999 constat,
1510 934 1583 987 ut
1624 924 1811 1009 plura
1858 924 2073 988 dicere
2121 947 2431 1010 superva-

155 1054 382 1096 caneum
440 1031 524 1094 sit
581 1053 788 1116 neque
829 1020 1157 1108 veremur,
1217 1055 1300 1095 ne
1344 1031 1493 1115 quis
1538 1033 1801 1110 existat,
1866 1034 1969 1098 cui
2010 1033 2433 1099 Feohteriana

153 1139 457 1224 disputatio
511 1138 836 1225 probetur.
932 1141 1160 1225 Neque
1204 1164 1280 1205 ea
1320 1140 1564 1225 placuit
1606 1141 1853 1206 Theod.
1890 1143 2321 1207 Mommsenio
2364 1143 2431 1208 in

152 1245 270 1311 Act.
308 1247 519 1311 societ.
560 1247 746 1312 litter.
795 1245 1035 1312 Saxon.
1077 1249 1260 1333 Lips.
1305 1250 1455 1314 anni
1504 1249 1661 1315 1853
1705 1273 1769 1335 p.
1804 1251 1927 1316 230
1966 1273 2080 1335 sq„
2128 1251 2241 1335 qui
2286 1274 2431 1314 eum

151 1356 214 1418 de
247 1355 460 1419 Africa
505 1366 568 1419 et
608 1356 919 1421 Numidia
959 1357 1387 1442 disputasset,
1436 1358 1625 1422 etiam
1666 1358 1747 1421 de
1794 1355 2008 1423 Gallia
2054 1361 2321 1445 Belgica
2370 1369 2432 1422 et

149 1462 479 1528 Germaniis
540 1464 738 1541 dixit,
801 1464 1074 1530 laudans
1117 1465 1224 1528 ille
1268 1465 1530 1549 quidem
1572 1466 1820 1541 verbis,
1879 1490 2043 1551 quae
2086 1468 2193 1531 ille
2234 1489 2432 1552 expo-

151 1583 348 1647 suerat,
385 1573 504 1636 sed
540 1595 611 1636 re
645 1573 790 1658 ipsa
825 1574 914 1638 ita
947 1572 1312 1648 discedens,
1350 1583 1424 1636 ut
1449 1595 1684 1638 novam
1716 1576 2038 1658 quandam
2068 1576 2431 1661 opinionem

147 1681 525 1764 proposuisse
582 1681 897 1744 videatur.
980 1681 1338 1746 Vei-issima
1389 1681 1557 1744 enim
1614 1694 1791 1758 sunt,
1850 1705 2013 1766 quae
2069 1708 2128 1769 p.
2171 1685 2293 1749 233
2352 1685 2432 1749 de

149 1786 355 1872 duplici
403 1788 552 1865 illa,
624 1810 789 1873 quae
832 1789 1148 1853 Fechtero
1188 1790 1555 1874 placuerat,
1624 1791 2063 1856 iurisdictione
2124 1793 2431 1878 disputat,

147 1917 304 1978 quam
357 1896 557 1961 ullam
621 1897 824 1961 fuisse
867 1909 1094 1982 negat:
1163 1919 1328 1981 quae
1371 1898 1677 1981 quoniam
1718 1899 1881 1962 falsa
1917 1922 2059 1963 esse
2102 1910 2431 1985 cognorat,

147 2002 189 2064 si
227 2003 458 2087 reliqua
503 2006 693 2070 etiam
737 2006 1158 2070 Fechteriana
1197 2005 1653 2090 improbasset,
1720 2006 1895 2071 haud
1948 2009 2145 2092 paulo
2195 2009 2433 2073 rectius

146 2110 368 2175 videtur
404 2112 614 2177 fuisse
659 2115 969 2178 facturus.
1037 2113 1218 2195 Quid
1259 2126 1474 2178 autem
1515 2115 1640 2200 ipsi
1678 2115 1931 2201 placet?
1998 2117 2220 2180 Minus
2251 2118 2435 2201 equi-

141 2218 265 2282 dem
312 2243 408 2284 me
458 2223 873 2306 perspexisse
929 2224 1166 2298 fateor,
1229 2222 1387 2306 quid
1435 2223 1711 2298 diceret,
1776 2225 1888 2288 sed
1936 2236 2247 2308 quantum
2292 2225 2433 2290 eius

149 2329 490 2392 sententiam
565 2340 904 2394 assecutus
979 2352 1153 2405 sum,
1233 2340 1296 2393 et
1351 2352 1493 2396 esse
1544 2333 2019 2415 quodammodo
2075 2334 2213 2397 vult
2264 2332 2433 2396 Ger-

143 2438 352 2501 manias
390 2438 762 2523 provineias
803 2448 867 2501 et
901 2461 1030 2501 non
1073 2459 1236 2502 esse.
1306 2437 1519 2524 Negat
1558 2441 1726 2503 enim
1760 2442 2020 2526 publice
2050 2439 2433 2506 Germanias

145 2545 456 2630 appellatas
505 2568 650 2610 esse
694 2545 1056 2631 provincias
1079 2594 1093 2614 .
1149 2569 1188 2608 a
1229 2546 1647 2632 script-oribus
1696 2560 1759 2612 et
1800 2549 1866 2611 in
1907 2549 2433 2630 inscriptionibus

151 2675 302 2737 saepe
348 2654 443 2718 sic
497 2655 712 2719 vocari
771 2653 1093 2730 concedit3
1153 2677 1353 2717 unum
1406 2655 1611 2720 fuisse
1661 2657 1845 2739 quasi
1904 2679 2137 2742 corpus
2184 2655 2434 2722 Galliae

153 2758 410 2846 Belgicae
453 2761 726 2845 eiusque
764 2772 980 2847 partes
1022 2761 1354 2844 quasdam,
1401 2763 1539 2828 sive
1582 2787 1693 2829 eae
1734 2765 2028 2848 regiones
2072 2765 2209 2829 sive
2254 2764 2435 2828 dioe-

165 2887 291 2931 ceses
329 2870 758 2946 dicerentur,
789 2869 1207 2948 Germanias,
1257 2870 1371 2934 sed
1413 2872 1525 2955 qui
1571 2883 1781 2936 tamen
1824 2871 2204 2938 Germanias
2248 2895 2434 2958 rege-

157 2986 282 3052 rent,
333 2979 798 3064 imperatorum
840 2978 1088 3063 legatos
1131 2980 1268 3064 pari
1315 2979 1456 3043 iure
1500 2981 1705 3045 fuisse
1750 3002 1897 3045 cum
1943 2981 2235 3066 praeside
2282 2981 2434 3044 Bel-

147 3083 311 3167 gicae.
390 3087 582 3151 Haec
623 3087 777 3170 quin
823 3087 990 3152 inter
1032 3109 1100 3151 se
1141 3097 1457 3173 pugnent,
1504 3089 1615 3152 vix
1652 3089 1912 3154 videtur
1956 3113 2097 3154 esse
2141 3088 2433 3153 dubium.

143 3190 490 3260 Provinciae
549 3195 719 3258 enim
776 3217 1009 3259 nomen
1067 3195 1509 3260 existimamus
1570 3197 1709 3260 eius
1766 3197 2049 3282 regionis
2098 3219 2239 3261 esse
2285 3219 2437 3282 pro-

143 3299 349 3380 prium,
393 3323 566 3386 quae
601 3325 720 3366 suo
754 3302 1036 3388 praesidi
1071 3315 1290 3388 pareat
1315 3326 1525 3389 neque
1555 3305 1817 3370 alterius
1846 3306 2129 3391 regionis
2160 3303 2437 3390 praesidi

145 3407 398 3475 subiecta
439 3412 559 3487 sit3
612 3433 810 3494 quare
853 3409 907 3474 si
951 3410 1202 3495 legatus
1245 3412 1549 3497 Belgicae
1596 3423 1658 3476 et
1702 3413 1900 3498 legati
1944 3413 2437 3478 Germaniarum

143 3516 251 3596 pari
287 3517 426 3582 iure
471 3529 656 3582 erant
699 3539 910 3603 neque
951 3529 1062 3582 aut
1099 3519 1164 3582 hi
1211 3518 1384 3583 illius
1423 3531 1535 3584 aut
1575 3521 1682 3585 ille
1730 3521 1963 3585 horum
2006 3521 2277 3607 imperio
2321 3543 2437 3606 pa-

147 3623 352 3700 rebant,
399 3627 716 3711 sequitur,
761 3636 835 3691 ut
877 3637 939 3690 et
984 3627 1252 3713 Belgica
1290 3629 1689 3713 provinciam
1730 3629 2015 3693 effecerit
2056 3639 2121 3693 et
2162 3628 2437 3694 Germa-

155 3730 254 3796 niae
293 3756 441 3798 cum
479 3757 608 3799 non
630 3736 844 3800 minus
867 3757 984 3820 per
1023 3757 1092 3799 se
1128 3735 1307 3821 ipsae
1345 3737 1765 3813 constiterint,
1810 3737 2067 3822 publice
2102 3737 2437 3823 privatim-

154 3859 242 3921 que
289 3843 664 3927 provinciae
725 3843 1144 3929 appellandae
1201 3844 1458 3909 fuerint.
1567 3844 1671 3909 Ac
1726 3868 1807 3910 ne
1861 3846 1927 3908 in
1982 3845 2093 3911 illo
2153 3846 2437 3930 quidem,

146 3951 288 4027 quod
330 3951 658 4037 duplicem
701 3952 1207 4016 iurisdictionem
1250 3975 1289 4017 a
1329 3952 1649 4018 Fechtero
1695 3954 2123 4039 excogitatam
2171 3954 2435 4038 spernit,

147 4057 272 4122 satis
339 4081 564 4124 secum
629 4060 769 4146 ipse
825 4060 1296 4125 Mommsenius
1371 4063 1709 4125 consentit.
1808 4061 1973 4126 Nam
2032 4083 2179 4126 cum
2232 4071 2438 4125 certos

147 4160 612 4232 Germaniarum
654 4168 816 4233 fines
857 4179 1231 4253 certumque
1277 4169 1591 4234 ambitum
1634 4169 1837 4234 fuisse
1878 4178 2081 4254 putet,
2125 4167 2299 4232 idem
2344 4169 2439 4232 le-

148 4283 300 4356 gatos
343 4274 842 4342 Germaniarum
898 4276 1242 4342 maximam
1299 4287 1547 4363 partem
1602 4277 1823 4341 statuit
1872 4277 2078 4341 fuisse
2132 4277 2439 4342 militares

147 4378 179 4439 i.
215 4403 282 4457 e.,
328 4384 575 4468 opinor,
622 4384 931 4449 militibus
969 4385 1342 4470 imperasse,
1387 4406 1516 4451 non
1558 4386 1785 4450 ceteris
1827 4385 2076 4462 incolis,
2120 4396 2193 4448 ut
2230 4385 2441 4450 incer—
