2917 5017
713 406 716 409 ⁴
830 351 912 401 De
945 352 1316 415 propagatione
1355 350 1571 401 civitatis
1614 351 1896 401 Romanae.
2392 346 2515 412 379

170 511 422 589 fuisse,
461 513 732 578 alterum
763 512 1254 579 Germaniarum
1301 533 1639 577 commune
1681 512 1747 577 in
1774 514 2027 579 colonia
2048 514 2515 601 Agl‘ippinensi

171 620 370 703 apud
389 619 596 686 Ubios
635 622 764 687 iam
793 621 914 687 sub
935 622 1244 706 Augusto
1267 621 1601 685 conditum
1626 620 1811 700 (Tac.
1836 620 2072 687 Annal.
2097 622 2152 698 I,
2185 622 2264 687 39
2292 633 2355 687 et
2377 623 2513 705 57),

171 727 474 812 denique
499 728 833 813 Lugduni,
871 729 1047 814 quod
1075 728 1350 793 maxime
1381 741 1517 793 erat
1554 729 1837 793 omnium
1878 728 2147 806 celebre,
2187 731 2340 815 quia
2380 743 2513 795 tres

169 836 561 920 provinciae
604 836 884 913 Galliae,
938 838 1235 922 Belgica,
1295 837 1795 922 Lugdunensis,
1848 837 2201 922 Aquitania
2240 860 2317 904 eo
2349 844 2513 903 'con-

169 943 669 1021 tribuebantur,
735 946 816 1010 de
883 968 1012 1030 quo
1069 946 1384 1030 imprimis
1443 968 1609 1029 quae
1668 945 1866 1032 Alph.
1929 948 2249 1013 Boissiev.
2305 947 2513 1011 Inscr.

168 1051 412 1137 Lugd.
454 1077 517 1139 p.
555 1054 637 1118 78
679 1076 772 1137 sq.
819 1044 1191 1139 disputarit,
1245 1054 1633 1118 conferenda
1678 1066 1847 1119 sunt.

361 1158 600 1226 Omnia
661 1162 864 1248 igitur
928 1162 1085 1226 haec
1143 1162 1599 1247 Augustorum
1660 1163 1898 1248 templa
1960 1185 2144 1229 suam
2205 1163 2511 1249 quodque

167 1268 511 1333 habebant
561 1272 743 1353 quasi
784 1271 1212 1357 provinciam,
1279 1270 1467 1335 cuius
1506 1271 1823 1357 principes
1866 1272 2220 1337 sacerdotia
2260 1272 2511 1336 obirent

166 1379 658 1465 pecuniamque
713 1381 1107 1457 conferrent,
1169 1379 1499 1464 multaque
1550 1378 1737 1443 nobis
1793 1381 2165 1457 traduntur,
2226 1391 2289 1444 et
2346 1402 2510 1465 quae

169 1487 505 1572 cuiusque
548 1489 882 1574 provincia
921 1488 1116 1553 fuerit
1159 1499 1222 1553 et
1264 1510 1428 1573 quae
1476 1488 1829 1553 sacerdotia
1870 1500 1932 1552 et
1968 1490 2078 1573 qui
2120 1488 2261 1553 ludi
2300 1500 2362 1553 et
2400 1488 2511 1572 qui

167 1595 418 1681 reliqui
461 1596 757 1661 honores.
831 1597 964 1662 Sed
1008 1620 1138 1662 non
1181 1596 1249 1659 id
1289 1597 1543 1682 agimus
1586 1595 1711 1660 hoc
1752 1597 1916 1675 locO,
1954 1608 2027 1661 ut
2056 1598 2507 1683 imperatorum

170 1704 430 1769 cultum
479 1705 772 1769 divinum
815 1706 1243 1781 illustremus,
1299 1706 1380 1769 de
1423 1728 1552 1790 quo
1592 1715 1971 1790 argumento
2010 1728 2159 1769 cum
2202 1705 2311 1770 alii
2352 1706 2509 1771 scri-

170 1824 453 1897 pserunt
469 1860 486 1890 ,
546 1824 685 1878 tum
736 1814 1018 1879 breviter
1067 1837 1142 1878 ac
1199 1814 1332 1877 fere
1381 1824 1555 1877 recte
1598 1813 1954 1898 disputavit
1994 1813 2395 1897 Marquardt.
2440 1814 2509 1877 in

171 1922 520 2007 compend.
565 1922 762 2007 antiq.
807 1922 994 1987 Rom.
1033 1921 1157 1999 III,
1208 1926 1229 1985 1
1283 1945 1348 2006 p.
1374 1921 1497 1986 268
1532 1932 1595 1984 et
1624 1921 1719 1985 IV
1764 1945 1825 2006 p.
1856 1922 2000 1987 424.
2067 1921 2203 1985 Nos
2246 1922 2510 2007 quidem

172 2029 486 2094 videmur
531 2028 854 2107 docuisse,
900 2030 1307 2117 Lugdunum
1353 2029 1556 2094 fuisse
1604 2030 2005 2115 metropolim
2046 2053 2187 2095 eam
2228 2029 2311 2095 ob
2356 2053 2508 2094 cau-

173 2160 318 2205 sam
338 2185 356 2214 ,
418 2140 594 2223 quod
651 2137 743 2202 ibi
796 2140 991 2203 trium
1046 2138 1516 2224 provinciarum
1578 2160 1913 2203 commune
1972 2149 2143 2203 esset
2199 2137 2509 2222 templum

170 2246 678 2331 imperatoribus
719 2246 1028 2311 Romanis
1071 2257 1534 2311 consecratum.
1612 2245 1938 2310 Tenemus
1980 2246 2179 2332 igitur
2220 2268 2507 2311 commu-

172 2354 442 2419 nionem
483 2355 794 2439 aliquam,
839 2378 1004 2440 quae
1048 2355 1217 2419 inter
1259 2355 1583 2440 principes
1631 2354 1964 2419 civitatum
2010 2354 2506 2431 foederatarum,

179 2463 290 2547 qui
352 2463 458 2527 ius
520 2463 837 2528 honorum
896 2462 977 2528 ab
1034 2445 1416 2548 imperatore
1466 2459 1745 2527 Claudio
1800 2463 2156 2548 petierunt,
2225 2473 2289 2528 et
2340 2464 2509 2529 inter

177 2572 500 2637 coloniam
539 2572 1052 2658 Lugdunensem
1091 2570 1546 2646 intercesserit,
1591 2593 1719 2635 non
1760 2593 1837 2635 ex
1877 2570 2228 2656 republica,
2270 2571 2386 2635 sed
2428 2594 2508 2635 ex

56 2711 58 2748 z
173 2681 438 2765 privata
479 2681 666 2766 quasi
709 2679 1184 2766 provinciarum
1228 2677 1537 2760 religione
1580 2678 2011 2763 repetendam.
2095 2678 2315 2763 Atque
2354 2678 2511 2744 haec

176 2789 552 2854 communio
593 2789 730 2853 sine
777 2786 978 2851 dubio
1021 2786 1252 2862 effecit,
1298 2796 1370 2848 ut
1411 2785 1571 2849 haec
1620 2784 1880 2851 Claudii
1925 2787 2145 2861 oratic,
2208 2787 2503 2871 quamvis

173 2896 342 2961 nihil
399 2897 482 2962 ad
538 2896 1024 2982 Lugdunenses
1087 2894 1265 2978 ipsos
1334 2894 1713 2978 pertineret,
1772 2904 1985 2957 tamen
2036 2893 2210 2979 apud
2272 2916 2381 2958 eos
2440 2894 2509 2957 in

176 3006 418 3093 templo
476 3005 929 3091 Augustorum
991 3004 1430 3068 collocaretur.
1526 3002 1784 3067 Etenim
1837 3013 2017 3067 erant
2067 3002 2133 3065 in
2192 3024 2297 3078 00,
2360 3025 2508 3068 cum

179 3112 506 3180 Claudius
557 3114 928 3199 imperaret,
988 3122 1240 3197 praeter
1286 3110 1555 3175 Romam
1600 3111 1807 3195 ipsam
1852 3121 1981 3175 tres
2035 3121 2312 3188 statuae,
2373 3110 2509 3176 divi

178 3224 336 3289 Iulii
381 3228 554 3304 (nam
602 3222 768 3287 hanc
807 3220 970 3284 etin
1017 3218 1313 3283 omnibus
1360 3230 1580 3304 postea
1619 3217 1983 3306 Augusteis
2026 3220 2231 3285 fuisse
2276 3241 2508 3286 censeo

181 3344 242 3397 et
307 3332 378 3396 in
431 3330 700 3397 Gallicis
768 3338 942 3393 certe
1005 3327 1234 3393 abesse
1294 3328 1475 3391 nullo
1530 3328 1723 3392 modo
1778 3329 2133 3415 potuisse),
2194 3326 2507 3414 Augusti,

182 3438 478 3517 Claudii3
551 3438 798 3503 Tiberii
862 3437 1032 3501 enim
1101 3448 1164 3499 et
1220 3432 1553 3519 Caligulae
1619 3436 1926 3501 memoria
1991 3447 2126 3501 erat
2189 3436 2506 3499 damnata.

183 3548 439 3631 Quare,
497 3570 644 3613 cum
688 3546 956 3612 nuntius
1000 3544 1082 3610 de
1128 3543 1440 3609 beneficio
1478 3544 1877 3629 imperatoris
1924 3543 2007 3609 ad
2050 3544 2319 3609 Aeduos
2359 3566 2507 3629 per-

182 3657 467 3723 venisset
524 3678 800 3739 eumque
861 3655 1094 3719 eximio
1147 3653 1384 3717 honore
1439 3652 1834 3716 remunerari
1893 3652 2205 3737 placeret,
2273 3650 2507 3716 oratio·
2546 3666 2549 3671 ·

183 3786 333 3830 nem
376 3764 583 3850 ipsius
626 3773 1015 3847 senatusque
1060 3761 1423 3826 consultum
1470 3781 1545 3825 eo
1580 3770 1839 3825 auctore
1886 3761 2129 3825 factum
2168 3758 2233 3823 in
2270 3758 2507 3843 templo

185 3873 294 3937 illo
338 3872 521 3937 iuxta
563 3870 824 3937 Claudii
863 3881 1158 3947 statuam,
1203 3869 1308 3933 cui
1349 3868 1709 3933 sacrificare
1747 3866 2054 3943 solebant,
2097 3868 2508 3943 collocarunt,

189 3979 776 4064 conferendumque
825 3990 922 4045 est
964 3978 1432 4043 nobilissimum
1480 3976 1643 4040 illud
1687 3988 2170 4041 monumentum
2212 3976 2508 4059 Ancyra-

189 4111 381 4165 num,
425 4088 635 4172 quod,
693 4110 836 4152 cum
881 4109 1088 4171 neque
1127 4087 1334 4169 legem
1372 4106 1583 4169 neque
1626 4083 1843 4148 ullum*
1872 4082 2257 4147 beneficium
2303 4082 2505 4147 conti-

191 4207 398 4273 neret,
455 4195 536 4260 ad
579 4195 1193 4261 commendationem
1235 4193 1626 4280 posteritatis
1667 4192 1734 4255 in
1771 4191 2061 4276 Augusti
2098 4191 2335 4277 templo
2376 4191 2508 4256 col-

191 4304 466 4369 locatum
527 4327 670 4369 esse
726 4304 988 4369 scimus.
1080 4303 1202 4367 1110
1257 4302 1428 4379 eius,
1493 4324 1533 4365 a
1586 4324 1715 4385 quo
1757 4300 2099 4387 imperium
2144 4300 2508 4365 Romanum

195 4412 648 4499 amplificatum
693 4434 767 4479 ac
809 4412 1174 4478 restitutum
1221 4432 1364 4477 esse
1405 4409 1784 4486 videbatur,
1842 4432 1945 4476 res
1998 4409 2171 4474 domi
2226 4430 2298 4473 ac
2338 4408 2509 4474 bello
