2917 5017
755 339 838 390 De
873 337 1048 390 Gallia
1081 339 1431 390 Romanorum
1470 341 1747 404 provincia.
2300 341 2413 406 141

93 502 553 582 admittemus,
617 517 920 592 sequetur
974 529 1104 571 non
1160 516 1287 571 tam
1349 506 1469 570 hoc
1522 517 1597 573 ut
1653 508 1906 592 legatus
1952 505 2242 593 Augusti
2297 528 2417 592 per

94 614 632 695 proconsularem
660 617 1053 701 provinciam
1081 613 1354 679 militare
1381 615 1709 698 quoddam
1740 616 2077 700 imperium
2103 615 2419 692 habuerit,

98 742 286 802 quam
331 721 526 800 illud,
577 733 650 787 ut
692 724 1037 810 proconsul
1081 723 1557 807 quodammodo
1598 723 1677 799 ei,
1722 745 1913 808 quam
1956 724 2207 810 proprie
2242 724 2421 810 lega-

95 838 196 892 tus
243 828 538 907 tenebat,
582 832 950 917 provinciae
992 830 1336 896 Numidiae
1378 831 1751 917 praefuerit,
1792 832 1861 895 id
1894 832 2070 916 quod
2103 853 2223 896 nec
2258 831 2423 896 dixit

93 936 450 1021 quisquam
519 961 640 1004 nec
708 941 842 1004 ullo
913 951 1291 1027 argumento
1346 940 1771 1006 demonstrari
1824 950 2037 1026 potest
2095 962 2215 1004 nec
2273 961 2421 1006 cum

93 1047 372 1111 consilio
416 1048 564 1125 illo,
613 1048 788 1132 quod
831 1045 1134 1134 Caligula
1176 1049 1242 1112 in
1289 1047 1647 1132 separanda
1693 1047 1999 1114 Numidia
2042 1049 2423 1115 minuenda·-

92 1176 214 1238 que
255 1156 678 1241 proconsulis
719 1167 1034 1241 potestate
1083 1167 1344 1222 secutus
1389 1179 1535 1222 esse
1571 1157 1796 1233 fertur,
1844 1157 2161 1223 convenit.
2238 1156 2421 1238 Quid

96 1264 296 1348 igitur
337 1265 702 1329 faciamus?
783 1265 969 1342 Hoc,
1019 1266 1276 1352 opinor,
1323 1278 1394 1329 ut
1440 1266 1785 1330 dioecesim
1830 1265 2003 1330 illam
2051 1265 2423 1331 Numidiam

98 1370 426 1436 diversam
485 1397 631 1438 esse
691 1384 1048 1440 statuamus
1099 1375 1180 1439 ab
1237 1375 1571 1460 provincia
1610 1373 1951 1450 Numidia,
2014 1374 2119 1437 cui
2168 1374 2423 1459 legatus

99 1492 428 1564 praeerat,
491 1482 932 1568 singularique
977 1483 1191 1568 aliqua
1235 1483 1316 1548 de
1363 1504 1561 1547 causa
1602 1482 1705 1547 vel
1747 1480 1897 1546 belli
1937 1482 2043 1547 vel
2088 1481 2423 1547 seditionis

99 1588 244 1654 huic
282 1591 592 1668 dioecesi,
637 1614 830 1676 quam
865 1615 1097 1657 rursus
1139 1592 1220 1657 ab
1260 1591 1487 1656 Africa
1527 1590 1777 1677 propria
1820 1591 2071 1677 seiungi
2112 1613 2241 1654 non
2285 1590 2425 1674 pla-

109 1709 288 1776 ceret,
335 1722 470 1764 non
518 1700 778 1764 solitum
819 1701 1103 1786 legatum
1148 1699 1579 1786 proconsulis,
1630 1697 1743 1763 sed
1791 1698 2079 1784 Augusti
2117 1699 2424 1784 legatum,

115 1807 212 1888 qui
239 1807 452 1893 copiis
485 1808 838 1873 maioribus
871 1809 1226 1875 instructus
1255 1831 1358 1872 res
1387 1816 1815 1892 componeret,
1856 1829 1999 1871 esse
2030 1808 2423 1892 impositum.

111 1912 298 1995 Quod
357 1939 746 2002 quamquam
797 1917 1088 2004 intelligo
1142 1939 1244 1982 me
1303 1916 1439 1981 sine
1496 1915 1633 1979 ulla
1699 1913 1821 1978 alia
1866 1914 2242 1979 auctoritate
2290 1914 2427 1980 dis-

102 2034 328 2106 putare
390 2045 468 2088 ac
521 2047 602 2088 ne
641 2035 897 2111 tempus
941 2025 1234 2109 quidem,
1294 2047 1422 2108 quo
1468 2023 1627 2088 haec
1669 2023 1734 2086 in
1782 2019 2011 2088 Africa
2054 2022 2425 2099 acciderint,

101 2131 468 2197 accuratius
525 2154 714 2217 posse
773 2132 1073 2210 definire,
1133 2132 1451 2218 (nondum
1507 2131 1676 2195 enim
1732 2130 1798 2194 in
1846 2131 2263 2217 inscriptione
2316 2132 2425 2195 illa

101 2241 410 2325 temporis
463 2240 776 2304 indicium
829 2241 1078 2320 inveni)
1133 2264 1260 2305 non
1307 2241 1501 2304 video
1544 2249 1792 2315 tamen,
1850 2262 1979 2324 qua
2017 2239 2141 2304 alia
2177 2240 2425 2304 ratione

102 2347 258 2412 haec
313 2357 492 2414 tanta
543 2348 890 2414 difficultas
941 2351 1150 2435 possit
1205 2349 1515 2434 superari.
1606 2346 2044 2410 Veruntamen
2102 2358 2249 2410 utut
2304 2348 2427 2412 hoc

49 2521 51 2526 ,
103 2466 230 2533 est,
284 2455 454 2520 illud
511 2455 784 2522 arbitror
837 2469 1162 2534 constare,
1221 2458 1304 2522 de
1346 2457 1609 2521 Africae
1664 2465 1727 2520 et
1770 2453 2113 2520 Numidiae
2157 2455 2427 2542 imperio

48 2629 50 2634 ,
105 2564 258 2628 nihil
321 2563 502 2628 illinc
553 2588 746 2651 posse
797 2567 1033 2653 colligi.
1127 2566 1240 2632 Sic
1297 2565 1583 2649 reliquae
1634 2564 1757 2628 iam
1813 2563 1977 2628 fiunt
2020 2574 2149 2629 tres
2194 2565 2427 2629 inscri-

109 2673 392 2754 ptiones,
459 2694 735 2757 quarum
793 2673 960 2740 duae
1019 2673 1315 2738 incidunt
1369 2675 1436 2736 in
1484 2683 1759 2738 aetatem
1799 2672 2213 2757 Vespasiani,
2278 2697 2427 2738 cum

122 2782 333 2846 Africa
385 2792 450 2844 et
497 2779 806 2847 Numidia
854 2782 1024 2848 bello
1069 2782 1275 2859 civili,
1334 2781 1513 2866 quod
1554 2791 2013 2857 antecesserat,
2075 2802 2427 2847 concussae

124 2888 422 2974 imprimis
463 2911 700 2975 magna
733 2913 892 2954 cura
926 2901 1218 2977 egerent:
1267 2912 1396 2976 quo
1437 2901 1723 2976 tempore
1764 2890 2004 2954 factum
2048 2911 2211 2964 esse,
2252 2891 2427 2974 quod

121 3011 292 3064 antea
352 3021 483 3063 non
529 3000 773 3064 factum
819 3012 1020 3078 esset,
1081 2999 1583 3085 impositumque
1639 3008 1954 3062 rectorem
2002 2997 2083 3061 ab
2128 2995 2428 3075 Caesare,

117 3109 216 3190 qui
275 3107 642 3172 discordias
703 3119 1142 3194 componeret,
1203 3109 1360 3172 nihil
1413 3107 1651 3173 habere
1707 3115 1922 3191 potest
1970 3105 2428 3172 admirationis.

119 3216 332 3299 Quare
393 3216 571 3301 quod
618 3215 946 3280 Domitius
1003 3215 1170 3281 Afer
1219 3216 1394 3301 apud
1449 3215 1643 3282 Grut.
1695 3239 1753 3301 p.
1795 3215 1950 3291 403,
2013 3218 2034 3278 1
2108 3216 2222 3300 (cf.
2262 3215 2429 3281 Mar.

122 3325 256 3390 Act.
300 3327 383 3391 fr.
429 3325 590 3389 Arv.
635 3347 699 3408 p.
738 3323 891 3410 756)
940 3325 1178 3389 dicitur
1207 3331 1564 3405 praetorius
1611 3329 1853 3406 legatus
1884 3329 2248 3406 provinciae
2288 3330 2428 3409 Asr.

123 3438 250 3516 imp.
279 3437 448 3500 Caes.
475 3440 647 3514 Aug,
691 3453 821 3498 non
865 3431 1059 3497 debet
1097 3455 1176 3497 eo
1212 3433 1555 3518 pertinere,
1592 3443 1665 3496 ut
1690 3431 1999 3498 Numidia
2033 3454 2179 3497 cum
2204 3428 2435 3498 Africa

127 3544 457 3608 coniuncta
501 3541 706 3606 fuisse
749 3540 1064 3618 videatur,
1110 3540 1224 3606 sed
1267 3541 1388 3605 hoc
1431 3541 1773 3627 significat,
1822 3551 1953 3605 tota
1989 3541 2433 3625 proconsulari

130 3659 428 3734 potestate
473 3649 709 3715 abolita
751 3649 1121 3714 universam
1160 3648 1450 3713 Africam
1497 3646 1793 3711 traditam
1837 3669 1979 3712 esse
2031 3647 2245 3732 legato
2292 3649 2433 3711 Au-

137 3761 323 3844 gusti,
396 3757 482 3822 ad
535 3757 834 3843 idemque
889 3780 1156 3843 prorsus
1215 3767 1470 3842 tempus
1528 3766 1817 3841 spectare
1876 3777 2107 3821 censeo
2162 3756 2433 3821 alterum

132 3868 376 3932 titulum
419 3867 594 3951 apud
637 3867 814 3932 Mur.
852 3867 998 3943 766,
1044 3865 1103 3942 5,
1149 3886 1278 3950 quo
1314 3866 1464 3929 Afri
1510 3867 1709 3931 frater
1748 3865 2107 3952 appellatur
2148 3869 2258 3946 qui
2294 3887 2433 3926 cum

128 3986 258 4038 esset
301 3978 676 4039 candidatus
717 3979 954 4042 Caesar.
991 3996 1094 4056 pr.
1137 3977 1322 4055 desig.
1367 3979 1585 4038 missus
1624 3985 1713 4037 est
1752 3976 1827 4038 ab
1870 3979 2017 4056 imp.
2074 3976 2437 4055 Vespasiano

134 4091 287 4166 Aug.
337 4089 580 4166 legatus
623 4105 746 4166 pro
792 4095 1082 4166 praetore
1141 4086 1229 4146 ad
1279 4089 1617 4146 exercitum
1675 4088 1786 4166 qui
1838 4092 1929 4146 est
1973 4086 2043 4144 in
2088 4085 2325 4166 Africa
2377 4089 2439 4142 et

137 4193 326 4256 absens
385 4203 550 4256 mter
601 4197 949 4274 praetorios
995 4196 1229 4256 relatus
1245 4241 1260 4269 ‚
1319 4203 1394 4256 ut
1452 4202 1607 4256 tunc
1654 4201 1833 4256 extra
1876 4190 2165 4254 ordinem
2210 4189 2435 4252 fratres

139 4299 441 4366 Domitios
485 4301 748 4367 Africae
787 4311 851 4366 et
883 4299 1228 4365 Numidiae
1273 4300 1607 4386 impositos
1652 4321 1797 4364 esse
1835 4297 2213 4363 existimem.
2284 4294 2439 4358 Alio

145 4431 211 4474 ex
251 4435 481 4498 genere
519 4420 619 4476 est
655 4409 992 4494 inscriptio
1033 4410 1110 4474 P.
1145 4408 1376 4474 Metilii
1417 4405 1705 4472 Secundi
1748 4406 1954 4490 (apud
1988 4403 2191 4469 Orell.
2222 4403 2438 4488 3382),
