2917 5017
738 381 819 431 De
860 379 1031 432 Gallia
1059 382 1410 433 Romanorum
1448 384 1729 449 provincia.
2315 382 2394 449 13

44 544 366 629 πολέμιον
410 545 593 610 οὐδὲν
636 545 1149 630 ἀποδεδειγμένον
1195 543 1329 631 εἶχε
1363 581 1451 593 --
1481 548 1582 611 καὶ
1603 546 1964 620 Σαλασσοὺς
1989 548 2270 619 Γαλάτας
2311 550 2394 634 μὴ

48 652 567 737 ἐγκαλουμένους
602 679 659 718 τι
702 653 1131 737 ἐξεπολέμωσε
1177 658 1301 723 τοῖς
1325 651 1685 738 Ῥωμαίοις.
1763 654 2021 739 Quodsi
2063 656 2187 723 hoc
2227 678 2396 723 anno

50 760 288 826 Gallia
308 760 604 826 nondum
630 762 757 827 fuit
789 761 1135 846 provincia,
1170 773 1341 827 certe
1364 764 1804 848 quinquennio
1829 765 2006 850 quod
2035 765 2399 850 insequitur

49 891 187 933 non
236 870 455 955 magis
494 892 641 935 esse
683 870 910 956 potuit.
996 868 1165 934 Nam
1210 893 1360 936 cum
1411 872 1482 935 in
1531 871 1850 958 Hispania
1891 894 2091 959 grave
2133 873 2396 951 bellum,

57 977 241 1060 quod
282 977 521 1042 annuis
560 977 1018 1063 imperatorum
1049 977 1301 1044 vicibus
1346 1001 1478 1044 non
1515 990 1688 1045 reete
1731 980 2165 1047 administrari
2201 1002 2396 1068 posse

60 1084 437 1163 videretur,
482 1085 850 1163 exarsisset,
900 1087 995 1151 sic
1040 1086 1405 1152 institutum
1452 1096 1552 1152 est
1569 1134 1586 1164 ,
1642 1098 1717 1152 ut
1752 1098 2022 1172 utraque
2065 1089 2401 1175 provincia

53 1204 117 1258 et
164 1194 536 1259 consularis
568 1204 741 1260 esset
784 1204 849 1259 et
876 1217 997 1280 per
1033 1195 1364 1260 biennium
1396 1220 1435 1261 a
1460 1196 1955 1283 proconsulibus
1983 1196 2398 1264 obtineretur.

55 1301 293 1385 Quare
336 1302 450 1387 qui
496 1302 859 1367 citeriorem
895 1302 1279 1389 Hispaniam
1321 1326 1490 1369 anno
1539 1304 1658 1369 143
1703 1305 1967 1371 sortitus
1999 1316 2098 1371 est
2142 1304 2226 1388 Q.
2253 1306 2398 1370 Me-

56 1412 257 1478 tellus
274 1460 295 1491 ,
360 1413 533 1478 idem
588 1434 757 1477 anno
824 1413 941 1479 142
990 1414 1233 1490 tenuit,
1299 1423 1449 1499 post
1495 1434 1644 1477 eum
1690 1410 1775 1494 Q.
1820 1413 2202 1500 Pompeius,
2267 1436 2399 1481 cos.

56 1522 215 1587 anni
266 1522 413 1600 141,
458 1532 597 1586 tum
643 1520 739 1585 M.
776 1520 1095 1609 Popillius
1142 1522 1417 1597 Laenas,
1465 1542 1596 1585 cos.
1639 1521 1791 1585 anni
1837 1522 1985 1599 1393
2031 1524 2400 1590 ulteriorem

54 1630 293 1696 habuit
338 1630 425 1714 Q.
468 1629 715 1697 Fabius
774 1628 1177 1695 Servilianus
1230 1630 1413 1695 annis
1471 1629 1590 1694 142
1631 1638 1696 1693 et
1747 1630 1898 1706 141,
1958 1630 2042 1713 Q.
2082 1629 2400 1697 Servilius

58 1736 323 1825 Caepio
363 1738 443 1805 ab
488 1762 659 1805 anno
707 1738 846 1817 140,
899 1740 986 1804 D.
1030 1739 1261 1805 Iunius
1308 1739 1580 1816 BrutuS,
1629 1761 1763 1803 cos.
1807 1740 1958 1804 anni
2008 1740 2145 1805 138.
2230 1740 2400 1806 Toto
2521 1732 2533 1739 ⁵

53 1848 196 1914 hoc
238 1860 523 1935 tempore
567 1870 733 1934 quae
773 1848 1169 1934 reliquarum
1210 1847 1691 1934 provinciarum
1733 1847 1968 1912 divisio
2013 1848 2228 1925 fuerit,
2273 1870 2403 1913 non

61 1956 352 2023 difficile
394 1968 485 2022 est
526 1956 745 2023 dictu:
804 1957 1125 2043 siquidem
1168 1967 1476 2042 quattuor
1518 1966 1842 2042 praetores
1887 1954 2177 2020 Africam
2194 2001 2213 2032 ‚
2255 1956 2402 2022 Ma-

58 2066 431 2143 cedoniam,
480 2064 789 2143 Siciliam,
842 2065 1209 2131 Sardiniam
1248 2063 1670 2151 accipiebant,
1723 2063 1835 2148 qui
1878 2062 2404 2147 relinquebantur

62 2176 233 2254 duo,
292 2174 580 2241 urbanas
622 2174 1135 2252 iurisdietionem
1210 2173 1430 2241 Gallia
1483 2172 1748 2259 quidem
1802 2171 1955 2236 latet
2013 2170 2136 2236 sub
2180 2172 2404 2239 Italiae

67 2284 333 2351 nomine
349 2331 368 2361 ,
412 2306 606 2369 quam
651 2283 811 2347 alter
852 2284 1194 2349 consulum
1238 2280 1748 2349 administrabat.
1830 2278 2058 2364 Neque
2097 2278 2404 2366 deinceps

66 2394 551 2481 provinciarum
620 2390 988 2458 distributio
1052 2393 1251 2459 ullam
1306 2391 1502 2459 habet
1566 2390 2032 2457 difficultatem.
2108 2389 2274 2454 Nam
2316 2389 2406 2455 D.

64 2504 303 2569 Iunius
349 2502 420 2567 in
444 2500 768 2588 Hispania
802 2501 1105 2567 ulteriore
1146 2502 1492 2587 imperium
1528 2500 1790 2566 retinuit
1817 2520 2026 2583 usque
2056 2496 2141 2562 ad
2164 2520 2404 2563 annum

74 2614 191 2680 133
251 2637 310 2678 a.
365 2608 523 2677 Chr.
540 2656 559 2687 ,
619 2633 750 2698 quo
814 2633 963 2677 eum
1026 2610 1455 2697 triumphasse
1514 2621 1576 2675 et
1623 2632 1704 2675 ex
1749 2606 1924 2693 App.
1963 2605 2158 2692 Hisp.
2207 2628 2260 2671 e.
2303 2605 2408 2683 99,

68 2722 183 2808 qui
254 2720 564 2787 victorias
626 2721 765 2785 eius
832 2729 981 2785 ante
1042 2719 1368 2807 Scipionis
1437 2717 1742 2783 victorias
1815 2715 2118 2791 collocat,
2193 2723 2257 2777 et
2323 2734 2405 2779 ex

77 2833 361 2918 Eutrop.
383 2828 506 2908 IV,
538 2828 636 2905 19,
682 2827 795 2913 qui
839 2828 992 2894 item
1030 2828 1169 2894 eius
1215 2827 1636 2914 triumphum,
1677 2824 1930 2910 collig0.
1993 2821 2212 2904 Quare
2259 2842 2410 2884 cum

79 2937 447 3027 Hispaniae
500 2936 779 3003 citeriori
818 2936 1117 3023 belloque
1152 2937 1545 3002 Numantino
1588 2956 1756 3001 anno
1803 2932 1917 2999 137
1969 2926 2046 2994 C.
2089 2928 2413 2993 Hostilius

78 3048 435 3116 Mancinus
479 3058 545 3111 et
586 3048 682 3111 M.
727 3047 1049 3112 Aemilius
1092 3044 1389 3131 Lepidus
1430 3066 1561 3109 cos.
1611 3041 1792 3125 (Liv.
1845 3038 1994 3125 epit.
2037 3035 2195 3113 LV;
2237 3036 2412 3122 App.

74 3160 271 3247 Hisp.
306 3180 365 3223 c.
389 3156 528 3241 80),
559 3177 727 3221 anno
755 3156 872 3221 136
895 3155 973 3220 P.
1002 3154 1244 3219 Furius
1270 3151 1500 3219 Philus
1523 3173 1651 3217 cos.
1679 3149 1852 3233 (Val.
1875 3146 2054 3212 Max.
2080 3145 2204 3222 III,
2235 3145 2297 3221 7,
2321 3144 2413 3227 5),

86 3290 249 3335 anno
292 3266 416 3332 135
468 3263 554 3348 Q.
583 3261 979 3351 Calpurnius
1020 3263 1176 3329 Piso
1215 3284 1345 3327 cos.
1388 3258 1593 3346 (App.
1639 3258 1828 3344 Hisp.
1869 3278 1925 3320 c.
1951 3254 2087 3338 63),
2129 3252 2210 3318 ab
2246 3272 2416 3317 anno

100 3376 215 3443 134
257 3398 371 3463 per
423 3372 776 3437 triennium
822 3373 901 3437 P.
945 3369 1167 3457 Scipio
1208 3368 1564 3434 Africanus
1613 3366 1791 3450 (Liv.
1835 3362 1983 3449 epit.
2025 3360 2229 3437 LIX;
2273 3354 2414 3425 Cic.

84 3486 249 3551 Phil.
290 3484 427 3562 XI,
475 3483 547 3561 83
590 3482 765 3568 App.
810 3480 1002 3566 Hisp.
1043 3502 1098 3547 c.
1121 3478 1235 3562 98)
1271 3485 1666 3563 praeessent,
1707 3481 2008 3558 quattuor
2042 3468 2236 3533 modo
2271 3488 2416 3553 pro-

82 3595 356 3670 vinciae,
402 3614 566 3677 quas
606 3600 935 3677 praetores
979 3586 1331 3674 aequaliter
1372 3593 1690 3670 regerent,
1745 3586 2140 3666 supererant.
2199 3574 2419 3659 Atque

89 3707 219 3771 hoc
280 3712 569 3788 tempore
625 3708 775 3764 sunt
830 3699 1022 3763 etiam
1070 3695 1389 3783 quaedam
1443 3690 1622 3756 haud
1671 3687 1870 3754 dubia
1921 3682 2190 3757 indicia,
2251 3701 2420 3765 quae

87 3812 375 3880 Galliam
432 3808 834 3897 Cisalpinam
897 3828 1045 3872 cum
1096 3803 1283 3870 Italia
1348 3822 1612 3888 prorsus
1667 3798 1736 3863 in
1795 3794 1990 3860 unius
2053 3787 2420 3878 provinciae

86 3945 327 4011 corpus
388 3918 798 3989 coniunctam
852 3914 1058 3983 fuisse
1108 3909 1471 3978 ostendant.
1580 3904 1748 3971 Nam
1802 3913 1876 3968 ut
1933 3898 2119 3967 annis
2181 3895 2300 3961 138
2357 3904 2421 3960 et

92 4034 207 4101 137
256 4032 497 4097 alteros
538 4052 619 4096 ex
664 4024 1066 4098 consulibus,
1109 4020 1186 4085 P.
1228 4018 1599 4104 Scipionem
1639 4012 1942 4080 Nasicam
1981 4017 2045 4074 et
2075 4004 2170 4070 M.
2196 4002 2450 4070 Aemi-⁶

86 4145 254 4209 lium
292 4138 627 4227 Lepidum
647 4134 900 4202 Italiam
940 4128 1341 4218 provinciam
1379 4123 1708 4209 accepisse
1749 4121 1816 4185 in
1859 4137 2061 4203 eaque
2086 4112 2427 4179 Gallorum

95 4272 357 4340 quoque
398 4246 681 4336 populos
723 4240 993 4344 rexisse,
1039 4236 1193 4303 satis
1234 4230 1652 4323 probabiliter
1693 4249 1774 4293 ex
1803 4225 2199 4310 reliquorum
2228 4239 2426 4285 anno-

96 4386 241 4427 rum
286 4354 715 4425 similitudine
760 4349 1156 4424 conficimus,
1199 4344 1353 4410 item
1398 4360 1565 4407 anno
1612 4336 1732 4403 136
1773 4334 1926 4401 Sex.
1971 4329 2245 4395 Atilium
2272 4323 2428 4392 Ser-

106 4492 335 4537 ranum
353 4516 371 4547 ,
421 4466 613 4532 cuius
657 4460 840 4527 nulla
890 4476 1159 4545 prorsus
1195 4474 1299 4519 res
1341 4458 1527 4537 gesta
1568 4449 2098 4513 commemoratur
2115 4484 2132 4516 ,
2177 4433 2432 4501 Italiam
