2917 5017
417 342 540 409 340
1045 348 1128 397 De
1163 348 1535 412 propagatione
1570 349 1791 399 civitatis
1826 348 2111 399 Romanae.

417 520 699 575 ratorum
739 507 1144 595 principibus
1185 506 1369 584 dixit,
1430 520 1505 574 ut
1544 520 1767 576 contra
1806 510 2115 597 principis
2158 510 2507 575 orationem
2548 532 2719 575 sena-

415 628 542 694 tuS,
587 638 736 682 cum
779 617 950 682 solos
978 616 1250 681 Aeduos
1282 617 1348 679 in
1381 627 1675 681 senatum
1712 629 1991 696 vocaret,
2034 618 2329 694 decrerit,
2368 617 2485 681 sed
2514 639 2717 682 omnes

413 725 504 789 ita
558 724 806 789 admitti
868 748 1058 810 posse
1115 725 1611 801 demonstravit,
1675 736 1749 789 ut
1812 736 1983 791 certe
2038 726 2263 791 merita
2322 726 2717 809 animumque

415 833 732 917 cuiusque
799 834 870 897 in
925 831 1385 918 rempublicam
1449 834 1801 919 spectanda
1861 856 2003 899 esse
2062 844 2373 899 censeret.
2452 830 2717 898 Senatus

411 942 614 1027 igitur
659 942 1030 1007 consultum
1072 941 1140 1005 in
1179 941 1346 1007 hanc
1387 943 1523 1007 fere
1570 943 1945 1007 sententiam
1990 944 2232 1007 factum
2278 964 2421 1007 esse
2464 942 2717 1007 arbitra-

415 1072 581 1127 mur,
625 1060 718 1127 ut,
771 1050 1070 1134 quoniam
1127 1051 1392 1135 antiqua
1442 1052 1663 1136 populi
1710 1052 1981 1117 Romani
2036 1050 2437 1115 consuetudo
2485 1051 2717 1120 fuisset,
2850 1130 2852 1137 Ι

419 1180 640 1223 omnes
680 1158 982 1242 paulatim
1014 1158 1286 1244 populos
1317 1159 1399 1222 ad
1439 1159 1715 1224 civitatis
1742 1158 2187 1243 honorumque
2220 1159 2717 1223 communionem
2850 1140 2852 1237 }

417 1266 774 1342 admittere,
829 1266 1068 1342 Aedui,
1125 1267 1238 1350 qui
1297 1268 1741 1333 vetustissima
1797 1268 2074 1332 amicitia
2120 1267 2441 1332 coniuncti
2498 1277 2717 1342 essent,

415 1375 499 1441 ad
561 1374 832 1439 honores
895 1375 1016 1439 rite
1074 1376 1390 1460 petendos
1447 1376 1975 1453 admitterentur3
2050 1377 2277 1442 ceteris
2348 1376 2401 1440 si
2450 1364 2717 1439 foederis

411 1483 604 1548 fidem
665 1493 1050 1559 servassent,
1111 1483 1336 1548 eadem
1385 1486 1662 1549 fortasse
1722 1507 1869 1569 spes
1926 1485 2113 1549 facta.
2206 1484 2427 1567 Atque
2476 1482 2603 1546 hoc
2644 1482 2722 1544 ita

413 1592 600 1677 solita
657 1591 884 1656 iudicii
943 1592 1260 1687 elegantia
1309 1592 1627 1659 intellexit
1684 1593 1737 1657 Ι.
1790 1592 1875 1657 A.
1920 1591 2293 1667 Ernestius3
2356 1614 2509 1655 nam
2562 1588 2721 1673 quod
2850 1592 2852 1719 Ι

407 1700 672 1784 quidam
719 1699 1140 1764 recentissimi
1187 1700 1467 1765 editores
1512 1724 1657 1765 cum
1701 1723 1903 1786 pravo
1946 1700 2240 1765 acumine
2280 1700 2722 1775 distinxerunt,
2850 1722 2852 1727 ·

412 1809 516 1874 ius
561 1808 877 1873 honorum
917 1809 1132 1894 ipsum
1179 1808 1479 1873 omnibus
1516 1809 1939 1895 principibus,
1974 1810 2085 1893 qui
2130 1807 2459 1892 petierant,
2490 1807 2723 1882 datum,

411 1917 526 1983 sed
581 1917 824 2003 primos
874 1917 1144 1981 Aeduos
1211 1938 1360 1981 vere
1415 1939 1557 1982 esse
1610 1918 1693 1981 ad
1740 1918 2015 1983 honores
2068 1916 2409 1993 admissos,
2462 1916 2721 1980 refutari

410 2048 539 2089 non
597 2047 762 2111 opus
823 2036 940 2089 est.
1010 2022 1148 2089 Nec
1199 2047 1356 2089 vero
1411 2026 1698 2112 negarim
1754 2036 1981 2111 postea
2036 2025 2407 2109 Lingonum
2448 2048 2721 2109 quoque,

408 2133 778 2209 Remorum,
831 2131 1261 2197 Carnutorum
1305 2134 1707 2220 principibus
1752 2133 1925 2199 idem
1969 2133 2075 2197 ius
2119 2134 2341 2197 datum
2395 2155 2565 2210 esse,
2620 2133 2719 2198 sed

408 2242 629 2307 datum
691 2252 790 2305 est
843 2240 984 2305 aliis
1029 2237 1416 2319 Sconsultis‚
1474 2244 1557 2307 de
1614 2242 1851 2327 quibus
1898 2264 2045 2307 cum
2100 2242 2299 2306 semel
2344 2240 2507 2325 quid
2552 2242 2723 2325 sequi

408 2360 732 2435 oporteret
785 2348 1204 2413 constitutum
1257 2361 1446 2426 esset,
1494 2350 1775 2415 dubitari
1814 2372 1942 2414 non
1986 2359 2251 2435 poterat.
2332 2346 2462 2413 Sed
2514 2372 2721 2435 perse-

383 2458 520 2542 ·qui
564 2458 726 2523 haec
761 2479 844 2520 ne
881 2456 1142 2521 incertis
1185 2458 1448 2541 quidem
1496 2458 1789 2544 vestigiis
1832 2458 2013 2523 licet:
2060 2456 2223 2522 adeo
2263 2438 2725 2522 historiae‘Ro-

406 2588 632 2629 manae
673 2574 966 2628 auctores
1009 2574 1071 2627 et
1112 2564 1318 2649 ipsius
1367 2566 1645 2631 civitatis
1680 2578 1743 2631 et
1782 2566 1979 2631 huius
2003 2565 2163 2629 iuris
2201 2566 2725 2650 propagationem

409 2673 660 2739 silentio
715 2684 963 2757 tegunt,
1013 2696 1134 2739 nec
1185 2673 1442 2759 singula
1496 2685 1857 2739 senatorum
1906 2696 1985 2739 ex
2032 2672 2377 2759 provinciis
2422 2674 2727 2738 oriundo-

407 2803 554 2845 rum
599 2782 892 2867 exempla
935 2782 1238 2867 colligere
1279 2783 1619 2867 quicquam
1665 2782 1909 2859 attinet,
1957 2794 2291 2867 propterea
2330 2782 2510 2867 quod
2538 2782 2609 2846 in
2632 2782 2724 2857 iis,

410 2911 684 2973 quorum
731 2891 934 2975 patria
984 2891 1124 2955 iure
1165 2890 1479 2957 honorum
1528 2901 1793 2967 careret,
1840 2882 2223 2956 beneficium
2268 2901 2481 2955 tamen
2530 2891 2726 2976 impe-

405 2998 632 3063 ratoris
699 2998 1022 3084 singulare
1081 3000 1479 3094 intercedere
1532 2999 1819 3084 potuisse
1876 2999 2121 3065 Valerii
2181 2998 2455 3063 Asiatici
2514 3022 2724 3065 exem-

403 3105 616 3189 plum,
685 3108 860 3189 quod
930 3131 1126 3194 supra
1183 3108 1547 3193 expositum
1610 3118 1736 3182 est,
1798 3105 2097 3173 ostendit.
2198 3105 2419 3188 Quare
2480 3108 2721 3173 etiamsi

405 3213 854 3298 imperatorem
895 3215 1245 3281 Traianum
1290 3216 1501 3300 ipsum
1546 3225 1795 3281 constat
1822 3214 2027 3279 fuisse
2052 3199 2417 3298 Hispanum
2448 3226 2719 3300 patrem-

405 3342 532 3405 que
575 3321 714 3385 eius
758 3344 888 3414 non
932 3324 1126 3387 modo
1163 3324 1566 3389 consulatum
1606 3323 2039 3408 triumphique
2070 3323 2355 3409 insignia
2378 3324 2717 3409 accepisse,

403 3452 632 3495 verum
703 3432 894 3496 etiam
953 3432 1021 3497 in
1093 3430 1507 3518 patriciorum
1574 3453 1915 3497 numerum
1982 3429 2063 3497 ab
2121 3430 2525 3517 Vespasiano
2586 3453 2717 3497 esse

403 3541 698 3617 ascitum,
745 3551 808 3604 et
835 3540 1152 3606 Hadriani
1183 3563 1376 3606 avum
1399 3540 1843 3617 Marullinum‚
1878 3540 2029 3605 item
2056 3539 2448 3625 Hispanum,
2484 3542 2715 3605 scimus

407 3671 490 3715 ex
521 3649 763 3713 familia
806 3672 924 3714 sua
965 3650 1242 3735 primum
1279 3650 1499 3735 populi
1528 3649 1801 3713 Romani
1838 3658 2193 3713 senatorem
2232 3648 2439 3712 fuisse
2482 3650 2711 3735 (Spart.

403 3757 612 3822 Hadr.
655 3743 848 3841 inin),
889 3767 1100 3823 tamen
1145 3758 1254 3821 vix
1295 3759 1448 3823 inde
1494 3769 1633 3822 tuto
1678 3756 1979 3842 colligere
2021 3754 2259 3831 licebit,
2301 3756 2581 3823 Neronis
2620 3756 2712 3821 vel

405 3863 666 3931 Claudii
721 3876 923 3931 aetate
987 3866 1330 3929 universae
1378 3866 1735 3952 Hispaniae
1784 3866 1887 3930 vel
1946 3874 2117 3929 certe
2168 3862 2431 3929 Traiani
2486 3866 2708 3951 patriae
2850 3880 2852 3915 Ι

401 3974 662 4039 Italicae
709 3974 812 4039 ius
859 3974 1178 4039 honorum
1221 3996 1364 4038 esse
1416 3975 1657 4040 datum.
1740 3973 2153 4057 Quamquam
2194 3972 2527 4058 probabile
2570 3994 2707 4037 sane
2850 3918 2852 4017 i

403 4092 522 4158 est,
559 4092 898 4167 postquam
941 4080 1378 4147 Narbonensis
1411 4081 1629 4147 Gallia
1668 4083 1975 4169 optimam
2012 4082 2334 4147 civitatem
2370 4082 2705 4147 Romanam

401 4200 500 4253 est
553 4190 805 4276 adepta,
851 4212 930 4253 ne
976 4190 1360 4276 Hispaniam
1399 4192 1665 4276 quidem
1708 4214 1783 4257 ac
1839 4190 2113 4255 maxime
2167 4190 2513 4265 Baeticam,
2556 4210 2705 4275 quae

401 4317 654 4382 semper
705 4297 884 4362 cultu
927 4320 1003 4363 ac
1052 4298 1338 4364 moribus
1382 4300 1607 4365 Italiae
1660 4300 1951 4385 proxima
1992 4299 2211 4365 habita
2254 4310 2373 4377 est,
2418 4299 2535 4363 diu
2582 4300 2703 4362 iure

399 4402 716 4468 honorum
759 4406 1078 4471 caruisse:
1123 4407 1298 4491 quod
1345 4409 1400 4473 si
1444 4406 1619 4473 Nero
1655 4430 1784 4471 non
1830 4407 2031 4485 dedit,
2070 4408 2183 4493 qui
2218 4406 2561 4493 superbiae
2586 4406 2705 4473 Ro-
