2917 5017
479 334 602 401 338
1111 340 1196 389 De
1229 339 1601 403 propagatione
1638 339 1859 387 civitatis
1898 336 2176 387 Romanae.

477 502 774 565 instituta
815 500 1196 565 referentem
1255 521 1382 563 non
1438 498 1641 564 dubia
1686 498 1963 581 vestigia
2008 497 2431 584 reperiantur,
2478 508 2810 563 auctorem

478 630 620 675 esse
682 609 1065 692 Augustum
1119 608 1563 692 originemque
1620 606 1827 671 fuisse
1885 605 2073 681 hanc,
2122 615 2195 669 ut
2248 606 2499 671 colonis
2539 606 2809 681 Italicis,

476 718 589 802 qui
643 728 824 781 extra
878 716 1126 781 Italiam
1187 715 1663 780 deducerentur
1680 760 1697 788 ,
1746 712 2027 799 primum
2084 714 2380 791 daretur,
2432 716 2593 779 item
2648 714 2807 778 illud

473 824 930 910 intelligemu8‚
973 824 1028 888 si
1067 824 1178 907 qui
1219 823 1398 889 cives
1439 822 1736 896 Romani,
1778 821 1890 905 qui
1936 821 2041 885 ius
2086 822 2403 887 honorum
2449 824 2806 906 antiquitus

476 933 804 1007 haberent,
851 932 918 995 in
961 931 1308 1017 provinciis
1351 930 1839 1004 collocarentur,
1882 929 1965 993 iis
2005 930 2073 993 id
2113 953 2243 994 non
2283 932 2581 1016 potuisse
2630 931 2806 1015 eripi,
2890 984 2893 1013 ἓ

475 1040 852 1125 praesertim
897 1062 1043 1104 cum
1091 1040 1174 1104 ad
1212 1039 1594 1124 dignitatem
1637 1039 1796 1112 fere,
1834 1036 1917 1101 ad
1946 1039 2283 1103 utilitatem
2313 1038 2587 1123 quidem
2617 1039 2807 1122 longe

477 1149 692 1213 minus
744 1171 938 1232 quam
993 1147 1380 1223 immunitas,
1437 1168 1631 1231 quam
1680 1166 2054 1211 concessam
2098 1170 2241 1211 esse
2290 1157 2565 1223 constat,
2614 1147 2807 1231 perti-

480 1268 680 1324 neret.
749 1256 970 1338 Quare
1009 1254 1537 1341 Philippensibus
1580 1266 1643 1321 et
1690 1252 2289 1321 Cassandrensibus
2338 1266 2403 1319 et
2442 1253 2807 1319 Diensibus

477 1375 542 1429 et
577 1364 904 1429 nonnullis
943 1364 1086 1430 aliis
1129 1362 1418 1439 coloniis,
1459 1364 1525 1426 in
1570 1386 1731 1447 quas
1762 1363 1971 1427 coloni
2004 1387 2083 1427 ex
2118 1363 2307 1428 Italia
2336 1361 2613 1427 deducti
2640 1374 2809 1435 sunt,
2890 1390 2893 1475 ἱ

475 1472 556 1538 ab
598 1474 744 1557 ipso
789 1472 967 1535 initio
1001 1494 1150 1536 cum
1189 1471 1591 1535 immunitate
1632 1482 1695 1535 et
1736 1472 2027 1537 libertate
2055 1471 2179 1535 hoc
2204 1494 2459 1555 quoque
2486 1470 2811 1534 honorum
2890 1480 2893 1559 ff

474 1582 578 1647 ius
617 1581 723 1645 vel
759 1582 1156 1664 impertitum
1196 1579 1303 1643 vel
1345 1578 1645 1643 relictum
1688 1602 1831 1645 esse
1872 1580 2278 1655 arbitramur,
2320 1580 2473 1643 item
2518 1578 2811 1664 Lugdu·
2890 1570 2893 1587 ³

475 1688 808 1763 nensibuS,
853 1711 1018 1772 quos
1061 1687 1312 1773 origine
1353 1710 1507 1751 vere
1534 1688 1826 1753 Romana
1864 1689 2069 1752 fuisse
2106 1667 2389 1751 diximus
2406 1712 2423 1763 ;
2471 1688 2812 1753 Viennen-

477 1820 582 1863 ses
621 1798 906 1882 quidem,
950 1798 1062 1881 qui
1111 1796 1513 1861 extrinsecus
1574 1797 1657 1859 ad
1714 1796 2033 1861 civitatem
2085 1796 2435 1859 Romanam
2488 1819 2813 1881 pervene-

473 1916 638 1983 rant,
685 1916 908 1990 postea
945 1927 1020 1969 eo
1067 1904 1336 1969 donatos
1379 1927 1525 1969 esse
1565 1904 1869 1968 vidimus.
1926 1903 2335 1986 Quamquam
2372 1926 2452 1966 ex
2496 1904 2604 1980 iis,
2646 1928 2813 1989 quae

477 2014 975 2101 disputavimuS,
1023 2036 1164 2078 eam
1213 2012 1410 2077 huius
1455 2011 1618 2075 iuris
1661 2025 1953 2077 naturam
2000 2013 2203 2076 fuisse
2248 2024 2535 2097 apparet,
2575 2024 2657 2075 ut
2684 2036 2812 2075 non

475 2122 839 2188 necessario
895 2144 1044 2186 cum
1100 2121 1503 2185 immunitate
1560 2142 1635 2185 ac
1694 2121 1989 2185 libertate
2045 2120 2581 2206 coniungeretur3
2640 2132 2811 2183 certe

475 2230 646 2295 enim
701 2230 1114 2316 imperatores
1179 2250 1325 2293 cum
1397 2227 1651 2293 Galliae
1705 2227 2147 2305 Narbonensi,
2217 2250 2359 2291 cum
2413 2229 2815 2293 Aeduorum

473 2339 896 2426 principibus,
965 2362 1110 2405 cum
1174 2338 1440 2421 reliquis
1506 2336 1813 2421 deinceps
1864 2336 2369 2422 provincialibus
2430 2338 2815 2401 hominibus

475 2446 792 2512 honorum
843 2469 1108 2511 cursum
1165 2445 1629 2531 patefacerent,
1684 2467 1893 2528 neque
1947 2446 2263 2510 aerarium
2318 2468 2529 2529 neque
2573 2445 2819 2509 fiscum

477 2553 710 2617 damno
751 2554 921 2619 affici
962 2555 1346 2631 voluerunt3
1394 2556 1511 2621 sed
1552 2556 1643 2619 ita
1684 2563 1820 2617 erat
1864 2564 2323 2637 comparatum,
2368 2563 2443 2616 ut
2484 2575 2665 2636 quae
2706 2576 2821 2615 ur-

475 2662 590 2728 bes
629 2662 792 2727 iuris
830 2663 1038 2727 Italici
1075 2675 1308 2739 essent,
1355 2663 1619 2727 eaedem
1661 2662 1767 2725 ius
1807 2659 2123 2725 honorum
2152 2660 2480 2737 haberent,
2508 2661 2635 2725 sed
2664 2684 2818 2736 non,

475 2791 640 2855 quae
685 2772 1000 2836 honorum
1043 2772 1170 2848 ine,
1211 2773 1477 2838 eaedem
1518 2769 1985 2833 immunitatem
2022 2792 2101 2835 ac
2138 2770 2519 2835 libertatem.
2592 2772 2817 2853 Atque

476 2880 768 2965 Augusti
817 2879 1080 2964 quidem
1125 2892 1350 2957 aetate,
1403 2902 1551 2945 cum
1592 2900 1713 2943 nec
1756 2900 1949 2943 onera
2002 2878 2259 2965 publica
2302 2878 2497 2943 nimis
2537 2879 2817 2943 molesta

477 2998 694 3054 essent
747 2999 810 3051 et
873 2989 1188 3052 senatoria
1239 2987 1523 3073 dignitas
1569 3009 1803 3067 magna
1856 3008 2001 3050 esse
2054 2983 2405 3061 videretur,
2447 2986 2639 3049 haud
2686 2987 2815 3051 scio

477 3120 558 3161 an
599 3096 740 3160 fieri
781 3095 1082 3182 potuerit,
1126 3106 1200 3161 ut
1244 3096 1356 3179 qui
1401 3106 1689 3160 carentes
1724 3094 2123 3159 immunitate
2166 3105 2229 3157 et
2261 3093 2561 3159 libertate
2602 3094 2815 3161 hono-

474 3226 622 3267 rum
681 3216 892 3267 tamen
947 3204 1050 3268 ius
1112 3204 1444 3279 haberent,
1498 3203 1723 3267 Italiae
1774 3202 1879 3266 ius
1928 3200 2165 3267 habere
2211 3202 2609 3266 dicerentur.
2696 3200 2815 3265 Sic

476 3310 726 3395 explico
789 3312 960 3394 quod
1005 3311 1260 3376 Plinius
1319 3322 1448 3376 nat.
1497 3311 1645 3375 hist.
1692 3312 1817 3385 111,
1861 3310 1941 3375 25
1990 3310 2060 3374 in
2102 3309 2423 3393 Hispania
2468 3310 2809 3375 Accitanis

477 3431 542 3483 et
581 3417 1014 3495 Libisosanis,
1055 3440 1220 3504 quos
1259 3443 1471 3504 neque
1511 3422 1829 3485 immunes
1872 3440 2081 3503 neque
2114 3418 2355 3483 liberos
2386 3418 2595 3482 fuisse
2630 3440 2807 3481 com·
2890 3424 2893 3505 A

478 3528 785 3612 perimus,
833 3528 938 3591 ius
973 3527 1198 3591 Italiae
1242 3529 1467 3593 tribuit
1510 3540 1573 3592 et
1614 3530 1789 3612 quod
1824 3528 1949 3604 111,
1993 3527 2110 3592 139
2152 3526 2599 3592 Liburnorum
2642 3548 2807 3610 quo·
2890 3518 2893 3611 ᾖ

478 3636 762 3701 rundum
805 3637 910 3700 ius
951 3636 1248 3701 Italicum
1287 3650 1777 3702 commemorat:
1818 3648 2093 3719 utroque
2134 3636 2275 3699 loco
2319 3634 2443 3699 hoc
2486 3633 2807 3699 honorum

476 3744 582 3809 ius
623 3754 780 3808 tunc
817 3744 1040 3809 Italiae
1085 3746 1416 3830 proprium
1459 3745 1659 3809 latere
1690 3746 2005 3809 existimo·
2075 3743 2313 3808 Postea
2344 3742 2615 3825 quidem
2657 3764 2808 3827 pro-

481 3862 716 3938 pagato
761 3874 874 3936 per
909 3862 1112 3916 totum
1155 3853 1499 3938 imperium
1524 3854 1664 3919 iure
1694 3854 2008 3917 honorum
2046 3852 2206 3917 haec
2230 3872 2378 3937 pars
2405 3851 2569 3916 iuris
2592 3850 2807 3916 Italici

473 3960 694 4046 periit,
727 3982 936 4045 neque
970 3962 1388 4046 praetermitti
1425 3974 1562 4027 e'am
1602 3963 1683 4028 ab
1717 3961 2170 4027 iureconsultis
2206 3960 2424 4024 mirari
2464 3958 2805 4025 debemus.

631 4066 779 4159 „Sed
819 4070 978 4136 haec
1020 4070 1104 4134 de
1146 4071 1288 4135 iure
1341 4072 1569 4136 Italico
1614 4070 1985 4135 coniectura
2025 4081 2126 4135 est
2168 4073 2407 4153 (neque
2452 4068 2629 4133 enim
2668 4068 2803 4132 dis-
2890 4084 2893 4111 ²

475 4176 852 4241 simulamus
904 4201 1114 4262 neque
1167 4180 1344 4264 quod
1399 4180 1596 4245 rebus
1650 4179 2083 4243 demonstrari.
2132 4200 2263 4241 non
2308 4187 2537 4263 potest,
2582 4174 2799 4241 verbis
2890 4170 2893 4211 ³

473 4284 976 4369 confirmamus),
1019 4310 1216 4372 quam
1251 4288 1402 4353 ideo
1449 4288 1607 4352 viris
1651 4286 1859 4352 doctis
1902 4286 2389 4373 proponendam
2426 4306 2571 4349 esse
2616 4296 2797 4369 puta·
2890 4334 2893 4377 ἓ

473 4392 708 4470 vimus,
750 4404 826 4457 ut
867 4395 1246 4481 diligentius
1292 4419 1432 4461 eam
1482 4396 1847 4461 examinent
1892 4417 1969 4460 ac
2012 4416 2169 4459 num
2211 4395 2377 4459 forte
2418 4393 2565 4458 aliis
2602 4414 2795 4478 argu-
2890 4378 2893 4437 ἶ
