2917 5017
469 334 594 401 266
1131 338 1214 386 De
1252 339 1513 387 dictatoris
1554 336 1793 387 Caesaris
1834 335 2129 385 honoribus.

468 501 710 567 rectius
747 502 1198 588 intelligendas
1242 498 1565 574 valebunt,
1612 497 1710 562 sin
1746 498 2220 574 refutabantur,
2248 498 2571 584 insignem
2604 508 2789 582 atque

469 634 510 675 a
560 622 782 675 nostra
828 620 1034 675 aetate
1083 609 1404 673 diversam
1451 606 1705 692 imperii
1753 606 2022 671 Romani
2074 605 2387 670 rationem
2430 606 2787 671 ostendent.

471 715 695 783 Secuti
739 718 908 782 enim
951 740 1070 783 nos
1115 739 1340 782 sumus
1376 739 1581 780 unum
1612 713 1799 790 illud,
1827 715 2002 799 quod
2030 738 2282 780 summa
2306 726 2597 802 potestas
2624 705 2790 798 prin·

469 826 632 913 cipis
677 849 805 892 non
851 825 1112 891 videtur
1153 847 1348 911 posse
1399 823 1881 899 communicari,
1936 844 2019 887 ne
2060 846 2210 889 cum
2260 846 2337 889 eo
2376 823 2650 909 quidem
2690 823 2791 906 qui

467 933 656 999 heres
695 957 773 999 ac
819 956 1156 999 successor
1203 934 1448 998 electus
1502 932 1586 997 sit
1597 955 1614 1006 ;
1678 932 1963 997 vidimus
2014 933 2203 997 etiam
2248 932 2567 1018 originem
2616 944 2792 1016 pote·

469 1044 651 1108 statis
697 1066 777 1106 ex
823 1042 1120 1129 pluribus
1183 1042 1473 1128 partibus
1523 1040 1809 1118 coalitae,
1870 1041 2147 1126 denique
2191 1040 2577 1105 mulieribus
2630 1052 2791 1103 certe

469 1152 702 1217 domus
755 1152 1198 1237 imperatoriae
1247 1160 1493 1237 partem
1551 1148 1829 1232 aliquam
1874 1151 2167 1215 eiusdem
2210 1148 2545 1234 potestatis
2592 1146 2789 1211 tribu-

466 1272 597 1326 tam
639 1284 781 1325 esse
827 1271 1098 1335 constat,
1143 1258 1382 1343 quibus
1425 1258 1539 1342 qui
1578 1267 1774 1321 totam
1812 1258 2009 1334 illam,
2046 1281 2177 1343 qua
2209 1257 2339 1343 ipsi
2374 1257 2789 1341 imperatores

468 1368 835 1445 utebantur,
891 1390 1261 1433 concessam
1309 1389 1453 1431 esse
1510 1365 1923 1442 existimabit,
1965 1388 2220 1431 omnem
2265 1386 2509 1431 morem
2555 1363 2789 1427 Roma·

466 1500 624 1541 num
661 1476 957 1541 mutabit.
1041 1476 1194 1541 Alio
1237 1476 1426 1540 etiam
1468 1496 1549 1539 ex
1592 1495 1827 1559 genere
1872 1496 2213 1539 censemus
2256 1497 2403 1539 esse
2436 1494 2789 1559 proconsu-

468 1586 672 1651 larem
711 1594 1112 1670 potestatem,
1155 1606 1320 1667 quae
1368 1585 1537 1647 inter
1580 1584 2031 1667 imperatorem
2072 1583 2289 1669 ipsum
2330 1583 2610 1665 eiusque
2656 1603 2791 1645 suc-

471 1714 794 1757 cessorem
837 1692 1294 1757 communicari
1339 1691 1622 1757 solebat:
1678 1714 1843 1775 quae
1896 1714 2043 1756 cum
2083 1692 2151 1755 in
2200 1714 2274 1757 eo
2312 1692 2527 1777 posita
2578 1691 2689 1766 sit,
2732 1703 2791 1752 ut

469 1802 814 1887 imperator
874 1802 938 1864 in
997 1800 1336 1866 senatoriis
1394 1799 1739 1884 provinciis
1785 1800 2115 1885 superiore
2168 1801 2309 1865 iure
2368 1811 2563 1876 esset,
2614 1821 2791 1883 quam

469 1909 582 1994 qui
637 1931 958 1994 quamque
1010 1920 1284 1994 regeret,
1337 1908 1593 1973 facilius
1637 1908 1807 1972 inter
1858 1908 1989 1971 duo
2039 1909 2301 1973 videtur
2346 1908 2651 1994 potuisse
2703 1907 2792 1969 di·

470 2017 625 2081 vidi.
697 2016 1158 2093 Veruntamen,
1200 2029 1346 2083 utut
1393 2018 1474 2081 de
1522 2018 1645 2081 hac
1690 2038 2141 2081 successorum
2184 2016 2435 2102 imperii
2482 2026 2793 2103 potestate

467 2122 882 2201 iudicabitur,
947 2128 1123 2210 quod
1178 2126 1440 2213 proprie
1484 2125 1674 2190 nobis
1721 2137 1859 2189 erat
1898 2126 2321 2211 propositum,
2362 2136 2437 2190 ut
2480 2127 2791 2212 originem

467 2232 800 2297 tribunicii
863 2234 1045 2311 iuris,
1104 2257 1234 2319 quo
1291 2234 1747 2319 imperatorum
1806 2234 2091 2319 potentia
2140 2234 2635 2312 conficiebatur,
2694 2258 2792 2299 ex·

466 2362 874 2426 poneremus,
917 2343 970 2406 si
1013 2343 1232 2428 aliqua
1272 2344 1517 2407 ratione
1560 2342 1963 2407 effecerimus
2008 2342 2353 2428 locumque
2398 2342 2791 2428 antiquitatis

465 2448 792 2514 Romanae
820 2451 1171 2515 maximum
1219 2450 1624 2535 eundemque
1666 2448 2201 2515 obscurissimum
2228 2451 2792 2525 illustraverimus,

469 2556 622 2619 satis
666 2558 948 2621 assecuti
989 2581 1155 2634 esse,
1195 2580 1272 2623 ac
1311 2558 1469 2622 dum
1511 2557 1595 2622 ab
1638 2557 1949 2623 dictatore
1990 2556 2269 2624 Caesare
2298 2560 2794 2645 proficiscimur,

465 2664 644 2749 quod
702 2665 786 2728 ad
853 2687 1076 2731 omnes
1138 2665 1555 2753 imperatores
1612 2664 1940 2731 Romanos
2008 2690 2401 2754 magnopere
2454 2671 2795 2756 pertineat,

467 2772 827 2859 explicasse
867 2773 1258 2839 videbimur.
