2917 5017
654 337 736 386 De
771 334 944 386 Gallia
981 337 1328 386 Romanorum
1369 337 1631 400 provincia
1668 338 1940 401 appendix.
2332 337 2447 402 171

167 503 452 586 deceptus
495 523 756 566 causam
800 499 968 584 legis
1013 498 1079 562 in
1121 499 1333 583 legem
1379 497 1589 582 ipsam
1630 500 1839 565 vertit.
1928 498 2099 566 Sane
2138 501 2231 566 M.
2268 501 2449 566 Mar-

167 609 344 674 cellus
389 632 554 674 anno
597 610 673 673 51
723 609 941 673 retulit
985 606 1068 671 ad
1115 616 1426 682 senatum,
1476 610 1767 687 quoniam
1808 608 1959 672 bello
2000 613 2281 686 confecto
2314 632 2453 691 pax

162 729 286 780 esset
353 741 428 780 ac
487 720 726 780 dimicet·
773 717 1004 778 deberet
1049 719 1246 778 victor
1301 719 1604 778 exercitus
1662 712 1877 798 (Suet.
1940 714 2129 782 Caes-
2178 718 2313 801 28),
2376 729 2451 782 ut

166 823 386 890 Caesar
421 835 566 890 ante
609 836 864 909 tempus
899 834 1344 896 revocaretur3
1399 823 1516 886 sed
1554 823 1831 888 faciebat
1860 824 1931 889 id
1954 825 2237 890 invidiae
2274 825 2450 890 exei-

160 934 369 998 tandae
409 955 624 1008 causa,
663 943 736 996 ut
761 932 888 1018 ipsi
913 931 1146 995 milites
1174 927 1473 996 Caesaris
1510 931 1577 994 in
1614 931 1815 996 otium
1850 942 1913 996 et
1941 933 2204 996 domum
2239 934 2451 999 redire

159 1051 464 1127 cuperent,
515 1040 772 1106 volebat
814 1041 1086 1104 fortasse
1134 1039 1324 1102 etiam
1367 1039 1450 1102 de
1495 1062 1571 1103 ea
1608 1061 1677 1104 re
1722 1062 1801 1104 ex
1847 1053 2107 1106 senatus
2154 1041 2449 1106 consulto

157 1151 290 1216 ferri
317 1150 398 1214 ad
423 1150 760 1236 populum,
799 1149 910 1233 qui
936 1158 1010 1210 ut
1041 1146 1326 1221 dederat,
1367 1147 1456 1212 ita
1482 1146 1765 1212 adimere
1796 1157 2045 1232 poterat
2072 1149 2447 1235 imperium:

163 1260 261 1323 sed
297 1259 531 1324 licebat
568 1259 638 1322 id
681 1257 889 1332 etiam,
933 1256 990 1320 si
1027 1255 1206 1320 nulla
1241 1255 1557 1318 eiusmodi
1592 1277 1784 1339 quam
1805 1255 2219 1323 Hofmannus
2246 1267 2451 1344 putat,

156 1367 344 1431 cautio
405 1367 541 1452 legi
593 1366 874 1451 ascripta
927 1363 1332 1450 reperiretur.
1436 1361 1656 1426 Tertio
1708 1362 1849 1429 loco
1904 1387 2069 1449 quae
2126 1390 2184 1452 p.
2234 1367 2313 1432 ‘27
2368 1367 2451 1432 de

154 1477 670 1561 Pompeianorum
711 1472 966 1538 insidiis
1009 1472 1440 1557 disputantur,
1480 1472 1695 1556 qualia
1734 1473 1881 1550 sint,
1918 1474 2089 1538 infra
2124 1477 2453 1540 examina-

155 1585 374 1649 bimus:
440 1594 672 1667 quarto
711 1583 854 1647 loco
895 1605 958 1666 p.
999 1580 1110 1658 28,
1157 1602 1302 1644 cum
1345 1581 1585 1664 quibus
1625 1604 1789 1666 quae
1834 1604 1899 1667 p.
1940 1583 2011 1648 31
2068 1593 2251 1660 sunt,
2294 1607 2449 1648 con-

159 1680 500 1778 iungemus‚
545 1715 648 1756 res
683 1713 834 1756 sane
863 1714 1094 1774 magna
1121 1690 1356 1774 agitur,
1390 1713 1555 1774 quae
1584 1713 1731 1755 cum
1759 1691 1975 1756 verbis
2006 1689 2445 1758 Ciceronianis

165 1800 466 1876 efficiatur,
511 1821 739 1864 rursus
783 1821 862 1864 eo
899 1798 1086 1875 redit,
1130 1810 1202 1862 ut
1241 1797 1452 1862 minus
1484 1810 1659 1864 recta
1688 1800 2125 1884 interpretatio
2154 1800 2447 1866 adhiberi

159 1909 440 1974 videatur.
539 1907 654 1973 Ait
717 1908 884 1972 enim
933 1907 1362 1991 Pompeianos
1421 1905 1514 1970 ita
1566 1908 1897 1972 cavillatos
1960 1931 2137 1984 esse,
2198 1908 2449 1974 absenti

154 2017 316 2082 licere
341 2013 612 2081 Caesari
657 2026 874 2101 petere
913 2015 1338 2090 consulatum,
1377 2015 1675 2079 retinenti
1706 2017 2063 2081 exercitum
2088 2039 2213 2080 non
2236 2017 2450 2093 licere,

154 2124 458 2208 utiturque
511 2121 826 2188 Cicerone
886 2124 968 2188 ad
1014 2121 1152 2188 Att.
1198 2123 1347 2199 VII,
1394 2123 1456 2200 7,
1516 2122 1630 2188 ubi
1670 2123 1779 2188 ille
1825 2147 1943 2210 per
1990 2125 2265 2210 speciem
2315 2147 2449 2190 ser-

153 2234 334 2296 monis
377 2255 532 2297 cum
562 2233 778 2298 Attico
818 2231 1018 2297 habiti
1057 2232 1270 2296 nullos
1309 2232 1378 2295 in
1413 2231 1747 2315 republica
1790 2232 1995 2297 bonos
2028 2255 2171 2298 esse
2204 2234 2449 2309 scribit,

151 2342 472 2426 plerosque
533 2363 616 2406 ne
671 2363 946 2426 regnum
996 2339 1260 2424 quidem
1313 2339 1566 2416 timere,
1635 2340 1989 2406 dummodo
2052 2342 2241 2406 otiosi
2304 2341 2449 2406 sint.

151 2449 300 2513 Tum
340 2449 636 2515 Atticus:
707 2452 872 2521 Quid
911 2454 1099 2530 ergo?
1169 2452 1531 2510 Exercitum
1580 2452 1904 2512 retz'nentis
1948 2473 2089 2512 cum
2132 2453 2283 2530 legis
2326 2452 2453 2512 dies

154 2563 465 2637 transierit,
511 2562 816 2620 rationem
860 2557 1075 2620 haberi
1101 2561 1354 2640 placet?
1433 2553 1697 2620 Cicero:
1746 2559 1919 2620 Mihi
1950 2579 2091 2620 vero
2132 2581 2211 2620 ne
2244 2558 2453 2620 absen—

155 2671 218 2726 tis
251 2669 511 2747 quidem,
553 2667 660 2728 sed
695 2687 835 2727 cum
877 2667 948 2729 id
985 2668 1198 2728 datum
1233 2674 1339 2740 est,
1377 2667 1547 2728 illud
1571 2687 1701 2727 una
1726 2668 1943 2728 datum
1968 2676 2073 2728 est.
2153 2665 2447 2730 Atticus:

71 2819 73 2822 ι
155 2778 452 2836 Annorum
511 2778 676 2835 emim
737 2775 936 2836 decem
990 2777 1316 2853 imperium
1375 2783 1436 2834 et
1478 2777 1569 2834 ita
1612 2777 1813 2836 latum
1850 2777 2102 2854 placet?
2180 2771 2449 2839 Ciceroz

154 2885 340 2944 Placet
389 2886 594 2962 egitur
645 2885 834 2943 etiam
889 2901 986 2942 me
1035 2885 1354 2961 expulsum
1415 2889 1475 2943 et
1526 2904 1753 2962 agrum
1802 2883 2199 2963 Campanum·
2224 2889 2453 2964 perisse

153 3002 198 3052 ec
233 2995 592 3072 adoptatum
627 2994 974 3072 patricium
1025 3011 1066 3050 a
1099 2989 1332 3069 plebeio
1349 3035 1366 3064 ,
1421 2993 1805 3053 Gaditanum
1859 3013 1900 3051 ιι
1946 2979 2347 3069 ΛΙῃίίίεηάεο,
2392 3001 2455 3052 et

155 3101 393 3162 Labieni
449 3102 706 3162 divitiae
766 3109 825 3160 et
875 3101 1246 3160 Mamurrae
1283 3101 1535 3176 placent
1578 3108 1639 3161 et
1682 3099 1865 3161 Balbi
1902 3101 2074 3162 horti
2110 3109 2170 3160 et
2216 3103 2449 3161 Tuscu-

70 3243 73 3292 ἐ
154 3209 390 3271 lanum?
475 3206 630 3288 Quo
689 3205 772 3270 de
827 3206 970 3270 loco
1023 3205 1244 3290 quaeri
1289 3206 1378 3270 ait
1413 3206 1855 3282 Hofmannus,
1924 3206 2081 3290 quid
2130 3208 2212 3272 sit
2254 3209 2451 3293 quod,

70 3353 73 3410 ξ
155 3335 276 3378 cum
316 3315 658 3400 plebiscito
705 3311 970 3380 Caesari
1015 3315 1240 3378 datum
1287 3313 1390 3390 sit,
1437 3325 1513 3378 ut
1549 3312 1805 3392 absens,
1850 3315 2012 3379 illud
2054 3339 2187 3382 una
2228 3317 2451 3382 datum

70 3413 73 3442 ²
153 3445 273 3486 esse
307 3423 582 3499 dicatur,
621 3434 694 3486 ut
729 3423 1012 3488 retinens
1045 3421 1400 3488 exercitum
1433 3423 1840 3487 consulatum
1873 3436 2136 3511 peteret.
2204 3427 2449 3511 Aperte

70 3549 72 3586 i
155 3517 342 3595 autem
394 3554 534 3596 rem
595 3554 634 3595 a
691 3529 1004 3596 Cicerone
1065 3529 1430 3615 significari.
1532 3531 1831 3596 Alterum
1889 3533 2059 3597 enim
2116 3556 2249 3598 una
2302 3556 2451 3599 cum

155 3638 326 3702 altero
381 3640 532 3704 ideo
593 3639 724 3705 dici
781 3640 1004 3704 datum
1049 3660 1222 3715 esse,
1278 3638 1454 3723 quod
1496 3637 1837 3724 imperium
1880 3638 2177 3706 Caesaris
2222 3641 2452 3706 fuisset

157 3745 356 3811 decem
411 3769 748 3812 annorum.
830 3747 1060 3833 Neque
1108 3747 1178 3811 id
1224 3768 1418 3831 posse
1468 3746 1773 3832 intelligi,
1830 3748 1955 3814 nisi
1998 3761 2071 3814 ut
2112 3749 2451 3834 plebiscito

70 3869 72 3912 ξ
157 3865 394 3920 cautum
434 3879 578 3922 esse
621 3866 978 3921 statuamus
1021 3875 1149 3919 non
1194 3856 1424 3931 solum,
1469 3866 1543 3919 ut
1584 3855 1821 3920 absens
1860 3854 2105 3924 Caesar
2154 3860 2451 3924 consula-
2524 3868 2532 3876 ‘

70 3965 72 3968 ’
157 3971 273 4026 tum
319 3975 594 4050 peteret,
657 3964 774 4029 sed
833 3963 1022 4028 etiam
1077 3972 1152 4026 ut
1204 3973 1451 4048 peteret
1508 3973 1849 4048 antequam
1894 3964 2237 4050 imperium
2280 3980 2453 4034 essct

70 4103 72 4142 ;
159 4069 400 4137 finitum.
485 4073 636 4138 Una
675 4072 798 4137 hac
837 4071 1083 4136 ratione
1127 4070 1318 4148 effici,
1361 4084 1436 4135 ut
1478 4072 1686 4134 absens
1714 4073 1887 4138 idem
1916 4073 2238 4159 significet
2274 4076 2450 4159 quod

70 4225 72 4236 2
162 4183 400 4242 retinens
443 4185 810 4254 exercitum:
871 4179 1042 4264 effici
1096 4179 1318 4256 etiam,
1379 4190 1454 4244 ut
1499 4181 1724 4266 petitio
1766 4183 2138 4248 consulatus
2186 4182 2451 4249 Caesari

70 4311 73 4326 ³
163 4287 356 4354 ultimo
403 4289 656 4376 imperii
709 4311 878 4356 anno
917 4290 960 4354 i.
999 4312 1054 4354 e.
1115 4311 1284 4355 anno
1329 4290 1408 4355 50
1467 4289 1617 4356 data
1670 4291 1771 4356 sit.
1873 4290 2107 4357 Omnis
2147 4292 2309 4358 haec
2344 4315 2449 4358 ra-
2505 4295 2509 4300 ’

167 4392 478 4462 tiocinatio·
495 4398 575 4464 ab
607 4397 1124 4487 interpretatione
1152 4395 1487 4464 Ciceronis
1520 4399 1971 4487 proficiscitur.
2032 4399 2193 4465 Ideo
2226 4400 2450 4468 datum
