2917 5017
761 343 842 392 De
873 340 1044 393 Gallia
1075 341 1425 392 Romanorum
1464 345 1741 408 provincia.
2281 343 2399 410 113

149 507 298 593 (Ren.
333 505 520 568 Inser.
568 505 790 590 Alger.
831 527 894 567 n.
934 503 1124 588 1818)
1167 513 1232 568 et
1268 508 1382 586 leg.
1427 511 1585 587 Aug.
1626 513 1743 590 leg.
1772 515 1838 572 X
1866 513 1937 573 G.
1979 509 2053 576 P.
2082 507 2398 576 Claudius

152 614 322 678 Pallas
357 613 419 675 in
464 613 650 676 titulo
693 612 1064 677 Pannonico
1105 612 1278 695 apud
1321 611 1525 680 Orell.
1570 615 1763 694 49643
1809 622 1923 699 leg.
1968 621 2128 700 Aug.
2168 625 2285 700 leg.
2310 625 2411 683 XI

150 725 193 786 G.
218 725 272 784 P.
294 725 353 786 F.
395 719 472 784 L.
496 721 704 786 Iulius
747 721 1042 786 Marinus
1087 719 1209 785 sub
1232 719 1511 787 Traiano
1551 725 1724 808 apud
1760 725 1994 790 Marin.
2033 727 2181 792 Aet.
2222 730 2398 792 fratr.

146 853 245 894 arv.
283 829 396 894 tab.
419 829 647 894 LVIII
687 839 751 893 et
791 835 888 912 leg
949 833 1082 892 divi
1118 832 1430 892 Antonini
1465 833 1607 912 Aug
1665 835 1777 914 leg.
1819 838 1917 896 XI
1952 837 2037 900 Gt.
2076 835 2171 899 M.
2198 833 2398 901 Clau..

143 938 256 1002 dius
302 938 530 1002 Fronto
587 938 762 1023 apud
812 937 1014 1003 Orell.
1060 937 1257 1014 54783
1325 939 1511 1002 multi
1568 943 1765 1022 legati
1816 945 2089 1025 Augusti
2141 947 2399 1025 legionis

140 1051 267 1110 XIII
293 1051 572 1114 Geminae
618 1047 685 1110 in
727 1046 930 1112 titulis
984 1045 1274 1122 Daoieis,
1323 1047 1501 1112 velut
1545 1047 1737 1112 Grut.
1768 1049 1868 1124 32,
1896 1049 1937 1114 2
1950 1073 1967 1126 3
2014 1049 2196 1115 Maff.
2220 1050 2398 1116 Mus.

139 1155 257 1219 Ver.
295 1155 424 1231 248,
467 1155 539 1233 63
587 1153 787 1221 Orell.
836 1155 1100 1220 124801:
1141 1156 1300 1222 1917
1329 1167 1392 1220 et
1424 1155 1614 1232 19433
1662 1159 1775 1236 leg.
1818 1160 2052 1219 Nervae
2091 1161 2205 1238 leg.
2250 1163 2315 1221 X
2324 1161 2410 1222 V!

142 1267 344 1325 Flaviae
384 1269 632 1326 Firmae
671 1275 734 1327 et
775 1267 888 1344 leg.
928 1268 1206 1327 Traiani
1229 1268 1342 1346 leg.
1385 1269 1438 1326 V
1432 1269 1468 1326 Ι
1499 1269 1797 1327 Fert-atae
1828 1265 2003 1350 apud
2030 1264 2234 1331 Orell.
2258 1267 2397 1332 364.

141 1370 246 1434 Hos
287 1370 476 1456 igitur
523 1373 890 1436 invenimus
938 1372 1229 1458 Augusti
1285 1373 1535 1458 legatos
1594 1373 1956 1456 legionum,
2021 1374 2135 1438 sed
2194 1375 2397 1439 fuisse

140 1491 256 1563 puto
293 1480 605 1565 aliquanto
647 1481 888 1566 plures.
982 1481 1148 1546 Nam
1203 1480 1379 1565 quod
1433 1480 1776 1545 molestum
1818 1503 1969 1546 sane
2016 1492 2143 1557 est,
2208 1505 2397 1568 saepe

138 1586 184 1648 in
224 1586 398 1652 titulis
449 1589 644 1654 etiam
695 1589 810 1666 iis,
869 1589 980 1675 qui
1033 1588 1288 1674 publice
1342 1589 1534 1674 positi
1592 1599 1774 1665 sunt,
1829 1589 1936 1665 fit,
1994 1602 2066 1654 ut
2108 1592 2397 1676 Augusti

141 1695 396 1760 mentione
441 1698 684 1762 omissa
721 1699 834 1782 qui
875 1697 1238 1782 superiores
1283 1694 1597 1782 dignitate
1644 1708 1823 1773 sunt,
1883 1698 2147 1782 reliquis
2191 1699 2397 1784 legio-

146 1825 252 1867 num
286 1805 508 1890 legatis
555 1829 743 1892 pares
789 1829 932 1870 esse
977 1805 1339 1870 videantur.
1410 1809 1413 1812 ’
1446 1805 1675 1869 Unum
1719 1807 2083 1890 exemplum
2128 1806 2253 1870 iam
2300 1817 2396 1872 at-

142 1911 345 1976 tulimus
384 1915 654 1980 reetoris
679 1914 1042 1991 Numidiae,
1083 1914 1194 1998 qui
1228 1914 1483 1998 legatus
1508 1913 1635 1998 leg.
1662 1911 1765 1976 IlI
1797 1913 1970 1999 Aug.
2010 1915 2393 1991 nominatur,

133 2021 225 2084 alia
277 2032 414 2086 sunt
469 2022 539 2086 in
597 2023 797 2087 titulis
844 2022 1108 2088 Dacicis
1161 2021 1336 2108 apud
1385 2021 1567 2086 Maff.
1612 2021 1789 2085 Mus.
1833 2020 1987 2085 Ver.
2028 2022 2181 2099 238,
2238 2023 2279 2088 6
2334 2035 2397 2086 et

131 2128 249 2207 241,
295 2131 328 2194 4
367 2142 429 2195 et
468 2131 617 2208 247,
665 2132 706 2197 6
745 2141 808 2196 et
849 2131 1002 2208 249,
1045 2131 1115 2207 8,
1176 2130 1289 2196 ubi
1342 2131 1591 2215 legatos
1648 2129 1773 2214 leg.
1818 2129 1994 2194 XIII
2036 2127 2121 2194 G.
2170 2129 2395 2194 eadem

129 2249 386 2320 potestate
425 2238 752 2325 praeditos
795 2239 1000 2304 fuisse
1043 2239 1339 2303 existimo
1381 2250 1575 2322 atque
1617 2239 1762 2302 illos
1803 2238 2258 2324 Augustorum
2299 2240 2393 2302 le-

128 2357 302 2429 gatos,
358 2370 516 2432 quos
581 2347 942 2413 citavimus.
1038 2345 1304 2432 Insigne
1367 2345 1558 2436 etiam
1618 2347 1982 2431 exemplum
2041 2346 2173 2410 duo
2227 2348 2395 2411 tituli

127 2453 196 2516 M.
245 2452 492 2520 Claudii
554 2455 900 2520 Frontonis
977 2454 1148 2540 apud
1207 2453 1411 2519 Orell.
1470 2455 1634 2520 5478
1702 2464 1765 2518 et
1836 2455 2001 2520 5479
2070 2453 2393 2530 exhibent,

126 2583 351 2644 quorum
407 2563 473 2626 in
530 2545 743 2649 priore
801 2563 1052 2648 plenius
1115 2562 1352 2626 dicitur
1407 2563 1661 2646 legatus
1707 2562 2028 2648 Augusti,
2088 2563 2155 2626 in
2197 2562 2395 2626 altero

133 2670 452 2754 simpliciter
494 2675 612 2752 leg.
651 2675 763 2752 leg.
807 2677 846 2735 I
881 2676 1042 2740 Min,
1090 2674 1202 2752 leg.
1244 2676 1358 2752 leg.
1400 2674 1501 2732 XI
1534 2673 1609 2734 Gt
1689 2668 1909 2750 Quare
1946 2682 2021 2732 ut
2058 2669 2127 2733 in
2162 2671 2245 2734 iis
2282 2671 2396 2754 qui

133 2777 276 2861 legati
324 2790 568 2844 tantum
610 2778 884 2863 legionis
932 2788 1276 2855 vocantur,
1343 2777 1577 2841 multos
1623 2777 1819 2841 latere
1862 2776 2393 2855 existimabimus,

145 2885 220 2966 qui
248 2885 313 2950 ab
353 2888 740 2973 imperatore
785 2887 928 2971 ipso
971 2886 1272 2951 mandata
1313 2885 1697 2970 acceperint,
1739 2885 1827 2946 ita
1868 2883 2032 2948 illud
2076 2885 2395 2970 intellige-

137 3015 254 3070 mus,
290 3019 619 3080 nunquam
665 3016 812 3071 eos,
872 2994 985 3078 qui
1029 3017 1176 3058 eum
1222 2994 1344 3057 sub
1389 2993 1556 3057 alius
1600 2992 1796 3078 legati
1845 2993 2112 3079 imperio
2158 3003 2394 3069 essent,

130 3101 322 3168 minore
369 3113 684 3191 potestate
747 3112 1115 3178 uterentur,
1177 3104 1628 3188 Augustorum
1679 3102 1927 3188 legatos
1982 3123 2125 3166 esse
2168 3100 2395 3165 dictos.

129 3206 486 3296 Quamquam
534 3214 724 3276 etiam
765 3211 963 3276 altera
1006 3210 1164 3275 haec
1203 3212 1413 3275 cautio
1457 3208 1827 3276 adhibenda
1868 3221 1987 3286 est,
2028 3231 2109 3273 ne
2152 3229 2396 3284 omnes,

127 3317 210 3398 qui
236 3319 671 3406 Augustorum
704 3319 902 3404 legati
939 3320 1220 3394 fuerunt,
1261 3317 1627 3404 provincias
1668 3317 1857 3382 simul
1902 3339 2049 3382 eum
2084 3316 2395 3382 militibus

130 3427 326 3492 rexisse
383 3441 762 3494 statuamus.
872 3425 1038 3490 Nam
1097 3449 1224 3490 non
1288 3425 1479 3490 modo
1535 3424 1619 3489 ad
1676 3425 2039 3511 provincias
2100 3423 2397 3501 tuendas,

133 3555 309 3601 verum
349 3539 541 3603 etiam
587 3537 668 3602 ad
714 3535 874 3600 alios
911 3557 1072 3598 usus
1107 3533 1557 3615 Augustorum
1599 3533 1795 3618 legati
1838 3531 2149 3596 militibus
2190 3531 2398 3617 impo-

139 3640 429 3722 nebantur,
493 3645 672 3710 velut
713 3643 908 3729 paulo
952 3651 1098 3706 ante
1145 3641 1239 3705 M.
1285 3639 1676 3704 Frontonem
1696 3686 1715 3715 ,
1768 3649 1841 3702 ut
1878 3639 2169 3725 legiones
2214 3639 2399 3703 auxi-

146 3747 296 3834 liaque
334 3777 448 3839 per
489 3750 827 3818 Orientem
870 3751 1167 3824 duceret,
1232 3749 1553 3834 legatione
1604 3746 1687 3812 ab
1734 3748 2057 3834 Augustis
2104 3759 2399 3812 ornatum

145 3875 238 3922 esse
271 3860 575 3938 vidimus,
619 3859 918 3944 idemque
959 3858 1024 3921 in
1069 3855 1292 3932 eodem
1337 3856 1523 3920 titulo
1568 3861 1679 3938 leg.
1726 3859 1926 3937 Augg.
1973 3857 2232 3937 legionis
2264 3859 2402 3936 pri-

134 3986 233 4028 mae
257 3973 595 4032 Minerviae
629 3974 700 4030 in
739 3969 1178 4048 expeditionem
1209 3967 1569 4026 Parthicam
1614 3967 1999 4027 deducendae
2026 3963 2401 4048 appellatur.

135 4069 487 4142 Cf.Renie1-.
526 4078 730 4141 Inscr.
772 4075 998 4160 Alger.
1041 4097 1104 4137 n.
1157 4071 1332 4137 1818.
1420 4070 1855 4136 Nihilominus
1900 4083 2112 4135 tamen
2158 4071 2240 4135 ad
2288 4094 2402 4135 va-

135 4181 232 4245 rias
266 4185 731 4270 provinciarum
775 4183 1127 4248 divisiones
1169 4178 1591 4246 inveniendas
1632 4179 1789 4256 hoe,
1852 4179 1934 4243 de
1986 4200 2115 4264 quo
2174 4179 2401 4264 dispu-

136 4293 388 4371 tavimus,
437 4294 798 4380 legatorum
845 4291 1192 4356 discrimen
1237 4288 1358 4354 erit
1398 4287 1833 4353 utilissimum.

275 4402 394 4467 Sed
437 4416 510 4467 ut
555 4403 636 4466 ad
676 4401 966 4468 Raetiam
1007 4399 1372 4474 redeamus,
1414 4399 1497 4462 ad
1536 4419 1774 4462 annum
1814 4395 1949 4460 fere
1998 4393 2117 4460 176
2156 4415 2217 4478 p.
2244 4389 2401 4457 Chr.

1959 4503 1998 4568 8
