<?xml version="1.0" encoding="UTF-8"?>
<!DOCTYPE html PUBLIC "-//W3C//DTD XHTML 1.0 Transitional//EN"
    "http://www.w3.org/TR/xhtml1/DTD/xhtml1-transitional.dtd">
<html xmlns="http://www.w3.org/1999/xhtml" xml:lang="en" lang="en">
 <head>
  <title>
</title>
<meta http-equiv="Content-Type" content="text/html;charset=utf-8" />
  <meta name='ocr-system' content='tesseract 3.04.00' />
  <meta name='ocr-capabilities' content='ocr_page ocr_carea ocr_par ocr_line ocrx_word'/>
</head>
<body>
  <div class='ocr_page' id='page_1' title='image "augustiwilhelmi01unkngoog_0404.png"; bbox 0 0 2917 5017; ppageno 0'>
   <div class='ocr_carea' id='block_1_1' title="bbox 1253 314 2601 382">
    <p class='ocr_par' dir='ltr' id='par_1_1' title="bbox 1253 314 2601 382">
     <span class='ocr_line' id='line_1_1' title="bbox 1253 314 2601 382; baseline 0.012 -16"><span class='ocrx_word' id='word_1_1' title='bbox 1253 314 1417 367; x_wconf 81' lang='lat' dir='ltr'>Index</span> <span class='ocrx_word' id='word_1_2' title='bbox 1453 331 1637 368; x_wconf 85' lang='lat' dir='ltr'>rerum.</span> <span class='ocrx_word' id='word_1_3' title='bbox 2476 315 2601 382; x_wconf 83' lang='grc'>389</span> 
     </span>
    </p>
   </div>
   <div class='ocr_carea' id='block_1_2' title="bbox 279 476 1100 546">
    <p class='ocr_par' dir='ltr' id='par_1_2' title="bbox 279 476 1100 546">
     <span class='ocr_line' id='line_1_2' title="bbox 279 476 1100 546; baseline -0.001 -16"><span class='ocrx_word' id='word_1_4' title='bbox 279 480 608 532; x_wconf 88' lang='lat' dir='ltr'>Ptolemaeus</span> <span class='ocrx_word' id='word_1_5' title='bbox 649 479 933 546; x_wconf 76' lang='lat' dir='ltr'><strong>explicatur</strong></span> <span class='ocrx_word' id='word_1_6' title='bbox 974 476 1100 530; x_wconf 89' lang='grc'><strong>132.-</strong></span> 
     </span>
    </p>
   </div>
   <div class='ocr_carea' id='block_1_3' title="bbox 277 611 2603 1006">
    <p class='ocr_par' dir='ltr' id='par_1_3' title="bbox 281 611 2603 748">
     <span class='ocr_line' id='line_1_3' title="bbox 281 611 2603 685; baseline 0.003 -21"><span class='ocrx_word' id='word_1_7' title='bbox 281 624 576 679; x_wconf 86' lang='lat' dir='ltr'>quaestores</span> <span class='ocrx_word' id='word_1_8' title='bbox 612 616 733 666; x_wconf 85' lang='lat' dir='ltr'>anni</span> <span class='ocrx_word' id='word_1_9' title='bbox 767 613 835 665; x_wconf 84' lang='grc'><strong>48</strong></span> <span class='ocrx_word' id='word_1_10' title='bbox 871 631 916 668; x_wconf 89' lang='lat' dir='ltr'>a.</span> <span class='ocrx_word' id='word_1_11' title='bbox 952 615 1072 666; x_wconf 86' lang='lat' dir='ltr'>Chr.</span> <span class='ocrx_word' id='word_1_12' title='bbox 1109 611 1225 666; x_wconf 98' lang='grc'><strong>243.</strong></span> <span class='ocrx_word' id='word_1_13' title='bbox 1294 622 1541 680; x_wconf 75' lang='lat' dir='ltr'><strong>quaestor</strong></span> <span class='ocrx_word' id='word_1_14' title='bbox 1573 631 1667 680; x_wconf 89' lang='lat' dir='ltr'>pro</span> <span class='ocrx_word' id='word_1_15' title='bbox 1702 624 1935 681; x_wconf 89' lang='lat' dir='ltr'>praetore</span> <span class='ocrx_word' id='word_1_16' title='bbox 1970 619 2025 668; x_wconf 87' lang='lat' dir='ltr'>in</span> <span class='ocrx_word' id='word_1_17' title='bbox 2058 618 2362 685; x_wconf 84' lang='lat' dir='ltr'>Hispaniam</span> <span class='ocrx_word' id='word_1_18' title='bbox 2402 621 2603 670; x_wconf 85' lang='lat' dir='ltr'>citerio-</span> 
     </span>
     <span class='ocr_line' id='line_1_4' title="bbox 418 694 901 748; baseline 0.002 -2"><span class='ocrx_word' id='word_1_19' title='bbox 418 713 524 748; x_wconf 90' lang='lat' dir='ltr'>rem</span> <span class='ocrx_word' id='word_1_20' title='bbox 558 699 778 748; x_wconf 80' lang='lat' dir='ltr'><strong>mittitur</strong></span> <span class='ocrx_word' id='word_1_21' title='bbox 817 694 901 748; x_wconf 85' lang='grc'>56.</span> 
     </span>
    </p>

    <p class='ocr_par' dir='ltr' id='par_1_4' title="bbox 281 777 1340 842">
     <span class='ocr_line' id='line_1_5' title="bbox 281 777 1340 842; baseline 0.003 -17"><span class='ocrx_word' id='word_1_22' title='bbox 281 779 516 840; x_wconf 79' lang='lat' dir='ltr'><strong>quaestio</strong></span> <span class='ocrx_word' id='word_1_23' title='bbox 553 779 950 842; x_wconf 86' lang='lat' dir='ltr'>repetundarum</span> <span class='ocrx_word' id='word_1_24' title='bbox 984 777 1217 827; x_wconf 89' lang='lat' dir='ltr'>instituta</span> <span class='ocrx_word' id='word_1_25' title='bbox 1259 777 1340 828; x_wconf 91' lang='grc'>10.</span> 
     </span>
    </p>

    <p class='ocr_par' dir='ltr' id='par_1_5' title="bbox 278 857 1875 923">
     <span class='ocr_line' id='line_1_6' title="bbox 278 857 1875 923; baseline 0.001 -16"><span class='ocrx_word' id='word_1_26' title='bbox 278 858 338 908; x_wconf 89' lang='lat' dir='ltr'>P.</span> <span class='ocrx_word' id='word_1_27' title='bbox 374 858 680 920; x_wconf 78' lang='lat' dir='ltr'>Quinctilius</span> <span class='ocrx_word' id='word_1_28' title='bbox 715 859 902 920; x_wconf 80' lang='lat' dir='ltr'>Varus,</span> <span class='ocrx_word' id='word_1_29' title='bbox 944 859 1169 923; x_wconf 77' lang='lat' dir='ltr'>Augusti</span> <span class='ocrx_word' id='word_1_30' title='bbox 1209 860 1262 908; x_wconf 88' lang='lat' dir='ltr'>in</span> <span class='ocrx_word' id='word_1_31' title='bbox 1300 858 1473 909; x_wconf 84' lang='lat' dir='ltr'>Gallia</span> <span class='ocrx_word' id='word_1_32' title='bbox 1510 859 1712 922; x_wconf 85' lang='lat' dir='ltr'>legatus</span> <span class='ocrx_word' id='word_1_33' title='bbox 1762 857 1875 909; x_wconf 98' lang='grc'><strong>123.</strong></span> 
     </span>
    </p>

    <p class='ocr_par' dir='ltr' id='par_1_6' title="bbox 277 939 2395 1006">
     <span class='ocr_line' id='line_1_7' title="bbox 277 939 2395 1006; baseline 0.001 -16"><span class='ocrx_word' id='word_1_34' title='bbox 277 941 686 1004; x_wconf 80' lang='lat' dir='ltr'>quinquennium</span> <span class='ocrx_word' id='word_1_35' title='bbox 723 941 988 1005; x_wconf 83' lang='lat' dir='ltr'>appellari,</span> <span class='ocrx_word' id='word_1_36' title='bbox 1030 942 1170 1005; x_wconf 90' lang='lat' dir='ltr'>quod</span> <span class='ocrx_word' id='word_1_37' title='bbox 1205 941 1362 1006; x_wconf 83' lang='lat' dir='ltr'>paulo</span> <span class='ocrx_word' id='word_1_38' title='bbox 1401 941 1572 990; x_wconf 87' lang='lat' dir='ltr'>minus</span> <span class='ocrx_word' id='word_1_39' title='bbox 1612 941 1680 989; x_wconf 86' lang='lat' dir='ltr'>sit</span> <span class='ocrx_word' id='word_1_40' title='bbox 1715 941 1935 1005; x_wconf 88' lang='lat' dir='ltr'>quinque</span> <span class='ocrx_word' id='word_1_41' title='bbox 1973 942 2121 990; x_wconf 88' lang='lat' dir='ltr'>annis</span> <span class='ocrx_word' id='word_1_42' title='bbox 2156 939 2238 992; x_wconf 82' lang='lat'>86.</span> <span class='ocrx_word' id='word_1_43' title='bbox 2281 941 2395 993; x_wconf 91' lang='grc'><strong>169.</strong></span> 
     </span>
    </p>
   </div>
   <div class='ocr_carea' id='block_1_4' title="bbox 275 1084 2603 1397">
    <p class='ocr_par' dir='ltr' id='par_1_7' title="bbox 275 1084 2603 1314">
     <span class='ocr_line' id='line_1_8' title="bbox 275 1084 2603 1158; baseline 0.004 -24"><span class='ocrx_word' id='word_1_44' title='bbox 275 1084 464 1135; x_wconf 86' lang='lat' dir='ltr'>Raetia</span> <span class='ocrx_word' id='word_1_45' title='bbox 498 1089 762 1150; x_wconf 77' lang='lat' dir='ltr'>quomodo</span> <span class='ocrx_word' id='word_1_46' title='bbox 803 1087 868 1137; x_wconf 88' lang='lat' dir='ltr'>ab</span> <span class='ocrx_word' id='word_1_47' title='bbox 903 1087 1153 1136; x_wconf 87' lang='lat' dir='ltr'>Romanis</span> <span class='ocrx_word' id='word_1_48' title='bbox 1189 1087 1400 1137; x_wconf 86' lang='lat' dir='ltr'>subacta</span> <span class='ocrx_word' id='word_1_49' title='bbox 1440 1088 1507 1137; x_wconf 90' lang='lat' dir='ltr'>sit</span> <span class='ocrx_word' id='word_1_50' title='bbox 1554 1086 1663 1137; x_wconf 88' lang='grc'><strong>103.</strong></span> <span class='ocrx_word' id='word_1_51' title='bbox 1734 1089 1988 1151; x_wconf 88' lang='lat' dir='ltr'>quomodo</span> <span class='ocrx_word' id='word_1_52' title='bbox 2028 1088 2092 1137; x_wconf 89' lang='lat' dir='ltr'>ab</span> <span class='ocrx_word' id='word_1_53' title='bbox 2129 1089 2366 1152; x_wconf 85' lang='lat' dir='ltr'>Augusto</span> <span class='ocrx_word' id='word_1_54' title='bbox 2400 1108 2603 1158; x_wconf 88' lang='lat' dir='ltr'>compo-</span> 
     </span>
     <span class='ocr_line' id='line_1_9' title="bbox 415 1165 2603 1237; baseline 0.004 -22"><span class='ocrx_word' id='word_1_55' title='bbox 415 1167 516 1216; x_wconf 87' lang='lat' dir='ltr'>sita</span> <span class='ocrx_word' id='word_1_56' title='bbox 557 1165 671 1217; x_wconf 94' lang='grc'><strong>105.</strong></span> <span class='ocrx_word' id='word_1_57' title='bbox 726 1183 838 1216; x_wconf 91' lang='lat' dir='ltr'>cum</span> <span class='ocrx_word' id='word_1_58' title='bbox 875 1167 1150 1218; x_wconf 77' lang='lat' dir='ltr'>Germania</span> <span class='ocrx_word' id='word_1_59' title='bbox 1183 1170 1445 1232; x_wconf 80' lang='lat' dir='ltr'>superiore</span> <span class='ocrx_word' id='word_1_60' title='bbox 1484 1170 1752 1218; x_wconf 85' lang='lat' dir='ltr'>coniuncta</span> <span class='ocrx_word' id='word_1_61' title='bbox 1792 1168 1899 1220; x_wconf 90' lang='grc'><strong>105.</strong></span> <span class='ocrx_word' id='word_1_62' title='bbox 1962 1171 2166 1232; x_wconf 90' lang='lat' dir='ltr'>quando</span> <span class='ocrx_word' id='word_1_63' title='bbox 2192 1173 2458 1234; x_wconf 85' lang='lat' dir='ltr'>peculiaris</span> <span class='ocrx_word' id='word_1_64' title='bbox 2487 1190 2603 1237; x_wconf 86' lang='lat' dir='ltr'>pro-</span> 
     </span>
     <span class='ocr_line' id='line_1_10' title="bbox 414 1235 2265 1314; baseline 0.002 -18"><span class='ocrx_word' id='word_1_65' title='bbox 414 1247 583 1297; x_wconf 82' lang='lat' dir='ltr'>vincia</span> <span class='ocrx_word' id='word_1_66' title='bbox 625 1246 762 1298; x_wconf 78' lang='lat' dir='ltr'>facta</span> <span class='ocrx_word' id='word_1_67' title='bbox 795 1251 862 1298; x_wconf 86' lang='lat' dir='ltr'>sit</span> <span class='ocrx_word' id='word_1_68' title='bbox 907 1246 1021 1298; x_wconf 85' lang='lat'><strong>109.</strong></span> <span class='ocrx_word' id='word_1_69' title='bbox 1093 1264 1248 1298; x_wconf 88' lang='lat' dir='ltr'>unam</span> <span class='ocrx_word' id='word_1_70' title='bbox 1283 1251 1537 1313; x_wconf 85' lang='lat' dir='ltr'>legionem</span> <span class='ocrx_word' id='word_1_71' title='bbox 1579 1260 1632 1300; x_wconf 90' lang='lat' dir='ltr'>et</span> <span class='ocrx_word' id='word_1_72' title='bbox 1666 1235 1905 1312; x_wconf 55' lang='lat' dir='ltr'>legatum*</span> <span class='ocrx_word' id='word_1_73' title='bbox 1930 1249 2111 1314; x_wconf 88' lang='lat' dir='ltr'>accipit</span> <span class='ocrx_word' id='word_1_74' title='bbox 2153 1248 2265 1300; x_wconf 83' lang='grc'><strong>114.</strong></span> 
     </span>
    </p>

    <p class='ocr_par' dir='ltr' id='par_1_8' title="bbox 275 1327 2284 1397">
     <span class='ocr_line' id='line_1_11' title="bbox 275 1327 2284 1397; baseline 0.001 -19"><span class='ocrx_word' id='word_1_75' title='bbox 275 1327 445 1378; x_wconf 83' lang='lat' dir='ltr'>Roma</span> <span class='ocrx_word' id='word_1_76' title='bbox 481 1337 725 1379; x_wconf 87' lang='lat' dir='ltr'>oneratur</span> <span class='ocrx_word' id='word_1_77' title='bbox 763 1329 1088 1379; x_wconf 85' lang='lat' dir='ltr'>multitudine</span> <span class='ocrx_word' id='word_1_78' title='bbox 1124 1330 1405 1380; x_wconf 88' lang='lat' dir='ltr'>incolarum</span> <span class='ocrx_word' id='word_1_79' title='bbox 1444 1346 1504 1380; x_wconf 89' lang='lat' dir='ltr'>ac</span> <span class='ocrx_word' id='word_1_80' title='bbox 1540 1333 1745 1395; x_wconf 87' lang='lat' dir='ltr'>saepius</span> <span class='ocrx_word' id='word_1_81' title='bbox 1785 1339 2033 1397; x_wconf 87' lang='lat' dir='ltr'>purgatur</span> <span class='ocrx_word' id='word_1_82' title='bbox 2072 1327 2175 1380; x_wconf 87' lang='grc'>348</span> <span class='ocrx_word' id='word_1_83' title='bbox 2209 1346 2284 1394; x_wconf 88' lang='lat' dir='ltr'>sq.</span> 
     </span>
    </p>
   </div>
   <div class='ocr_carea' id='block_1_5' title="bbox 231 1462 2607 3548">
    <p class='ocr_par' dir='ltr' id='par_1_9' title="bbox 273 1462 1262 1529">
     <span class='ocr_line' id='line_1_12' title="bbox 273 1462 1262 1529; baseline 0.003 -15"><span class='ocrx_word' id='word_1_84' title='bbox 273 1462 594 1526; x_wconf 82' lang='lat' dir='ltr'>Saguntinas</span> <span class='ocrx_word' id='word_1_85' title='bbox 632 1465 942 1529; x_wconf 87' lang='lat' dir='ltr'>reipublicae</span> <span class='ocrx_word' id='word_1_86' title='bbox 976 1465 1108 1514; x_wconf 89' lang='lat' dir='ltr'>ratio</span> <span class='ocrx_word' id='word_1_87' title='bbox 1143 1463 1262 1517; x_wconf 90' lang='grc'><strong>288.</strong></span> 
     </span>
    </p>

    <p class='ocr_par' dir='ltr' id='par_1_10' title="bbox 277 1541 1050 1610">
     <span class='ocr_line' id='line_1_13' title="bbox 277 1541 1050 1610; baseline 0.003 -17"><span class='ocrx_word' id='word_1_88' title='bbox 277 1543 558 1596; x_wconf 78' lang='lat' dir='ltr'>Sallustius</span> <span class='ocrx_word' id='word_1_89' title='bbox 599 1545 888 1610; x_wconf 84' lang='lat' dir='ltr'>explicatus</span> <span class='ocrx_word' id='word_1_90' title='bbox 931 1541 1050 1595; x_wconf 90' lang='grc'><strong>360.</strong></span> 
     </span>
    </p>

    <p class='ocr_par' dir='ltr' id='par_1_11' title="bbox 276 1623 1304 1690">
     <span class='ocr_line' id='line_1_14' title="bbox 276 1623 1304 1690; baseline 0.003 -15"><span class='ocrx_word' id='word_1_91' title='bbox 276 1624 338 1675; x_wconf 88' lang='lat' dir='ltr'>C.</span> <span class='ocrx_word' id='word_1_92' title='bbox 377 1623 654 1676; x_wconf 80' lang='lat' dir='ltr'>Sallustius</span> <span class='ocrx_word' id='word_1_93' title='bbox 693 1625 904 1690; x_wconf 82' lang='lat' dir='ltr'>Crispus</span> <span class='ocrx_word' id='word_1_94' title='bbox 941 1633 1148 1690; x_wconf 84' lang='lat' dir='ltr'>praetor</span> <span class='ocrx_word' id='word_1_95' title='bbox 1185 1623 1304 1678; x_wconf 84' lang='grc'><strong>243.</strong></span> 
     </span>
    </p>

    <p class='ocr_par' dir='ltr' id='par_1_12' title="bbox 231 1704 2604 1852">
     <span class='ocr_line' id='line_1_15' title="bbox 231 1704 2604 1774; baseline 0 -17"><span class='ocrx_word' id='word_1_96' title='bbox 231 1765 238 1771; x_wconf 44' lang='grc'><em>,</em></span> <span class='ocrx_word' id='word_1_97' title='bbox 275 1707 553 1770; x_wconf 77' lang='lat' dir='ltr'>Salpensa,</span> <span class='ocrx_word' id='word_1_98' title='bbox 605 1707 888 1772; x_wconf 84' lang='lat' dir='ltr'>Hispaniae</span> <span class='ocrx_word' id='word_1_99' title='bbox 922 1704 1164 1756; x_wconf 73' lang='lat' dir='ltr'>Baeticae</span> <span class='ocrx_word' id='word_1_100' title='bbox 1202 1706 1534 1770; x_wconf 85' lang='lat' dir='ltr'>municipium</span> <span class='ocrx_word' id='word_1_101' title='bbox 1580 1705 1699 1760; x_wconf 88' lang='grc'><strong>319.</strong></span> <span class='ocrx_word' id='word_1_102' title='bbox 1768 1707 2121 1774; x_wconf 86' lang='lat' dir='ltr'>Salpensanae</span> <span class='ocrx_word' id='word_1_103' title='bbox 2162 1707 2367 1758; x_wconf 83' lang='lat' dir='ltr'>tabulae</span> <span class='ocrx_word' id='word_1_104' title='bbox 2404 1708 2604 1758; x_wconf 79' lang='lat' dir='ltr'>initium</span> 
     </span>
     <span class='ocr_line' id='line_1_16' title="bbox 415 1783 1244 1852; baseline 0.002 -16"><span class='ocrx_word' id='word_1_105' title='bbox 415 1787 677 1852; x_wconf 79' lang='lat' dir='ltr'>suppletur</span> <span class='ocrx_word' id='word_1_106' title='bbox 711 1795 764 1837; x_wconf 91' lang='lat' dir='ltr'>et</span> <span class='ocrx_word' id='word_1_107' title='bbox 800 1787 1086 1851; x_wconf 82' lang='lat' dir='ltr'>explicatur</span> <span class='ocrx_word' id='word_1_108' title='bbox 1125 1783 1244 1838; x_wconf 89' lang='grc'><strong>354.</strong></span> 
     </span>
    </p>

    <p class='ocr_par' dir='ltr' id='par_1_13' title="bbox 275 1865 2604 1999">
     <span class='ocr_line' id='line_1_17' title="bbox 275 1865 2604 1933; baseline -0 -16"><span class='ocrx_word' id='word_1_109' title='bbox 275 1866 516 1917; x_wconf 79' lang='lat' dir='ltr'>Sardinia</span> <span class='ocrx_word' id='word_1_110' title='bbox 549 1867 657 1918; x_wconf 83' lang='lat' dir='ltr'>fere</span> <span class='ocrx_word' id='word_1_111' title='bbox 691 1870 948 1933; x_wconf 80' lang='lat' dir='ltr'>praetoria</span> <span class='ocrx_word' id='word_1_112' title='bbox 981 1869 1244 1933; x_wconf 84' lang='lat' dir='ltr'>provincia</span> <span class='ocrx_word' id='word_1_113' title='bbox 1281 1865 1363 1921; x_wconf 88' lang='grc'>49.</span> <span class='ocrx_word' id='word_1_114' title='bbox 1437 1869 1503 1918; x_wconf 86' lang='lat' dir='ltr'>ab</span> <span class='ocrx_word' id='word_1_115' title='bbox 1543 1869 1665 1932; x_wconf 90' lang='lat' dir='ltr'>imp.</span> <span class='ocrx_word' id='word_1_116' title='bbox 1709 1869 1781 1919; x_wconf 89' lang='lat' dir='ltr'>M.</span> <span class='ocrx_word' id='word_1_117' title='bbox 1824 1869 2040 1918; x_wconf 80' lang='lat' dir='ltr'>Aurelio</span> <span class='ocrx_word' id='word_1_118' title='bbox 2088 1868 2362 1931; x_wconf 87' lang='lat' dir='ltr'>aliquando</span> <span class='ocrx_word' id='word_1_119' title='bbox 2402 1867 2604 1917; x_wconf 84' lang='lat' dir='ltr'>senatui</span> 
     </span>
     <span class='ocr_line' id='line_1_18' title="bbox 416 1947 783 1999; baseline 0.003 -2"><span class='ocrx_word' id='word_1_120' title='bbox 416 1950 620 1999; x_wconf 82' lang='lat' dir='ltr'>reddita</span> <span class='ocrx_word' id='word_1_121' title='bbox 673 1947 783 1999; x_wconf 87' lang='grc'><strong>144.</strong></span> 
     </span>
    </p>

    <p class='ocr_par' dir='ltr' id='par_1_14' title="bbox 273 2027 1660 2094">
     <span class='ocr_line' id='line_1_19' title="bbox 273 2027 1660 2094; baseline 0.001 -17"><span class='ocrx_word' id='word_1_122' title='bbox 273 2029 550 2093; x_wconf 84' lang='lat' dir='ltr'>scriptores</span> <span class='ocrx_word' id='word_1_123' title='bbox 589 2030 838 2081; x_wconf 81' lang='lat' dir='ltr'>historiae</span> <span class='ocrx_word' id='word_1_124' title='bbox 874 2028 1144 2092; x_wconf 84' lang='lat' dir='ltr'>Augustae</span> <span class='ocrx_word' id='word_1_125' title='bbox 1183 2029 1507 2094; x_wconf 80' lang='lat' dir='ltr'>explicantur</span> <span class='ocrx_word' id='word_1_126' title='bbox 1547 2027 1660 2079; x_wconf 87' lang='grc'><strong>143.</strong></span> 
     </span>
    </p>

    <p class='ocr_par' dir='ltr' id='par_1_15' title="bbox 275 2109 2603 2407">
     <span class='ocr_line' id='line_1_20' title="bbox 275 2109 2603 2175; baseline -0.001 -17"><span class='ocrx_word' id='word_1_127' title='bbox 275 2119 488 2160; x_wconf 86' lang='lat' dir='ltr'>senatus</span> <span class='ocrx_word' id='word_1_128' title='bbox 532 2111 798 2174; x_wconf 83' lang='lat' dir='ltr'>plebiscita</span> <span class='ocrx_word' id='word_1_129' title='bbox 851 2125 957 2159; x_wconf 89' lang='lat' dir='ltr'>non</span> <span class='ocrx_word' id='word_1_130' title='bbox 1003 2117 1174 2174; x_wconf 79' lang='lat' dir='ltr'>potest</span> <span class='ocrx_word' id='word_1_131' title='bbox 1220 2112 1591 2175; x_wconf 88' lang='lat' dir='ltr'>reprehendere</span> <span class='ocrx_word' id='word_1_132' title='bbox 1647 2109 1761 2162; x_wconf 84' lang='lat'><strong>167.</strong></span> <span class='ocrx_word' id='word_1_133' title='bbox 1832 2111 2145 2159; x_wconf 63' lang='lat' dir='ltr'>senatoriam</span> <span class='ocrx_word' id='word_1_134' title='bbox 2180 2109 2603 2158; x_wconf 85' lang='lat' dir='ltr'>consuetudinem</span> 
     </span>
     <span class='ocr_line' id='line_1_21' title="bbox 413 2185 2602 2256; baseline 0.001 -18"><span class='ocrx_word' id='word_1_135' title='bbox 413 2190 524 2253; x_wconf 89' lang='lat' dir='ltr'>ipse</span> <span class='ocrx_word' id='word_1_136' title='bbox 570 2200 742 2255; x_wconf 88' lang='lat' dir='ltr'>potest</span> <span class='ocrx_word' id='word_1_137' title='bbox 789 2199 984 2240; x_wconf 84' lang='lat' dir='ltr'>mutare</span> <span class='ocrx_word' id='word_1_138' title='bbox 1037 2189 1154 2241; x_wconf 85' lang='grc'><strong>260.</strong></span> <span class='ocrx_word' id='word_1_139' title='bbox 1239 2193 1325 2256; x_wconf 90' lang='lat' dir='ltr'>qui</span> <span class='ocrx_word' id='word_1_140' title='bbox 1377 2193 1456 2240; x_wconf 89' lang='lat' dir='ltr'>ius</span> <span class='ocrx_word' id='word_1_141' title='bbox 1509 2191 1760 2243; x_wconf 77' lang='lat' dir='ltr'>referendi</span> <span class='ocrx_word' id='word_1_142' title='bbox 1808 2193 1872 2242; x_wconf 77' lang='lat' dir='ltr'>ad</span> <span class='ocrx_word' id='word_1_143' title='bbox 1926 2199 2162 2242; x_wconf 87' lang='lat' dir='ltr'>senatum</span> <span class='ocrx_word' id='word_1_144' title='bbox 2212 2190 2437 2238; x_wconf 68' lang='lat' dir='ltr'>habeant</span> <span class='ocrx_word' id='word_1_145' title='bbox 2480 2185 2602 2241; x_wconf 84' lang='grc'><strong>261.</strong></span> 
     </span>
     <span class='ocr_line' id='line_1_22' title="bbox 413 2271 2603 2337; baseline -0.001 -17"><span class='ocrx_word' id='word_1_146' title='bbox 413 2274 860 2322; x_wconf 86' lang='lat' dir='ltr'>senatusconsulta</span> <span class='ocrx_word' id='word_1_147' title='bbox 908 2282 1156 2322; x_wconf 81' lang='lat' dir='ltr'>vocantur</span> <span class='ocrx_word' id='word_1_148' title='bbox 1205 2273 1348 2337; x_wconf 84' lang='lat' dir='ltr'>leges</span> <span class='ocrx_word' id='word_1_149' title='bbox 1399 2271 1517 2324; x_wconf 90' lang='grc'><strong>301.</strong></span> <span class='ocrx_word' id='word_1_150' title='bbox 1592 2274 1913 2323; x_wconf 87' lang='lat' dir='ltr'>senatoribus</span> <span class='ocrx_word' id='word_1_151' title='bbox 1952 2287 2167 2336; x_wconf 84' lang='lat' dir='ltr'>peregre</span> <span class='ocrx_word' id='word_1_152' title='bbox 2206 2271 2459 2336; x_wconf 83' lang='lat' dir='ltr'>proficisci</span> <span class='ocrx_word' id='word_1_153' title='bbox 2500 2284 2603 2318; x_wconf 82' lang='lat' dir='ltr'>nou</span> 
     </span>
     <span class='ocr_line' id='line_1_23' title="bbox 413 2350 850 2407; baseline 0.016 -7"><span class='ocrx_word' id='word_1_154' title='bbox 413 2352 536 2402; x_wconf 87' lang='lat' dir='ltr'>lieet</span> <span class='ocrx_word' id='word_1_155' title='bbox 570 2350 689 2405; x_wconf 91' lang='grc'><strong>334.</strong></span> <span class='ocrx_word' id='word_1_156' title='bbox 729 2351 850 2407; x_wconf 88' lang='grc'><strong>336.</strong></span> 
     </span>
    </p>

    <p class='ocr_par' dir='ltr' id='par_1_16' title="bbox 273 2432 1592 2498">
     <span class='ocr_line' id='line_1_24' title="bbox 273 2432 1592 2498; baseline 0 -14"><span class='ocrx_word' id='word_1_157' title='bbox 273 2432 334 2484; x_wconf 84' lang='lat'>0.</span> <span class='ocrx_word' id='word_1_158' title='bbox 375 2432 580 2484; x_wconf 87' lang='lat' dir='ltr'>Sentius</span> <span class='ocrx_word' id='word_1_159' title='bbox 615 2433 938 2495; x_wconf 63' lang='lat' dir='ltr'>Saturninus.</span> <span class='ocrx_word' id='word_1_160' title='bbox 981 2432 1183 2484; x_wconf 84' lang='lat' dir='ltr'>Galliae</span> <span class='ocrx_word' id='word_1_161' title='bbox 1223 2448 1429 2498; x_wconf 82' lang='lat' dir='ltr'>praeses</span> <span class='ocrx_word' id='word_1_162' title='bbox 1478 2432 1592 2484; x_wconf 89' lang='grc'><strong>121.</strong></span> 
     </span>
    </p>

    <p class='ocr_par' dir='ltr' id='par_1_17' title="bbox 277 2512 2083 2580">
     <span class='ocr_line' id='line_1_25' title="bbox 277 2512 2083 2580; baseline 0 -16"><span class='ocrx_word' id='word_1_163' title='bbox 277 2513 514 2577; x_wconf 86' lang='lat' dir='ltr'>Septimii</span> <span class='ocrx_word' id='word_1_164' title='bbox 551 2513 728 2565; x_wconf 83' lang='lat' dir='ltr'>Severi</span> <span class='ocrx_word' id='word_1_165' title='bbox 761 2515 1083 2580; x_wconf 89' lang='lat' dir='ltr'>imperatoris</span> <span class='ocrx_word' id='word_1_166' title='bbox 1123 2523 1364 2579; x_wconf 86' lang='lat' dir='ltr'>praetura</span> <span class='ocrx_word' id='word_1_167' title='bbox 1401 2523 1452 2565; x_wconf 91' lang='lat' dir='ltr'>et</span> <span class='ocrx_word' id='word_1_168' title='bbox 1486 2515 1668 2580; x_wconf 87' lang='lat' dir='ltr'>reliqui</span> <span class='ocrx_word' id='word_1_169' title='bbox 1704 2515 1927 2566; x_wconf 87' lang='lat' dir='ltr'>honores</span> <span class='ocrx_word' id='word_1_170' title='bbox 1970 2512 2083 2564; x_wconf 81' lang='grc'><strong>144.</strong></span> 
     </span>
    </p>

    <p class='ocr_par' dir='ltr' id='par_1_18' title="bbox 275 2590 2605 2741">
     <span class='ocr_line' id='line_1_26' title="bbox 275 2590 2605 2663; baseline -0.002 -19"><span class='ocrx_word' id='word_1_171' title='bbox 275 2593 454 2644; x_wconf 82' lang='lat' dir='ltr'>Sicilia</span> <span class='ocrx_word' id='word_1_172' title='bbox 491 2595 598 2646; x_wconf 78' lang='lat' dir='ltr'>fere</span> <span class='ocrx_word' id='word_1_173' title='bbox 633 2598 893 2663; x_wconf 80' lang='lat' dir='ltr'>praetoria</span> <span class='ocrx_word' id='word_1_174' title='bbox 929 2596 1189 2661; x_wconf 74' lang='lat' dir='ltr'>provincia</span> <span class='ocrx_word' id='word_1_175' title='bbox 1223 2593 1304 2648; x_wconf 87' lang='grc'>49.</span> <span class='ocrx_word' id='word_1_176' title='bbox 1363 2598 1473 2646; x_wconf 89' lang='lat' dir='ltr'>eius</span> <span class='ocrx_word' id='word_1_177' title='bbox 1510 2596 1801 2647; x_wconf 85' lang='lat' dir='ltr'>foederatae</span> <span class='ocrx_word' id='word_1_178' title='bbox 1832 2599 2062 2647; x_wconf 84' lang='lat' dir='ltr'>civitates</span> <span class='ocrx_word' id='word_1_179' title='bbox 2098 2592 2218 2646; x_wconf 86' lang='grc'><strong>316.</strong></span> <span class='ocrx_word' id='word_1_180' title='bbox 2274 2593 2340 2642; x_wconf 82' lang='lat' dir='ltr'>ab</span> <span class='ocrx_word' id='word_1_181' title='bbox 2371 2590 2605 2654; x_wconf 72' lang='lat' dir='ltr'>Caligula</span> 
     </span>
     <span class='ocr_line' id='line_1_27' title="bbox 415 2673 1181 2741; baseline 0.001 -17"><span class='ocrx_word' id='word_1_182' title='bbox 415 2677 492 2726; x_wconf 92' lang='lat' dir='ltr'>ius</span> <span class='ocrx_word' id='word_1_183' title='bbox 531 2679 788 2728; x_wconf 89' lang='lat' dir='ltr'>honorum</span> <span class='ocrx_word' id='word_1_184' title='bbox 826 2678 1021 2741; x_wconf 86' lang='lat' dir='ltr'>accepit</span> <span class='ocrx_word' id='word_1_185' title='bbox 1061 2673 1181 2726; x_wconf 90' lang='grc'><strong>336.</strong></span> 
     </span>
    </p>

    <p class='ocr_par' dir='ltr' id='par_1_19' title="bbox 275 2755 1603 2820">
     <span class='ocr_line' id='line_1_28' title="bbox 275 2755 1603 2820; baseline 0 -14"><span class='ocrx_word' id='word_1_186' title='bbox 275 2755 335 2806; x_wconf 86' lang='lat' dir='ltr'>C.</span> <span class='ocrx_word' id='word_1_187' title='bbox 374 2755 548 2817; x_wconf 88' lang='lat' dir='ltr'>Silius,</span> <span class='ocrx_word' id='word_1_188' title='bbox 593 2755 886 2806; x_wconf 83' lang='lat' dir='ltr'>Germanici</span> <span class='ocrx_word' id='word_1_189' title='bbox 921 2763 972 2805; x_wconf 89' lang='lat' dir='ltr'>et</span> <span class='ocrx_word' id='word_1_190' title='bbox 1006 2756 1202 2806; x_wconf 81' lang='lat' dir='ltr'>Tiberii</span> <span class='ocrx_word' id='word_1_191' title='bbox 1242 2757 1442 2820; x_wconf 83' lang='lat' dir='ltr'>legatus</span> <span class='ocrx_word' id='word_1_192' title='bbox 1488 2755 1603 2808; x_wconf 88' lang='grc'><strong>129.</strong></span> 
     </span>
    </p>

    <p class='ocr_par' dir='ltr' id='par_1_20' title="bbox 281 2834 2030 2902">
     <span class='ocr_line' id='line_1_29' title="bbox 281 2834 2030 2902; baseline 0.001 -16"><span class='ocrx_word' id='word_1_193' title='bbox 281 2837 407 2886; x_wconf 90' lang='lat' dir='ltr'>socii</span> <span class='ocrx_word' id='word_1_194' title='bbox 445 2851 540 2900; x_wconf 89' lang='lat' dir='ltr'>per</span> <span class='ocrx_word' id='word_1_195' title='bbox 573 2836 784 2887; x_wconf 86' lang='lat' dir='ltr'>Italiam</span> <span class='ocrx_word' id='word_1_196' title='bbox 817 2843 935 2886; x_wconf 85' lang='lat' dir='ltr'>ante</span> <span class='ocrx_word' id='word_1_197' title='bbox 971 2837 1139 2900; x_wconf 80' lang='lat' dir='ltr'>legem</span> <span class='ocrx_word' id='word_1_198' title='bbox 1177 2838 1363 2888; x_wconf 88' lang='lat' dir='ltr'>Iuliam</span> <span class='ocrx_word' id='word_1_199' title='bbox 1401 2853 1503 2902; x_wconf 86' lang='lat' dir='ltr'>quo</span> <span class='ocrx_word' id='word_1_200' title='bbox 1540 2840 1653 2888; x_wconf 87' lang='lat' dir='ltr'>iure</span> <span class='ocrx_word' id='word_1_201' title='bbox 1684 2837 1873 2888; x_wconf 80' lang='lat' dir='ltr'>fuerint</span> <span class='ocrx_word' id='word_1_202' title='bbox 1912 2834 2030 2887; x_wconf 80' lang='grc'><strong>368.</strong></span> 
     </span>
    </p>

    <p class='ocr_par' dir='ltr' id='par_1_21' title="bbox 277 2917 1789 2983">
     <span class='ocr_line' id='line_1_30' title="bbox 277 2917 1789 2983; baseline 0.001 -15"><span class='ocrx_word' id='word_1_203' title='bbox 277 2918 479 2968; x_wconf 84' lang='lat' dir='ltr'>sortitio</span> <span class='ocrx_word' id='word_1_204' title='bbox 513 2918 892 2983; x_wconf 83' lang='lat' dir='ltr'>provinciarum</span> <span class='ocrx_word' id='word_1_205' title='bbox 929 2919 1192 2983; x_wconf 86' lang='lat' dir='ltr'>quomodo</span> <span class='ocrx_word' id='word_1_206' title='bbox 1226 2919 1337 2968; x_wconf 88' lang='lat' dir='ltr'>fieri</span> <span class='ocrx_word' id='word_1_207' title='bbox 1379 2920 1636 2969; x_wconf 83' lang='lat' dir='ltr'>consuerit</span> <span class='ocrx_word' id='word_1_208' title='bbox 1677 2917 1789 2969; x_wconf 84' lang='grc'><strong>180.</strong></span> 
     </span>
    </p>

    <p class='ocr_par' dir='ltr' id='par_1_22' title="bbox 277 2989 1513 3062">
     <span class='ocr_line' id='line_1_31' title="bbox 277 2989 1513 3062; baseline 0.002 -14"><span class='ocrx_word' id='word_1_209' title='bbox 277 2997 466 3048; x_wconf 87' lang='lat' dir='ltr'>Strabo</span> <span class='ocrx_word' id='word_1_210' title='bbox 501 2999 788 3047; x_wconf 80' lang='lat' dir='ltr'>vindicatur</span> <span class='ocrx_word' id='word_1_211' title='bbox 825 3006 877 3047; x_wconf 91' lang='lat' dir='ltr'>et</span> <span class='ocrx_word' id='word_1_212' title='bbox 914 3000 1196 3062; x_wconf 86' lang='lat' dir='ltr'>explicatur</span> <span class='ocrx_word' id='word_1_213' title='bbox 1233 2997 1314 3052; x_wconf 83' lang='lat'>97.</span> <span class='ocrx_word' id='word_1_214' title='bbox 1359 2999 1468 3051; x_wconf 89' lang='grc'><strong>100.</strong></span> <span class='ocrx_word' id='word_1_215' title='bbox 1507 2989 1513 2995; x_wconf 59' lang='grc'><strong><em>’</em></strong></span> 
     </span>
    </p>

    <p class='ocr_par' dir='ltr' id='par_1_23' title="bbox 277 3071 2603 3146">
     <span class='ocr_line' id='line_1_32' title="bbox 277 3071 2603 3146; baseline -0.002 -17"><span class='ocrx_word' id='word_1_216' title='bbox 277 3077 551 3130; x_wconf 87' lang='lat' dir='ltr'>Suetonius</span> <span class='ocrx_word' id='word_1_217' title='bbox 589 3077 740 3129; x_wconf 84' lang='lat' dir='ltr'>Caes.</span> <span class='ocrx_word' id='word_1_218' title='bbox 779 3091 821 3127; x_wconf 88' lang='lat' dir='ltr'>c.</span> <span class='ocrx_word' id='word_1_219' title='bbox 863 3077 926 3127; x_wconf 89' lang='grc'><strong>19</strong></span> <span class='ocrx_word' id='word_1_220' title='bbox 961 3081 1260 3130; x_wconf 85' lang='lat' dir='ltr'>emendatur</span> <span class='ocrx_word' id='word_1_221' title='bbox 1275 3075 1372 3131; x_wconf 78' lang='lat'><strong>‘66.</strong></span> <span class='ocrx_word' id='word_1_222' title='bbox 1425 3082 1711 3146; x_wconf 72' lang='lat' dir='ltr'>explicatur</span> <span class='ocrx_word' id='word_1_223' title='bbox 1750 3079 1857 3132; x_wconf 87' lang='grc'><strong>103.</strong></span> <span class='ocrx_word' id='word_1_224' title='bbox 1895 3078 2005 3130; x_wconf 80' lang='grc'><strong>162.</strong></span> <span class='ocrx_word' id='word_1_225' title='bbox 2046 3077 2158 3130; x_wconf 89' lang='grc'><strong>170.</strong></span> <span class='ocrx_word' id='word_1_226' title='bbox 2190 3075 2311 3128; x_wconf 90' lang='grc'><strong>216.</strong></span> <span class='ocrx_word' id='word_1_227' title='bbox 2338 3071 2457 3126; x_wconf 77' lang='grc'><strong>241.</strong></span> <span class='ocrx_word' id='word_1_228' title='bbox 2484 3073 2603 3126; x_wconf 84' lang='grc'><strong>245.</strong></span> 
     </span>
    </p>

    <p class='ocr_par' dir='ltr' id='par_1_24' title="bbox 276 3157 2607 3387">
     <span class='ocr_line' id='line_1_33' title="bbox 276 3157 2606 3225; baseline -0 -18"><span class='ocrx_word' id='word_1_229' title='bbox 276 3159 340 3211; x_wconf 88' lang='lat' dir='ltr'>L.</span> <span class='ocrx_word' id='word_1_230' title='bbox 375 3158 526 3210; x_wconf 85' lang='lat' dir='ltr'>Sulla</span> <span class='ocrx_word' id='word_1_231' title='bbox 561 3159 756 3209; x_wconf 86' lang='lat' dir='ltr'>nullam</span> <span class='ocrx_word' id='word_1_232' title='bbox 793 3173 978 3208; x_wconf 79' lang='lat' dir='ltr'>novam</span> <span class='ocrx_word' id='word_1_233' title='bbox 1015 3161 1330 3224; x_wconf 80' lang='lat' dir='ltr'>provinciam</span> <span class='ocrx_word' id='word_1_234' title='bbox 1369 3162 1591 3211; x_wconf 77' lang='lat' dir='ltr'>institnit</span> <span class='ocrx_word' id='word_1_235' title='bbox 1642 3161 1725 3212; x_wconf 84' lang='grc'>45.</span> <span class='ocrx_word' id='word_1_236' title='bbox 1799 3168 2109 3225; x_wconf 84' lang='lat' dir='ltr'>potestatem</span> <span class='ocrx_word' id='word_1_237' title='bbox 2158 3161 2443 3208; x_wconf 84' lang='lat' dir='ltr'>dictaturae</span> <span class='ocrx_word' id='word_1_238' title='bbox 2490 3157 2606 3220; x_wconf 87' lang='lat' dir='ltr'>lege</span> 
     </span>
     <span class='ocr_line' id='line_1_34' title="bbox 417 3237 2607 3306; baseline 0 -18"><span class='ocrx_word' id='word_1_239' title='bbox 417 3239 631 3290; x_wconf 79' lang='lat' dir='ltr'>Valeria</span> <span class='ocrx_word' id='word_1_240' title='bbox 675 3240 858 3305; x_wconf 87' lang='lat' dir='ltr'>accipit</span> <span class='ocrx_word' id='word_1_241' title='bbox 904 3237 1021 3292; x_wconf 87' lang='grc'><strong>301.</strong></span> <span class='ocrx_word' id='word_1_242' title='bbox 1092 3242 1212 3306; x_wconf 88' lang='lat' dir='ltr'>quid</span> <span class='ocrx_word' id='word_1_243' title='bbox 1255 3243 1312 3290; x_wconf 89' lang='lat' dir='ltr'>in</span> <span class='ocrx_word' id='word_1_244' title='bbox 1363 3242 1650 3293; x_wconf 84' lang='lat' dir='ltr'>civitatibus</span> <span class='ocrx_word' id='word_1_245' title='bbox 1694 3243 1955 3294; x_wconf 82' lang='lat' dir='ltr'>seditiosis</span> <span class='ocrx_word' id='word_1_246' title='bbox 1992 3241 2263 3306; x_wconf 84' lang='lat' dir='ltr'>puniendis</span> <span class='ocrx_word' id='word_1_247' title='bbox 2300 3246 2504 3290; x_wconf 86' lang='lat' dir='ltr'>secutus</span> <span class='ocrx_word' id='word_1_248' title='bbox 2540 3238 2607 3288; x_wconf 72' lang='lat' dir='ltr'>sit</span> 
     </span>
     <span class='ocr_line' id='line_1_35' title="bbox 414 3317 1637 3387; baseline 0.003 -17"><span class='ocrx_word' id='word_1_249' title='bbox 414 3317 532 3371; x_wconf 90' lang='grc'><strong>371.</strong></span> <span class='ocrx_word' id='word_1_250' title='bbox 595 3321 706 3371; x_wconf 89' lang='lat' dir='ltr'>eius</span> <span class='ocrx_word' id='word_1_251' title='bbox 743 3328 857 3370; x_wconf 86' lang='lat' dir='ltr'>acta</span> <span class='ocrx_word' id='word_1_252' title='bbox 892 3336 1071 3372; x_wconf 78' lang='lat' dir='ltr'>eversa</span> <span class='ocrx_word' id='word_1_253' title='bbox 1107 3335 1139 3370; x_wconf 88' lang='lat' dir='ltr'>a</span> <span class='ocrx_word' id='word_1_254' title='bbox 1173 3322 1246 3372; x_wconf 79' lang='lat' dir='ltr'>M.</span> <span class='ocrx_word' id='word_1_255' title='bbox 1279 3321 1479 3387; x_wconf 88' lang='lat' dir='ltr'>Lepido</span> <span class='ocrx_word' id='word_1_256' title='bbox 1519 3320 1637 3375; x_wconf 89' lang='grc'><strong>372.</strong></span> 
     </span>
    </p>

    <p class='ocr_par' dir='ltr' id='par_1_25' title="bbox 277 3399 1038 3467">
     <span class='ocr_line' id='line_1_36' title="bbox 277 3399 1038 3467; baseline 0.003 -17"><span class='ocrx_word' id='word_1_257' title='bbox 277 3401 338 3452; x_wconf 91' lang='lat' dir='ltr'>P.</span> <span class='ocrx_word' id='word_1_258' title='bbox 375 3399 634 3465; x_wconf 85' lang='lat' dir='ltr'>Sulpicius</span> <span class='ocrx_word' id='word_1_259' title='bbox 673 3411 880 3467; x_wconf 89' lang='lat' dir='ltr'>praetor</span> <span class='ocrx_word' id='word_1_260' title='bbox 917 3399 1038 3455; x_wconf 84' lang='grc'><strong>241.</strong></span> 
     </span>
    </p>

    <p class='ocr_par' dir='ltr' id='par_1_26' title="bbox 278 3479 2467 3548">
     <span class='ocr_line' id='line_1_37' title="bbox 278 3479 2467 3548; baseline -0.001 -16"><span class='ocrx_word' id='word_1_261' title='bbox 278 3481 480 3548; x_wconf 83' lang='lat' dir='ltr'>Syriam</span> <span class='ocrx_word' id='word_1_262' title='bbox 519 3483 591 3533; x_wconf 80' lang='lat' dir='ltr'>M.</span> <span class='ocrx_word' id='word_1_263' title='bbox 628 3483 808 3534; x_wconf 84' lang='lat' dir='ltr'>Pisoni</span> <span class='ocrx_word' id='word_1_264' title='bbox 845 3483 1026 3533; x_wconf 84' lang='lat' dir='ltr'>adimit</span> <span class='ocrx_word' id='word_1_265' title='bbox 1059 3481 1240 3533; x_wconf 85' lang='lat' dir='ltr'>Cicero</span> <span class='ocrx_word' id='word_1_266' title='bbox 1281 3479 1364 3534; x_wconf 89' lang='grc'>63.</span> <span class='ocrx_word' id='word_1_267' title='bbox 1437 3482 1533 3533; x_wconf 86' lang='lat' dir='ltr'>On.</span> <span class='ocrx_word' id='word_1_268' title='bbox 1570 3483 1807 3548; x_wconf 89' lang='lat' dir='ltr'>Pompeii</span> <span class='ocrx_word' id='word_1_269' title='bbox 1843 3483 1899 3532; x_wconf 88' lang='lat' dir='ltr'>in</span> <span class='ocrx_word' id='word_1_270' title='bbox 1938 3497 2001 3532; x_wconf 86' lang='lat' dir='ltr'>ea</span> <span class='ocrx_word' id='word_1_271' title='bbox 2037 3481 2307 3546; x_wconf 88' lang='lat' dir='ltr'>imperium</span> <span class='ocrx_word' id='word_1_272' title='bbox 2346 3480 2467 3530; x_wconf 88' lang='lat' dir='ltr'>ibid.</span> 
     </span>
    </p>
   </div>
   <div class='ocr_carea' id='block_1_6' title="bbox 278 3625 2609 4422">
    <p class='ocr_par' dir='ltr' id='par_1_27' title="bbox 278 3625 2429 3694">
     <span class='ocr_line' id='line_1_38' title="bbox 278 3625 2429 3694; baseline -0.003 -12"><span class='ocrx_word' id='word_1_273' title='bbox 278 3631 488 3682; x_wconf 79' lang='lat' dir='ltr'>Tacitus</span> <span class='ocrx_word' id='word_1_274' title='bbox 529 3632 828 3681; x_wconf 89' lang='lat' dir='ltr'>emendatur</span> <span class='ocrx_word' id='word_1_275' title='bbox 869 3628 981 3682; x_wconf 89' lang='grc'><strong>129.</strong></span> <span class='ocrx_word' id='word_1_276' title='bbox 1053 3630 1339 3694; x_wconf 67' lang='lat' dir='ltr'>explicatur</span> <span class='ocrx_word' id='word_1_277' title='bbox 1376 3629 1487 3682; x_wconf 89' lang='grc'><strong>130.</strong></span> <span class='ocrx_word' id='word_1_278' title='bbox 1525 3629 1636 3680; x_wconf 88' lang='grc'><strong>136.</strong></span> <span class='ocrx_word' id='word_1_279' title='bbox 1677 3627 1795 3680; x_wconf 82' lang='grc'><strong>249.</strong></span> <span class='ocrx_word' id='word_1_280' title='bbox 1837 3627 1956 3681; x_wconf 87' lang='grc'><strong>326.</strong></span> <span class='ocrx_word' id='word_1_281' title='bbox 1996 3626 2114 3678; x_wconf 89' lang='grc'><strong>331.</strong></span> <span class='ocrx_word' id='word_1_282' title='bbox 2154 3626 2271 3679; x_wconf 89' lang='grc'><strong>339.</strong></span> <span class='ocrx_word' id='word_1_283' title='bbox 2308 3625 2429 3676; x_wconf 82' lang='grc'><strong>342.</strong></span> 
     </span>
    </p>

    <p class='ocr_par' dir='ltr' id='par_1_28' title="bbox 279 3707 2097 3776">
     <span class='ocr_line' id='line_1_39' title="bbox 279 3707 2097 3776; baseline -0.003 -13"><span class='ocrx_word' id='word_1_284' title='bbox 279 3712 590 3776; x_wconf 84' lang='lat' dir='ltr'>Tergestina</span> <span class='ocrx_word' id='word_1_285' title='bbox 627 3712 829 3762; x_wconf 85' lang='lat' dir='ltr'>colonia</span> <span class='ocrx_word' id='word_1_286' title='bbox 867 3714 1072 3762; x_wconf 80' lang='lat' dir='ltr'>diversa</span> <span class='ocrx_word' id='word_1_287' title='bbox 1105 3711 1368 3761; x_wconf 86' lang='lat' dir='ltr'>hominum</span> <span class='ocrx_word' id='word_1_288' title='bbox 1409 3725 1603 3774; x_wconf 86' lang='lat' dir='ltr'>genera</span> <span class='ocrx_word' id='word_1_289' title='bbox 1641 3711 1937 3760; x_wconf 88' lang='lat' dir='ltr'>continebat</span> <span class='ocrx_word' id='word_1_290' title='bbox 1974 3707 2097 3760; x_wconf 88' lang='grc'><strong>286.</strong></span> 
     </span>
    </p>

    <p class='ocr_par' dir='ltr' id='par_1_29' title="bbox 280 3788 2608 4246">
     <span class='ocr_line' id='line_1_40' title="bbox 280 3788 2608 3856; baseline -0.002 -14"><span class='ocrx_word' id='word_1_291' title='bbox 280 3793 520 3842; x_wconf 83' lang='lat' dir='ltr'>Tiberius</span> <span class='ocrx_word' id='word_1_292' title='bbox 569 3793 846 3856; x_wconf 87' lang='lat' dir='ltr'>imperator</span> <span class='ocrx_word' id='word_1_293' title='bbox 880 3790 1078 3842; x_wconf 81' lang='lat' dir='ltr'>Gallias</span> <span class='ocrx_word' id='word_1_294' title='bbox 1129 3793 1264 3854; x_wconf 87' lang='lat' dir='ltr'>regit</span> <span class='ocrx_word' id='word_1_295' title='bbox 1319 3791 1433 3842; x_wconf 90' lang='grc'><strong>103.</strong></span> <span class='ocrx_word' id='word_1_296' title='bbox 1476 3791 1589 3844; x_wconf 88' lang='grc'><strong>118.</strong></span> <span class='ocrx_word' id='word_1_297' title='bbox 1632 3791 1747 3842; x_wconf 89' lang='grc'><strong>122.</strong></span> <span class='ocrx_word' id='word_1_298' title='bbox 1789 3789 1903 3842; x_wconf 86' lang='grc'><strong>124.</strong></span> <span class='ocrx_word' id='word_1_299' title='bbox 1982 3788 2187 3855; x_wconf 82' lang='lat' dir='ltr'>quando</span> <span class='ocrx_word' id='word_1_300' title='bbox 2234 3805 2302 3840; x_wconf 87' lang='lat' dir='ltr'>ex</span> <span class='ocrx_word' id='word_1_301' title='bbox 2334 3789 2608 3838; x_wconf 85' lang='lat' dir='ltr'>Pannonia</span> 
     </span>
     <span class='ocr_line' id='line_1_41' title="bbox 419 3870 2605 3937; baseline -0.001 -14"><span class='ocrx_word' id='word_1_302' title='bbox 419 3871 744 3937; x_wconf 87' lang='lat' dir='ltr'>triumpharit</span> <span class='ocrx_word' id='word_1_303' title='bbox 795 3872 910 3924; x_wconf 84' lang='lat'><strong>115.</strong></span> <span class='ocrx_word' id='word_1_304' title='bbox 991 3888 1284 3922; x_wconf 88' lang='lat' dir='ltr'>communes</span> <span class='ocrx_word' id='word_1_305' title='bbox 1338 3887 1454 3923; x_wconf 88' lang='lat' dir='ltr'>cum</span> <span class='ocrx_word' id='word_1_306' title='bbox 1498 3873 1739 3936; x_wconf 86' lang='lat' dir='ltr'>Augusto</span> <span class='ocrx_word' id='word_1_307' title='bbox 1787 3872 1945 3922; x_wconf 89' lang='lat' dir='ltr'>habet</span> <span class='ocrx_word' id='word_1_308' title='bbox 1994 3873 2369 3936; x_wconf 79' lang='lat' dir='ltr'>provinciarum</span> <span class='ocrx_word' id='word_1_309' title='bbox 2408 3870 2605 3934; x_wconf 87' lang='lat' dir='ltr'>legatos</span> 
     </span>
     <span class='ocr_line' id='line_1_42' title="bbox 422 3951 2605 4019; baseline -0.003 -15"><span class='ocrx_word' id='word_1_310' title='bbox 422 3951 536 4004; x_wconf 89' lang='grc'><strong>116.</strong></span> <span class='ocrx_word' id='word_1_311' title='bbox 585 3952 700 4004; x_wconf 91' lang='grc'><strong>125.</strong></span> <span class='ocrx_word' id='word_1_312' title='bbox 777 3955 826 4003; x_wconf 89' lang='lat' dir='ltr'>ei</span> <span class='ocrx_word' id='word_1_313' title='bbox 864 3953 1194 4004; x_wconf 85' lang='lat' dir='ltr'>Germanicus</span> <span class='ocrx_word' id='word_1_314' title='bbox 1246 3954 1312 4003; x_wconf 87' lang='lat' dir='ltr'>ab</span> <span class='ocrx_word' id='word_1_315' title='bbox 1347 3955 1589 4019; x_wconf 85' lang='lat' dir='ltr'>Aug-usto</span> <span class='ocrx_word' id='word_1_316' title='bbox 1642 3955 1916 4019; x_wconf 87' lang='lat' dir='ltr'>opponitur</span> <span class='ocrx_word' id='word_1_317' title='bbox 1973 3952 2087 4004; x_wconf 89' lang='grc'><strong>129.</strong></span> <span class='ocrx_word' id='word_1_318' title='bbox 2158 3951 2443 4018; x_wconf 79' lang='lat' dir='ltr'>provincias</span> <span class='ocrx_word' id='word_1_319' title='bbox 2496 3951 2605 3999; x_wconf 87' lang='lat' dir='ltr'>sinc</span> 
     </span>
     <span class='ocr_line' id='line_1_43' title="bbox 421 4031 2607 4099; baseline -0.002 -15"><span class='ocrx_word' id='word_1_320' title='bbox 421 4035 604 4096; x_wconf 87' lang='lat' dir='ltr'>legatis</span> <span class='ocrx_word' id='word_1_321' title='bbox 647 4041 788 4084; x_wconf 89' lang='lat' dir='ltr'>tenet</span> <span class='ocrx_word' id='word_1_322' title='bbox 833 4033 932 4086; x_wconf 88' lang='grc'>152</span> <span class='ocrx_word' id='word_1_323' title='bbox 1009 4035 1335 4084; x_wconf 81' lang='lat' dir='ltr'>tribuniciam</span> <span class='ocrx_word' id='word_1_324' title='bbox 1381 4043 1687 4099; x_wconf 86' lang='lat' dir='ltr'>potestatem</span> <span class='ocrx_word' id='word_1_325' title='bbox 1726 4035 1907 4099; x_wconf 87' lang='lat' dir='ltr'>accipit</span> <span class='ocrx_word' id='word_1_326' title='bbox 1944 4031 2063 4083; x_wconf 83' lang='grc'><strong>264.</strong></span> <span class='ocrx_word' id='word_1_327' title='bbox 2136 4033 2607 4083; x_wconf 84' lang='lat' dir='ltr'>Tarraconensibus</span> 
     </span>
     <span class='ocr_line' id='line_1_44' title="bbox 419 4113 2605 4180; baseline -0.002 -15"><span class='ocrx_word' id='word_1_328' title='bbox 419 4114 668 4178; x_wconf 83' lang='lat' dir='ltr'>templum</span> <span class='ocrx_word' id='word_1_329' title='bbox 704 4116 934 4178; x_wconf 85' lang='lat' dir='ltr'>Augusti</span> <span class='ocrx_word' id='word_1_330' title='bbox 969 4123 1204 4166; x_wconf 83' lang='lat' dir='ltr'>extruere</span> <span class='ocrx_word' id='word_1_331' title='bbox 1239 4117 1493 4180; x_wconf 88' lang='lat' dir='ltr'>permittit</span> <span class='ocrx_word' id='word_1_332' title='bbox 1525 4115 1644 4168; x_wconf 90' lang='grc'><strong>306.</strong></span> <span class='ocrx_word' id='word_1_333' title='bbox 1703 4118 1778 4168; x_wconf 86' lang='lat' dir='ltr'>ius</span> <span class='ocrx_word' id='word_1_334' title='bbox 1810 4116 2063 4166; x_wconf 86' lang='lat' dir='ltr'>honorum</span> <span class='ocrx_word' id='word_1_335' title='bbox 2098 4114 2277 4163; x_wconf 89' lang='lat' dir='ltr'>multis</span> <span class='ocrx_word' id='word_1_336' title='bbox 2310 4113 2605 4176; x_wconf 84' lang='lat' dir='ltr'>singillatim</span> 
     </span>
     <span class='ocr_line' id='line_1_45' title="bbox 423 4193 671 4246; baseline 0.008 -2"><span class='ocrx_word' id='word_1_337' title='bbox 423 4197 514 4246; x_wconf 89' lang='lat' dir='ltr'>dat</span> <span class='ocrx_word' id='word_1_338' title='bbox 551 4193 671 4246; x_wconf 82' lang='lat'><strong>333.</strong></span> 
     </span>
    </p>

    <p class='ocr_par' dir='ltr' id='par_1_30' title="bbox 281 4269 2609 4422">
     <span class='ocr_line' id='line_1_46' title="bbox 281 4269 2609 4342; baseline -0.002 -16"><span class='ocrx_word' id='word_1_339' title='bbox 281 4277 436 4327; x_wconf 87' lang='lat' dir='ltr'>Titus</span> <span class='ocrx_word' id='word_1_340' title='bbox 473 4292 506 4326; x_wconf 90' lang='lat' dir='ltr'>a</span> <span class='ocrx_word' id='word_1_341' title='bbox 533 4285 680 4342; x_wconf 89' lang='lat' dir='ltr'>patre</span> <span class='ocrx_word' id='word_1_342' title='bbox 712 4275 1035 4326; x_wconf 85' lang='lat' dir='ltr'>tribuniciam</span> <span class='ocrx_word' id='word_1_343' title='bbox 1068 4282 1378 4341; x_wconf 84' lang='lat' dir='ltr'>potestatem</span> <span class='ocrx_word' id='word_1_344' title='bbox 1405 4274 1591 4341; x_wconf 84' lang='lat' dir='ltr'>accipit</span> <span class='ocrx_word' id='word_1_345' title='bbox 1620 4274 1735 4327; x_wconf 85' lang='grc'><strong>265.</strong></span> <span class='ocrx_word' id='word_1_346' title='bbox 1790 4291 2001 4327; x_wconf 86' lang='lat' dir='ltr'>consors</span> <span class='ocrx_word' id='word_1_347' title='bbox 2022 4269 2226 4340; x_wconf 83' lang='lat' dir='ltr'>imperii</span> <span class='ocrx_word' id='word_1_348' title='bbox 2252 4271 2371 4325; x_wconf 89' lang='grc'><strong>307.</strong></span> <span class='ocrx_word' id='word_1_349' title='bbox 2427 4287 2609 4322; x_wconf 84' lang='lat' dir='ltr'>censor</span> 
     </span>
     <span class='ocr_line' id='line_1_47' title="bbox 425 4355 872 4422; baseline 0.002 -15"><span class='ocrx_word' id='word_1_350' title='bbox 425 4371 539 4408; x_wconf 84' lang='lat' dir='ltr'>eum</span> <span class='ocrx_word' id='word_1_351' title='bbox 572 4364 718 4422; x_wconf 85' lang='lat' dir='ltr'>patre</span> <span class='ocrx_word' id='word_1_352' title='bbox 755 4355 872 4408; x_wconf 87' lang='grc'><strong>308.</strong></span> 
     </span>
    </p>
   </div>
  </div>
 </body>
</html>
