2917 5017
811 348 893 397 De
932 348 1302 413 propagatione
1343 350 1566 401 civitatis
1604 350 1886 403 Romanae.
2382 348 2505 415 375

196 507 556 575 civitatibus
602 522 838 587 essent,
885 510 941 575 si
986 532 1250 576 censum
1291 511 1683 577 senatorium
1721 513 2069 599 explerent,
2112 514 2355 581 Romae
2386 516 2504 581 ho-

193 636 376 680 nores
420 628 636 702 petere
678 619 892 704 itaque
935 619 1002 682 in
1049 630 1340 684 senatum
1379 620 1574 705 allegi
1618 620 2055 706 permittebat:
2104 623 2504 689 intercedere

191 734 396 787 tamen
435 725 766 810 oportebat
806 727 1240 812 imperatoris,
1299 727 1409 811 qui
1457 729 1751 794 censoria
1792 740 2107 815 potestate
2149 742 2352 809 esset,
2400 732 2504 797 iu-

190 830 448 896 dicium.
546 833 776 919 Longe
818 835 1022 919 igitur
1059 835 1197 899 eius
1241 848 1471 901 natura
1518 836 1600 901 ab
1643 838 1723 902 iis
1762 838 2050 923 legibue,
2110 862 2275 925 quae
2318 852 2391 905 ut
2432 841 2501 905 in

191 939 514 1005 hominum
555 942 843 1007 notitiam
886 943 1316 1027 pervenirent,
1359 966 1478 1029 per
1518 946 2037 1030 frequentissima
2074 948 2313 1033 oppida
2353 970 2501 1034 pro·

189 1050 520 1132 ponendae
559 1062 760 1128 erant,
804 1050 1063 1116 videtur
1101 1052 1356 1117 diversa
1388 1053 1629 1118 fuisse:
1672 1053 1967 1119 beneficii
1999 1056 2277 1120 testandi
2307 1078 2503 1123 causa

182 1156 440 1241 publice
493 1170 592 1223 est
647 1159 976 1245 proposita
1033 1160 1430 1245 eandemque
1487 1161 1571 1226 ob
1616 1184 1878 1227 causam
1920 1160 2339 1230 Sconsultum
2383 1166 2500 1231 ad-

179 1264 436 1329 iectum.
533 1265 942 1352 Quamquam
1003 1290 1260 1343 vereor,
1325 1292 1406 1333 ne
1447 1266 1879 1355 Spanhemius
1934 1272 2125 1336 nimis
2176 1272 2363 1337 facile
2416 1272 2499 1339 de

183 1374 650 1439 consuetudine
687 1375 908 1457 legum
943 1377 1008 1439 in
1041 1377 1505 1462 metropolibus
1536 1379 2093 1464 proponendarum
2120 1379 2497 1445 crediderit:

179 1505 338 1566 quae
389 1483 446 1547 si
487 1482 722 1547 fuis-set
761 1485 1142 1562 communis,
1195 1507 1383 1571 saepe
1425 1488 1601 1572 apud
1642 1486 1839 1563 Ictos‚
1892 1510 2081 1573 saepe
2129 1488 2195 1551 in
2239 1487 2498 1572 legibus

178 1602 843 1659 commemorarentur.
915 1592 1109 1657 Nunc
1144 1591 1244 1657 bis
1287 1593 1479 1658 video
1514 1596 1899 1681 metropoles
1936 1595 2003 1659 in
2034 1594 2291 1680 legibus
2322 1618 2498 1661 com-

177 1700 531 1776 memorari,
580 1700 776 1765 semel
803 1700 1054 1766 Graece
1097 1700 1166 1763 in
1190 1700 1348 1787 Dig.
1375 1701 1679 1779 XXVII,
1716 1705 1741 1767 1
1792 1702 1905 1783 (de
1950 1705 2287 1785 excusat.),
2334 1702 2393 1779 2,
2441 1705 2496 1780 1,

177 1808 412 1872 deinde
461 1808 542 1872 de
589 1809 813 1874 eadem
853 1832 925 1874 re
968 1810 1036 1873 in
1079 1808 1327 1873 Theod.
1371 1807 1536 1875 Cod.
1572 1810 1773 1887 XIII,
1818 1811 1856 1876 3
1903 1812 2015 1897 (de
2052 1811 2351 1895 medicis)
2399 1814 2495 1888 11,

173 1926 452 2001 utroque
489 1917 634 1982 loco
673 1917 792 1993 ita,
839 1928 914 1981 ut
957 1918 1340 2003 metropoles
1381 1917 1825 2003 intelligantur
1862 1919 2059 1985 urbes
2104 1919 2493 2003 frequentis-

175 2025 398 2090 simae.

333 2132 660 2200 Nimirum
701 2134 976 2199 Romani
1027 2143 1365 2220 postquam
1423 2134 1719 2200 libertate
1772 2135 2055 2200 extincta
2108 2136 2494 2220 provincias,

169 2263 328 2325 quas
375 2243 570 2307 armis
617 2253 934 2329 ceperant,
977 2264 1134 2329 pace
1174 2264 1467 2309 coercere
1507 2252 1887 2320 statuerunt,
1931 2243 2071 2308 iure
2114 2266 2191 2309 ac
2232 2243 2491 2329 legibus

171 2350 383 2417 minus
431 2374 538 2417 eas
585 2352 896 2416 contineri
933 2350 1384 2417 existimabant
1423 2374 1503 2416 ac
1536 2373 1617 2417 ne
1654 2352 1723 2416 in
1764 2352 2023 2417 civitate
2064 2353 2329 2438 quidem
2358 2352 2491 2417 Ro-

173 2482 388 2535 mana,
449 2482 646 2543 quam
696 2458 1046 2524 liberaliter
1095 2459 1386 2525 dividere
1431 2474 1814 2546 coeperunt,
1876 2471 2115 2527 tantam
2170 2460 2301 2525 vim
2345 2482 2491 2526 esse

169 2566 502 2651 putabant,
545 2579 620 2632 ut
641 2569 838 2633 fidem
868 2591 1088 2633 earum
1121 2580 1290 2633 certo
1319 2569 1817 2655 constringeret:
1864 2569 2280 2635 assumebant
2314 2590 2495 2635 sacra

167 2697 240 2739 ac
303 2676 689 2761 religionem
708 2724 726 2752 ,
791 2690 866 2740 ut
919 2677 1174 2763 imperii
1232 2677 1657 2742 reverentiam
1720 2700 1869 2743 oum
1929 2679 2199 2743 deorum
2256 2678 2491 2763 pietate

171 2783 642 2868 coniungerent
692 2785 1186 2869 firmissimoque
1231 2786 1492 2850 vinculo
1534 2785 1779 2849 animos
1826 2785 2159 2849 hominum
2200 2784 2491 2851 devinci-

167 2902 330 2955 rent.
417 2892 570 2973 Qua
609 2892 677 2956 in
715 2916 786 2957 re
829 2892 1304 2958 adjuvabantur
1348 2915 1497 2958 cum
1542 2904 1755 2957 vetere
1799 2915 1919 2957 suo
1961 2914 2137 2957 more
2154 2938 2170 2967 ,
2220 2892 2332 2976 qui
2377 2916 2492 2957 an-

167 3000 442 3085 tiquitus
509 3000 684 3066 viros
745 3000 910 3065 bene
975 3001 1056 3065 de
1117 3000 1449 3087 republica
1508 3000 1771 3065 meritos
1840 3000 2078 3065 divinis
2135 2999 2533 3065 honoribus·

169 3119 598 3185 consecrarat,
643 3131 776 3193 quo
819 3121 976 3175 tunc
1011 3110 1116 3175 usi
1154 3110 1569 3196 imperatores
1608 3108 1813 3173 bonos
1852 3108 1921 3171 in
1958 3107 2226 3172 deorum
2262 3131 2491 3173 nume-

163 3240 309 3283 rum
351 3217 712 3282 retulerunt
767 3240 844 3283 ac
893 3230 1216 3302 tamquam
1254 3218 1507 3303 imperii
1552 3216 1657 3281 sui
1694 3215 1947 3301 effigies
1994 3215 2491 3293 venerabantur,

165 3338 304 3389 tum
361 3326 801 3391 Asiaticorum
862 3328 1244 3413 populorum
1307 3325 1709 3400 adulatione,
1773 3324 1885 3408 qui
1944 3324 2243 3409 quoniam
2302 3346 2491 3409 reges

169 3456 322 3500 suos
369 3434 520 3499 olim
564 3434 804 3500 divinis
839 3434 1190 3499 honoribus
1235 3434 1491 3499 afficere
1528 3429 1934 3508 consuerant,
1973 3442 2315 3518 postquam
2358 3431 2491 3497 Ro-

163 3543 374 3608 manis
410 3562 636 3629 parere
679 3554 1048 3626 coeperunt,
1093 3564 1282 3628 saepe
1325 3540 1821 3628 proconsulibus
1863 3541 2099 3625 templa
2136 3551 2494 3627 posuerunt

167 3652 510 3736 statimque
554 3646 906 3715 Caesarum
945 3652 1192 3716 cultum
1253 3649 1530 3737 amplexi
1582 3658 1753 3715 sunt.
1858 3649 2036 3714 Hinc
2096 3648 2268 3713 enim
2325 3649 2492 3715 hanc

163 3782 302 3824 rem
343 3781 640 3823 manasse
675 3759 1110 3844 paulatimque
1155 3781 1271 3842 per
1313 3768 1519 3823 totum
1559 3756 1781 3823 orbem
1824 3768 2137 3835 terrarum
2175 3780 2490 3843 propaga-

165 3880 299 3933 tam
359 3888 502 3931 esse
561 3888 690 3931 non
747 3866 940 3931 modo
981 3867 1244 3932 historia
1285 3866 1504 3942 docet,
1566 3887 1791 3931 verum
1836 3865 2027 3929 etiam
2069 3865 2201 3929 Dio
2242 3864 2359 3942 LI,
2408 3865 2491 3931 20

165 3983 472 4053 testatur,
529 3976 641 4062 qui
677 3975 793 4040 ubi
841 3975 922 4039 de
963 3975 1218 4060 templis
1253 3974 1406 4039 divo
1439 3973 1609 4039 Iulio
1642 3973 2077 4059 Augustoque
2118 3995 2237 4060 per
2258 3972 2491 4039 Asiam

167 4085 532 4151 constitutis
591 4084 792 4161 dixit,
853 4084 957 4147 καὶ
1011 4084 1172 4147 τοῦτ’
1231 4084 1501 4160 ἐκεῖθεν,
1562 4082 1799 4167 inquit,
1864 4082 2199 4168 ἀρξάμενον
2244 4083 2347 4145 καὶ
2388 4082 2485 4145 ἐπ’

167 4194 372 4259 ἄλλων
419 4190 884 4277 αὐτοκρατόρων
929 4192 1003 4255 οὐ
1055 4192 1237 4276 μόνον
1289 4191 1350 4254 ἐν
1397 4194 1524 4260 τοῖς
1558 4188 1944 4276 Ἑλληνικοῖς
1996 4190 2267 4269 ἔθνεσιν,
2329 4191 2491 4255 ἀλλὰ

166 4304 270 4367 καὶ
325 4304 386 4367 ἐν
445 4307 570 4371 τοῖς
633 4291 872 4377 ἄλλοίς,
937 4299 1056 4363 ὅσα
1107 4304 1224 4363 τῶν
1263 4297 1599 4384 Ῥωμαίων
1656 4298 1901 4377 ἀκούει,
1968 4298 2229 4381 ἐγένετο.
2324 4295 2490 4365 Asia

166 4410 368 4496 igitur
428 4410 630 4496 patria
682 4407 868 4494 quasi
925 4407 1050 4471 fuit
1103 4408 1432 4493 religionis
1484 4408 1659 4473 illius
1679 4456 1696 4486 ,
1759 4431 1887 4493 qua
1934 4407 2240 4495 paulatim
2281 4414 2487 4473 totum
