2917 5017
488 330 571 396 4ss
1146 331 1231 379 De
1264 328 1438 381 Gallia
1474 332 1827 381 Romanorum
1874 333 2150 396 provincia.

488 495 978 582 Transalpinam
1030 519 1199 561 anno
1259 496 1341 562 82
1396 496 1835 562 Marianarum
1889 498 2164 582 partium
2224 495 2416 559 alicui
2485 494 2640 559 duci
2693 517 2812 579 pa-

488 604 699 669 ruisse
754 604 1175 691 intelligimus
1229 626 1310 668 ex
1368 601 1640 669 Sertorii
1693 604 1924 683 rebus,
1978 628 2173 690 quem
2229 625 2378 669 cum
2431 603 2606 668 Plut.
2671 625 2730 666 c.
2775 603 2812 668 7

487 713 943 798 praetermisso
992 713 1219 776 itinere
1252 710 1510 777 Gallico
1551 724 1765 778 narret
1805 736 1885 778 ex
1922 713 2111 778 Italia
2146 712 2212 777 in
2255 711 2644 796 Hispaniam
2685 712 2816 775 iter

487 820 827 885 facientem
890 820 956 884 in
1014 819 1367 905 Pyrenaeis
1436 829 1688 883 tantum
1742 818 2067 885 montibus
2117 820 2364 904 aliquas
2429 841 2468 883 a
2519 817 2816 883 barbaris

487 927 789 1015 gentibus
834 928 1245 992 difficultates
1272 950 1636 1013 superasse,
1672 927 1868 991 nullis
1894 927 2090 992 armis
2115 928 2180 991 in
2210 926 2426 992 Gallia
2448 927 2816 991 occurrisse

488 1037 951 1102 existimamus.
1012 1035 1241 1120 Neque
1286 1035 1520 1099 mirum
1569 1045 1668 1099 est
1707 1032 2102 1119 Cisalpinam
2141 1032 2422 1100 Galliam
2462 1057 2592 1099 non
2633 1057 2816 1099 com-

488 1145 825 1211 memorari
876 1167 995 1230 per
1050 1143 1433 1207 dictaturam
1493 1141 1743 1207 Sullae:
1816 1142 1962 1227 qui,
2033 1142 2089 1207 si
2141 1164 2368 1206 verum
2432 1154 2580 1219 est,
2631 1142 2818 1226 quod

486 1254 785 1318 videmur
836 1252 1174 1328 docuisse,
1234 1251 1480 1315 nullam
1544 1273 1684 1315 eam
1744 1249 1948 1314 fuisse
2005 1250 2325 1335 propriam
2390 1251 2818 1336 provinciam,

484 1362 788 1446 quoniam
836 1382 1149 1425 summam
1188 1359 1478 1423 omnium
1514 1380 1730 1421 rerum
1771 1357 1840 1419 in
1863 1357 2050 1421 Italia
2094 1367 2470 1442 potestatem
2510 1358 2818 1434 habebat,

485 1470 673 1534 facile
713 1469 783 1532 in
824 1490 899 1533 ea
940 1468 1253 1552 quicquid
1296 1464 1608 1552 placebat,
1651 1464 2098 1529 administrare
2139 1475 2408 1551 poterat.
2483 1466 2820 1532 Videntur

486 1578 677 1640 etiam
742 1576 1048 1640 nonnulla
1108 1577 1177 1640 in
1231 1596 1301 1640 re
1358 1573 1613 1659 agraria
1663 1596 1779 1659 per
1824 1570 2218 1658 Cisalpinam
2274 1596 2416 1637 esse
2471 1574 2818 1651 innovata3

488 1707 636 1748 nam
662 1684 817 1768 quia
838 1684 959 1749 hoc
981 1684 1294 1769 imprimis
1320 1682 1656 1767 agebatur,
1700 1691 1774 1743 ut
1814 1679 1974 1745 urbs
2001 1681 2144 1767 ipsa
2183 1695 2476 1767 quaeque
2507 1682 2818 1768 regiones

487 1792 659 1857 circa
698 1815 839 1856 eam
884 1804 1095 1869 erant,
1153 1792 1429 1856 militum
1472 1788 1812 1874 praesidiis
1854 1788 2260 1853 munirentur
2277 1836 2294 1865 ,
2347 1790 2579 1855 multas
2623 1792 2698 1854 in
2743 1814 2821 1856 ea

486 1900 771 1965 colonias
813 1896 1053 1964 deduci
1094 1898 1319 1963 inutile
1364 1908 1519 1962 erat.
1584 1896 1754 1961 Vide
1788 1898 2394 1961 commentationum
2437 1898 2820 1985 epigraphi-

484 2028 705 2071 carum
750 2007 895 2071 vol.
936 2007 971 2072 1
1014 2031 1074 2092 p.
1114 2006 1239 2071 250
1278 2028 1373 2090 sq.
1446 2004 1580 2069 Sed
1625 2015 1964 2090 postquam
2003 1992 2296 2069 L.'Su11a
2331 2006 2590 2072 ineunte
2636 2031 2820 2073 anno

483 2115 565 2181 79
610 2114 927 2179 dictatura
970 2136 1111 2179 sese
1159 2111 1516 2189 abdicavit,
1577 2113 1730 2197 quia
1774 2113 2036 2178 libertas
2069 2113 2466 2198 'reipublicae
2508 2116 2818 2181 restituta

480 2233 619 2287 erat
663 2222 1139 2306 seditionesque
1164 2220 1303 2285 eius
1343 2220 1626 2308 potentia
1672 2242 2014 2306 oppressae
2063 2221 2456 2297 revixerunt,
2500 2224 2814 2289 continuo

481 2331 819 2415 utriusque
870 2329 1119 2395 Galliae
1158 2328 1399 2393 mentio
1440 2328 1533 2392 fit.
1620 2328 1880 2393 Etenim
1921 2350 2070 2393 cum
2113 2352 2280 2394 anno
2323 2330 2406 2395 78
2449 2352 2488 2393 a
2527 2331 2815 2397 factione

479 2438 777 2503 Mariana
829 2438 913 2502 ad
969 2438 1375 2503 consulatum
1436 2448 1701 2501 evectus
1758 2447 1928 2501 esset
1983 2436 2077 2500 M.
2125 2436 2446 2501 Aemilius
2503 2437 2810 2523 Lepidus

480 2546 733 2631 collega
750 2545 833 2628 Ω.
857 2545 1121 2610 Lutatio
1149 2543 1404 2622 Catulo,
1438 2568 1632 2631 quem
1666 2545 2004 2631 optimates
2031 2541 2396 2622 tuebantur,
2421 2546 2810 2612 consulibus

479 2654 719 2718 futuris
768 2676 850 2719 ex
891 2676 1061 2720 nova
1102 2654 1249 2739 lege
1294 2651 1594 2719 Cornelia
1630 2652 1999 2739 provinciae
2053 2652 2349 2717 decretae
2392 2663 2544 2718 sunt
2589 2654 2814 2720 Gallia

480 2759 903 2849 Transalpina
950 2773 1015 2827 et
1048 2762 1265 2838 Italia,
1325 2784 1405 2826 ex
1463 2761 1704 2846 quibus
1752 2760 1864 2826 illa
1921 2770 2091 2825 sorte
2145 2760 2362 2825 evenit
2405 2760 2501 2825 Μ.
2542 2762 2812 2848 Lepido

478 2870 681 2955 (App.
719 2869 868 2935 bell.
911 2870 1033 2935 civ.
1072 2871 1127 2945 Ι,
1178 2870 1347 2954 107),
1392 2870 1552 2935 haec
1591 2867 1676 2950 Ω.
1711 2865 1964 2933 Catulo.
2027 2866 2161 2949 Qui
2200 2890 2348 2933 cum
2388 2869 2812 2937 vehementer

476 2976 561 3040 de
610 2977 945 3063 republica
994 2977 1420 3054 dissiderent,
1483 2987 1743 3042 senatus
1797 2998 1908 3041 eos
1961 2975 2378 3040 iureiurando
2435 2977 2806 3055 obstrinxit,

446 3085 616 3148 .fore
656 3095 729 3147 ut
770 3084 978 3164 nullas
1020 3107 1127 3149 res
1169 3106 1371 3150 novas
1412 3085 1808 3160 molirentur,
1858 3106 1990 3168 qua
2024 3082 2154 3148 fide
2194 3085 2350 3169 quia
2390 3085 2690 3170 Lepidus
2740 3108 2812 3151 se

478 3191 725 3255 tamdiu
784 3193 987 3257 teneri
1052 3192 1486 3269 existimabat,
1555 3192 1712 3257 dum
1783 3192 2120 3257 consulatu
2176 3194 2590 3279 fungeretur,
2656 3204 2812 3257 ante

476 3310 775 3364 exactum
818 3300 1233 3386 magistratus
1292 3302 1394 3365 sui
1432 3323 1676 3365 annum
1725 3300 1887 3365 urbe
1941 3299 2132 3376 exiit,
2198 3311 2274 3364 ut
2314 3312 2378 3365 et
2434 3302 2691 3367 comitia
2738 3304 2811 3366 in

474 3429 715 3472 annum
754 3407 1197 3492 insequentem
1236 3408 1535 3473 facienda
1569 3408 1940 3493 prohiberet
1979 3430 2378 3494 vacuamque
2409 3410 2808 3495 magistrati-

475 3511 601 3578 bus
622 3514 892 3579 Romam
926 3515 1433 3601 deprehenderet
1468 3519 1694 3605 (quare
1715 3538 1884 3581 anno
1908 3517 1986 3582 77
2015 3538 2133 3602 per
2151 3516 2508 3602 interreges
2535 3518 2805 3583 demum

476 3623 775 3687 consules
832 3633 1079 3688 creatos
1132 3644 1275 3688 esse
1334 3645 1415 3687 ex
1476 3623 1631 3689 Sall.
1685 3624 1834 3689 hist.
1892 3637 2050 3688 orat.
2095 3624 2264 3689 Phil.
2311 3625 2456 3690 libr.
2499 3625 2534 3690 I
2588 3626 2670 3690 fr.
2719 3628 2799 3693 51

474 3738 634 3792 extr.
680 3729 1021 3811 discimus)
1084 3741 1149 3794 et
1205 3753 1371 3816 quae
1426 3732 1511 3796 ad
1575 3733 1818 3799 bellum
1857 3755 2024 3818 opus
2065 3742 2319 3808 essent,
2377 3746 2802 3817 compararet.

474 3832 835 3921 Optimates
894 3848 1109 3903 autem
1165 3861 1315 3903 cum
1370 3840 1454 3922 Q.
1500 3838 1806 3906 Catulum
1857 3840 2158 3907 resistere
2227 3840 2558 3905 iusserunt
2577 3888 2594 3918 ,
2660 3853 2803 3907 tum

474 3952 657 4007 extra
698 3943 987 4009 ordinem
1030 3942 1151 4009 Cn.
1188 3945 1500 4033 Pompeio
1516 3994 1533 4025 ,
1589 3949 1699 4033 qui
1745 3949 2032 4013 nondum
2071 3948 2205 4013 ullo
2247 3948 2492 4013 honore
2529 3961 2800 4016 ornatus

472 4049 782 4115 maximas
822 4062 1033 4116 tamen
1061 4076 1167 4118 res
1196 4068 1507 4147 gesserat,
1545 4056 1888 4143 imperium
1919 4056 2292 4121 detulerunt
2335 4057 2538 4137 (Plut.
2561 4057 2802 4144 Pomp.

469 4178 531 4222 c.
578 4158 715 4242 16).
797 4159 939 4225 Iam
982 4160 1217 4227 Livius
1262 4162 1413 4247 epit.
1450 4160 1589 4227 XO
1639 4164 1735 4229 sic
1779 4164 1901 4227 ait:
1963 4166 2060 4230 M.
2109 4165 2388 4242 Brutus,
2441 4170 2556 4247 qui
2597 4169 2802 4231 Cisal-

461 4270 686 4347 pinam
735 4271 1011 4333 Galliam
1052 4270 1377 4346 obtinebat,
1421 4295 1461 4333 a
1522 4272 1637 4335 Cn.
1681 4276 1957 4353 Pompeio
1995 4277 2194 4335 victus
2230 4284 2334 4351 est,
2388 4272 2564 4338 unde
2608 4275 2802 4339 facile

470 4373 703 4459 aliquis
752 4373 1003 4441 Galliae
1028 4373 1395 4462 Cisalpinae
1438 4389 1595 4443 tunc
1637 4380 2028 4465 peculiarem
2067 4381 2348 4465 aliquam
2395 4382 2800 4466 provinciam
