2917 5017
628 314 710 364 De
747 313 917 366 Gallia
949 315 1300 370 Romanorum
1341 319 1601 383 provincia
1640 321 1913 386 appendix.
2310 321 2415 388 161

300 473 384 540 At
419 475 617 540 Dioni
657 477 891 540 erroris
935 499 1126 560 quem
1165 479 1463 564 opinatur
1501 479 1581 544 de
1616 480 1887 566 imperio
1922 479 2219 548 Caesaris
2263 485 2426 550 duas

157 583 330 648 fuisse
371 605 592 650 causas
637 573 980 649 arbitratur
1017 585 1428 651 Hofmannus
1472 611 1535 672 p.
1586 588 1675 652 12.
1752 589 1922 666 Una,
1968 591 2196 676 inquit,
2238 594 2304 658 in
2352 616 2427 660 eo

153 695 334 776 posita
369 703 491 768 est,
539 693 712 777 quod
752 693 1142 778 persuadere
1187 693 1310 759 sibi
1348 718 1473 759 non
1518 697 1743 780 potuit,
1780 697 2040 764 Vatinia
2076 701 2221 786 lege
2260 698 2427 768 Cae-

154 801 288 876 sari,
332 787 436 884 qui
477 813 622 864 ante
669 824 902 865 annum
953 802 1032 866 58
1077 800 1475 886 provinciam
1524 826 1652 868 non
1698 805 2050 890 attigisset,
2109 806 2427 873 deceden-

151 909 282 970 dum
333 908 450 972 iam
511 907 715 973 fuisse
771 932 937 974 anno
983 909 1095 986 54,
1159 910 1201 973 1.
1247 933 1302 973 6.
1365 922 1669 995 quattuor
1722 936 1849 977 non
1910 915 2185 999 amplius
2244 919 2425 982 annis

149 1016 392 1082 exactis:
461 1039 590 1100 quo
629 1019 870 1082 factum
913 1028 1030 1094 est,
1075 1027 1148 1082 ut
1188 1041 1392 1083 unum
1435 1043 1675 1084 annum
1716 1043 1907 1104 quem
1944 1022 2195 1086 addidit
2237 1024 2426 1107 quin-

147 1124 392 1207 quennio
445 1125 674 1210 priori,
731 1125 812 1190 de
867 1125 1065 1190 altero
1121 1128 1487 1192 necessario
1542 1128 1923 1194 detraheret..
2006 1129 2267 1196 Scilicet
2308 1155 2427 1198 nos

144 1232 328 1295 Dione
370 1232 560 1316 longe
607 1255 832 1298 sumus
877 1256 1092 1298 rerum
1129 1233 1563 1300 Romanarum
1602 1236 1968 1322 peritiores,
2028 1239 2221 1324 longe
2254 1240 2425 1304 'dili-

145 1341 455 1425 gentiores,
499 1341 693 1424 longe
737 1339 1109 1405 melioribus
1152 1343 1527 1408 auctoribus
1566 1344 1895 1422 instructi,
1944 1346 2425 1432 explicaturque

143 1449 428 1532 praeclare
473 1471 645 1512 unus
685 1449 824 1512 eius
869 1472 1048 1514 error
1087 1451 1427 1514 statuendo
1470 1451 1688 1517 altem.
1769 1449 1993 1517 Altera
2032 1454 2115 1518 de
2151 1454 2425 1518 triennio

143 1557 412 1641 peccandi
472 1580 668 1622 causa
719 1557 846 1622 fuit
884 1559 949 1622 in
994 1559 1178 1624 tertio
1223 1559 1362 1624 eius
1411 1583 1645 1624 errore.
1728 1559 1894 1626 Nam
1935 1561 2079 1630 libr.
2120 1561 2290 1638 XL,
2344 1563 2423 1628 59

148 1665 208 1730 de
241 1687 394 1730 anno
424 1665 503 1730 51
553 1666 646 1730 616
688 1665 937 1731 scribit:
999 1665 1256 1751 ἔπραττε
1305 1669 1352 1732 δ’
1403 1671 1466 1749 (ὁ
1511 1668 1857 1752 Πομπήϊος)
1904 1667 2090 1746 ὅπως,
2140 1669 2280 1732 ὅταν
2322 1673 2421 1732 τὸν

156 1773 436 1856 δεδομένον
500 1775 562 1836 οἱ
612 1774 832 1858 χρόνον
891 1773 1198 1860 (Καῖσαρ)
1259 1777 1471 1860 διάρξῃ
1529 1781 1734 1856 (τοῦτο
1788 1777 1855 1838 δὲ
1904 1775 2015 1838 οὐκ
2059 1776 2120 1844 ἐς
2167 1776 2423 1862 μακρὰν,

153 1881 257 1942 ἀλλ’
307 1881 492 1949 εὐθὺς
549 1882 610 1943 ἐν
666 1887 753 1966 τῷ
817 1883 1049 1968 ὑστέρῳ
1105 1883 1226 1948 ἔτει
1281 1885 1647 1968 γενήσεσθαι
1706 1882 1957 1966 ἔμελλε)
2018 1885 2093 1945 τά
2148 1906 2211 1944 τε
2263 1883 2425 1946 ὅπλα

146 1989 446 2071 κατάθηται
499 1991 600 2052 καὶ
649 1990 1016 2055 ἰδιωτεῦσων
1064 1990 1274 2056 οἴκαδε
1324 1991 1657 2075 ἐπανέλθῃ.
1740 1991 1903 2056 Item
1946 1985 2207 2054 Caelius
2250 1990 2426 2076 apud

143 2091 339 2159 Cicero
395 2097 585 2183 epist.
623 2098 822 2174 VHI,
881 2099 950 2174 8,
1005 2099 1043 2162 9
1097 2122 1264 2164 611110
1312 2100 1386 2164 51
1449 2108 1700 2164 narrat:
1773 2102 1891 2162 Illa
1940 2109 2259 2179 praeterea
2302 2101 2427 2164 Gn.

139 2207 382 2285 Pompeii
417 2215 571 2290 sunt
610 2209 1042 2269 animadversa
1059 2257 1074 2284 ,
1119 2231 1274 2288 quae
1305 2213 1577 2270 maxime
1602 2208 2041 2287 confidentiam
2075 2211 2429 2270 attulerunt

137 2311 472 2385 homiuibus.
533 2322 610 2374 ut
667 2316 894 2376 diceret
943 2337 1004 2376 se
1057 2324 1205 2378 aute
1264 2317 1394 2380 Cal.
1445 2319 1642 2378 Mart.
1701 2313 1881 2399 (anni
1924 2313 2034 2396 50)
2084 2337 2213 2376 uon
2251 2337 2427 2396 posse

134 2423 241 2478 sine
290 2425 533 2482 iniuria
587 2423 659 2482 de
695 2425 1037 2500 provinciis
1082 2425 1360 2486 Caesaris
1401 2432 1671 2485 statuere
1686 2467 1706 2497 ,
1756 2430 1899 2502 post
1937 2424 2063 2485 Gal.
2114 2426 2309 2485 Mart.
2366 2446 2427 2486 se

135 2547 238 2586 non
277 2527 724 2592 dubitaturum.
819 2529 924 2594 Ex
980 2527 1082 2592 1116
1135 2529 1390 2594 duobus
1438 2529 1601 2594 10616
1644 2529 1809 2592 inter
1860 2551 1927 2592 se
1974 2527 2218 2594 collatis
2255 2529 2424 2594 Hof-

138 2654 376 2698 mannus
418 2657 484 2719 p.
538 2636 613 2700 12
655 2635 880 2712 efficit,
925 2648 1000 2701 ut
1041 2636 1270 2703 Dionis
1317 2637 1631 2702 sententia
1674 2637 1905 2712 fuerit,
1965 2633 2263 2702 Caesaris
2302 2636 2425 2700 im-

135 2740 353 2822 perium
411 2765 584 2806 anno
629 2743 709 2806 50
771 2744 982 2808 exisse
1041 2757 1106 2810 et
1147 2745 1409 2829 quidem
1454 2744 1636 2808 initio
1683 2744 1821 2808 eius
1865 2743 2035 2806 anni.
2111 2742 2204 2808 At
2246 2743 2425 2827 quid,

137 2849 381 2928 quaeso?
459 2849 638 2914 Num
704 2850 786 2914 de
839 2851 1062 2916 eadem
1129 2874 1196 2916 re
1256 2853 1473 2916 dicere
1531 2852 1969 2916 existimamus
2024 2851 2307 2916 Dionem
2363 2864 2423 2915 et

139 2951 445 3020 Caelium?
520 2958 636 3022 Ille
678 2958 759 3022 de
802 2959 979 3023 exitu
1021 2959 1274 3046 imperii
1315 2973 1549 3035 narrat,
1591 2960 1697 3024 hic
1734 2959 2018 3024 voluisse
2043 2943 2425 3044 Pompeium

135 3077 252 3145 post
289 3063 428 3130 Cal.
471 3066 667 3130 Mart.
709 3067 790 3130 de
825 3065 1064 3131 ‘Galliis
1111 3078 1424 3143 statuere,
1484 3078 1674 3152 atque
1716 3067 2118 3143 HofmannO,
2175 3067 2229 3130 si
2272 3089 2425 3130 cau-

135 3193 244 3236 sam
303 3196 492 3238 suam
553 3175 824 3259 probare
884 3175 1107 3251 vellet,
1176 3175 1489 3260 imprimis
1555 3175 1677 3239 hoc
1735 3174 2061 3260 agendum
2123 3186 2289 3249 erat,
2354 3184 2427 3237 ut

133 3277 362 3344 doceret
417 3304 550 3346 non
609 3283 900 3367 potuisse
963 3282 1156 3348 statui
1219 3283 1300 3346 de
1362 3281 1751 3366 provinciis,
1814 3293 2156 3366 antequam
2214 3291 2429 3346 essent¹

134 3410 377 3467 vacuae,
440 3413 564 3455 nec
615 3391 905 3476 potuisse
954 3390 1128 3466 fieri,
1185 3401 1258 3454 ut
1299 3391 1490 3456 etiam
1538 3413 1685 3456 cum
1730 3391 1895 3455 alius
1940 3389 2206 3476 imperio
2247 3400 2425 3454 tene-

134 3509 352 3575 rentur,
410 3509 636 3564 utrum
683 3521 791 3564 eas
838 3500 1208 3564 consulares
1253 3499 1320 3562 in
1360 3499 1726 3584 proximum
1770 3520 2009 3562 annum
2052 3521 2132 3562 an
2176 3508 2425 3582 praeto-

135 3603 236 3668 rias
287 3629 429 3672 esse
491 3617 845 3691 oporteret,
903 3607 1384 3673 deliberaretur.
1479 3606 1921 3673 Veruntamen
1972 3605 2097 3668 hoc
2146 3627 2265 3668 nec
2309 3604 2425 3668 de·-

136 3715 481 3779 monstravit
506 3714 920 3780 Hofmannus
955 3739 1074 3780 1166
1113 3715 1364 3800 poterit,
1403 3715 1652 3800 opinor,
1694 3713 2151 3803 demonstrare.
2208 3711 2429 3794 Quare

137 3821 438 3888 subtiliore
483 3823 1004 3908 interpretatione
1053 3823 1342 3888 adhibita
1391 3846 1539 3888 cum
1586 3822 2022 3908 intelligamus
2068 3819 2149 3884 de
2175 3821 2319 3886 ’6116
2360 3843 2429 3885 16

137 3925 320 3995 dicere
366 3929 684 4007 Caelium,
732 3930 814 3995 de
857 3931 984 3996 alia
1022 3930 1326 4008 Dionem,
1368 3930 1563 3995 huius
1610 3931 1691 3995 de
1735 3929 2002 4014 imperio
2040 3924 2427 3992 Caesariano

138 4038 544 4106 testimonium
583 4039 747 4106 illud
784 4061 926 4105 6666
965 4039 1356 4124 colligimus,
1394 4048 1469 4103 ut
1496 4038 1567 4102 id
1603 4060 1769 4103 anno
1798 4037 1879 4102 50
1914 4036 2124 4102 exisse
2158 4036 2425 4112 dixerit3

141 4143 204 4208 de
235 4147 408 4214 initio
453 4149 594 4213 eius
631 4149 783 4212 anni
825 4169 901 4214 ac
940 4144 1080 4212 Cal.
1110 4146 1364 4214 Martiis
1405 4147 1568 4212 nihil
1608 4146 2004 4220 invenimus3
2055 4167 2203 4208 nam
2244 4143 2429 4212 εὐθὺς

144 4253 191 4316 ἐν
231 4264 309 4341 τῷ
353 4257 590 4343 ὑστέρῳ
627 4257 750 4322 ἔτει
789 4269 886 4322 est
921 4257 1214 4342 proximo
1258 4255 1621 4340 insequenti
1663 4275 1849 4320 anno.
1926 4250 2020 4318 At
2060 4252 2249 4318 etiam
2283 4250 2427 4334 Ap-

142 4363 338 4444 pianus
397 4389 568 4430 anno
617 4366 697 4430 50
754 4362 1052 4429 Caesaris
1111 4364 1450 4450 imperium
1512 4387 1591 4428 ex
1646 4363 1792 4448 lege
1850 4359 2160 4445 Pompeia
2216 4358 2427 4422 exisse
