2917 5017
755 399 837 448 De
872 397 1042 449 Gallia
1075 400 1426 452 Romanorum
1474 404 1748 466 provincia.
2270 405 2389 470 149

133 563 400 644 idemque,
435 561 541 644 qui
574 562 850 649 scripsit,
891 565 945 629 si
970 564 1190 629 liceret
1214 564 1475 641 addere,
1512 567 1769 632 videtur
1797 570 2000 635 fuisse
2026 569 2388 636 additurus.

136 668 240 732 Sed
277 691 470 732 errare
510 679 722 734 tamen
764 683 898 736 erat
939 672 1126 736 facile
1172 683 1575 757 erratumque
1622 697 1767 740 esse
1810 700 2001 764 saepe
2051 679 2118 743 in
2162 679 2387 744 si'mili-

131 776 226 839 bus
281 775 462 840 rebus
517 777 866 844 omittendo
918 779 1178 864 plurimi
1231 782 1528 864 quamvis
1586 796 1883 850 accurate
1940 788 2162 873 scripti
2219 787 2387 852 tituli

129 884 440 949 ostendunt.
532 885 788 966 Quodsi
840 887 1156 952 iuridicus
1211 888 1712 956 Tarraconensis
1772 893 2027 978 legatus
2078 896 2205 959 fuit
2256 917 2385 960 non

127 992 504 1077 imperatoris,
565 993 679 1056 sed
723 994 921 1079 legati
966 996 1292 1072 Baeticae,
1341 1019 1583 1062 novum
1626 1011 1927 1082 nascetur
1968 1002 2385 1067 iuridicorum

128 1123 310 1184 genus,
351 1102 534 1184 quale
576 1102 978 1168 existimabat
1019 1105 1155 1169 fere
1184 1104 1607 1190 Borghesius,
1651 1108 1767 1172 sed
1804 1109 1887 1174 ab
1920 1109 2185 1194 reliquis
2222 1132 2384 1195 quos

126 1208 374 1274 novimus
417 1207 772 1274 diversum.

253 1316 666 1403 Adiungendi
723 1329 937 1384 autem
993 1321 1123 1386 huc
1179 1331 1362 1398 sunt,
1425 1324 1538 1406 qui
1584 1334 1833 1388 tantum
1878 1329 2075 1406 legati
2120 1329 2390 1408 Augusti

129 1429 362 1488 Asturius
400 1436 462 1487 et
503 1429 857 1490 Gallaeciae
899 1429 1321 1515 appellantur,
1366 1430 1447 1494 L.
1491 1427 1757 1497 Coelius
1804 1433 2041 1498 Festus
2083 1437 2197 1517 leg.
2239 1439 2385 1516 imp.

129 1538 381 1597 Antonini
419 1537 583 1617 Aug.
631 1538 920 1598 Asturiae
963 1547 1024 1599 et
1067 1541 1419 1602 Gallaeciae
1457 1540 1632 1625 apud
1676 1538 1877 1605 Orell.
1922 1565 1984 1604 n.
2013 1542 2116 1618 77,
2150 1540 2233 1606 L.
2265 1541 2384 1606 Al-

129 1642 291 1706 binius
312 1639 700 1708 Saturninus
732 1648 853 1725 leg.
884 1647 1042 1727 Aug.
1073 1648 1396 1710 Asturicae
1426 1659 1489 1710 et
1513 1649 1869 1710 Gallam-iae
1904 1649 2079 1734 apud
2102 1648 2384 1713 Momm-

74 1787 76 1792 ·
141 1773 232 1812 sen.
272 1751 457 1815 Inscr.
511 1751 716 1836 Neap.
776 1753 974 1830 4033,
1032 1753 1146 1838 qui
1201 1753 1322 1818 sub
1371 1755 1467 1818 M.
1508 1755 1777 1820 Aurelio
1810 1745 1933 1820 'vel
1985 1758 2179 1842 paulo
2238 1767 2386 1843 post

136 1859 360 1940 praefuit,
407 1859 493 1941 Q.
534 1860 784 1924 Mamil.
825 1858 1230 1946 Capitolinus
1272 1867 1386 1945 leg.
1427 1871 1594 1944 Aug.
1631 1885 1745 1944 per
1785 1867 2103 1927 Asturiam
2146 1875 2205 1927 et
2246 1868 2383 1931 Cal-

129 1969 300 2029 laciam
339 1968 511 2052 apud
551 1968 726 2033 Mur.
754 1970 898 2047 716,
928 1972 987 2048 5,
1028 1994 1221 2056 quem
1265 1971 1686 2057 Borghesius‚
1730 1971 1907 2056 quod
1949 1975 2081 2035 dux
2120 1977 2236 2054 leg.
2278 1977 2395 2037 VII

75 2143 77 2146 Α
129 2078 178 2137 G.
217 2079 270 2140 P.
313 2082 370 2138 F.
419 2078 820 2154 nominatur,
883 2091 1028 2165 post
1084 2079 1441 2145 Alexandri
1505 2090 1775 2144 aetatem
1837 2079 2080 2144 vixisse
2145 2092 2383 2159 censet,

74 2239 77 2254 2
124 2181 344 2268 denique
394 2186 502 2250 ille
519 2233 536 2262 ,
604 2186 718 2270 qui
757 2186 825 2249 in
869 2188 1230 2273 fragmento
1270 2187 1691 2252 Praenestino
1738 2188 1915 2275 apud
1955 2187 2192 2254 Marin.
2234 2188 2383 2254 Act.

74 2329 78 2364 7
123 2291 256 2354 fratr.
288 2292 436 2357 Arv.
476 2317 541 2380 p.
573 2293 688 2358 341
738 2298 922 2376 (leg.)
967 2298 1121 2377 Aug.
1158 2300 1547 2378 provinciam
1590 2303 1706 2374 As(
1706 2302 1913 2359 turine
1948 2308 2010 2359 et
2042 2301 2386 2377 G)alleicae

123 2399 324 2478 dicitur,
360 2425 554 2486 quem
589 2402 986 2487 Borghesius
1027 2404 1200 2490 apud
1227 2403 1631 2489 Marquardt.
1669 2404 1711 2469 l.
1752 2405 1795 2468 l.
1836 2427 1899 2490 p.
1934 2404 1974 2470 9
2016 2405 2387 2470 'coniectura

76 2557 80 2582 ,
123 2529 212 2570 non
258 2510 439 2604 nimis.
489 2523 668 2577 certa
726 2512 1004 2577 eundem
1062 2512 1244 2576 illum
1300 2511 1604 2589 Festum,
1682 2511 1869 2576 cuius
1929 2535 2099 2578 unus
2156 2513 2382 2578 titulus

123 2617 268 2682 modo
316 2619 542 2684 allatus
607 2631 742 2696 est,
799 2621 1002 2684 fuisse
1059 2620 1400 2684 existimat.
1496 2619 1663 2684 Novi
1712 2643 1792 2686 ex
1835 2621 1935 2685 his
1979 2621 2181 2686 titulis
2223 2620 2381 2685 nihil

125 2722 375 2791 discimus
428 2729 557 2793 nisi
613 2728 765 2806 hoc,
821 2739 895 2792 ut
945 2727 1204 2792 iuridici
1251 2728 1741 2814 appellationem
1783 2751 1909 2792 non
1955 2729 2383 2795 necessariam

77 2871 79 2876 ·
134 2832 275 2898 luisse
310 2835 766 2920 intelligamus,
809 2837 925 2902 sed
968 2837 1254 2922 potuisse
1289 2836 1391 2900 vel
1431 2835 1587 2900 addi
1613 2837 1717 2901 vel
1742 2837 1978 2912 omitti3
2018 2859 2165 2901 nam
2202 2836 2382 2923 lega-

76 2981 80 3014 ;
135 2951 200 3004 tus
231 2943 507 3028 Augusti
547 2953 610 3008 et
647 2944 984 3020 iuridicus‚
1025 2944 1136 3028 qui
1177 2943 1402 3009 eadem
1442 2955 1645 3010 aetate
1688 2945 1754 3008 in
1794 2945 2017 3010 eadem
2055 2943 2385 3030 provincia

129 3063 683 3130 commemorantur,
761 3052 916 3137 quin
977 3052 1150 3118 idem
1203 3052 1306 3117 ius
1360 3065 1552 3137 atque
1607 3052 1881 3118 eundem
1938 3052 2379 3138 magistratum

78 3161 98 3230 ς’
127 3157 452 3242 significent,
498 3159 782 3226 dubitari
823 3161 934 3224 vix
976 3169 1203 3247 potest.

249 3264 369 3332 Sed
417 3291 570 3333 cum
622 3268 914 3355 depulsis
959 3267 1212 3333 Mauris
1258 3267 1521 3333 Baetica
1578 3267 1827 3333 senatui
1881 3281 2053 3333 esset
2108 3267 2383 3345 reddita,

130 3375 240 3456 quid
285 3377 524 3442 factum
581 3399 724 3442 esse
776 3387 1074 3463 putamus
1129 3376 1198 3440 in
1242 3375 1755 3441 Tarraconensi?
1838 3375 2009 3440 Num
2068 3377 2402 3461 separatio-

133 3482 372 3551 Asturiae
411 3495 476 3550 et
521 3483 889 3550 Gallaeciae
936 3493 1316 3550 conservata
1357 3485 1502 3550 est?
1573 3508 1651 3549 an
1716 3506 1867 3549 vero
1924 3483 2006 3548 ad
2052 3493 2240 3550 vetus
2282 3485 2383 3548 in-

137 3591 366 3657 stitutum
401 3593 728 3658 reditum?
800 3593 1006 3658 Nobis
1045 3593 1306 3677 quidem
1348 3592 1473 3658 hoc
1511 3592 1789 3668 videtur,
1829 3603 1901 3656 ut
1936 3592 2132 3656 unius
2169 3591 2383 3657 denuo

138 3697 271 3783 legati
305 3703 425 3768 iuri
463 3711 597 3768 tota
631 3711 820 3767 vetus
847 3700 1349 3766 Tarraconensis
1379 3699 1463 3764 sit
1489 3699 1761 3776 reddita,
1800 3721 2007 3786 eoque
2044 3698 2382 3764 referimus

145 3806 332 3874 titulum
367 3811 541 3896 apud
578 3807 781 3874 Orell.
826 3833 889 3872 n.
927 3809 1072 3884 798,
1117 3831 1244 3892 quo
1283 3807 1429 3874 Tib.
1459 3806 1779 3874 Claudius
1806 3805 2165 3883 Candidus,
2210 3829 2383 3872 unus

137 3937 186 3978 ex
217 3919 556 4006 praecipuis
600 3916 826 3983 Severi
868 3915 1180 3993 ducibus,
1239 3915 1478 3980 dicitur
1522 3919 1634 3997 leg.
1676 3925 1885 3996 Augg.
1941 3916 2013 4001 (i.
2052 3937 2109 3979 e.
2157 3911 2383 3979 Severi

135 4035 178 4085 et
209 4022 524 4112 Caracalli)
570 4050 669 4109 pr.
706 4047 808 4108 pr.
846 4028 1207 4106 provinciae
1253 4029 1330 4086 H.
1377 4025 1436 4088 G.
1500 4022 1885 4109 (Hispaniae
1928 4021 2273 4106 citerioris)
2324 4031 2389 4084 et

136 4133 184 4190 in
225 4158 282 4195 ea
334 4139 459 4198 dux
513 4146 682 4198 terra
739 4137 1018 4215 marique
1074 4133 1362 4195 adversus
1416 4131 1658 4194 rebelles
1714 4135 1795 4193 H.
1838 4135 1935 4194 H:
1964 4133 2031 4193 P.
2080 4133 2153 4192 R.
2209 4128 2282 4214 (i.
2328 4149 2383 4192 e.

137 4234 302 4305 hostes
355 4243 573 4330 populi
628 4241 955 4324 Romani).
1061 4237 1302 4304 Hostes
1364 4247 1581 4303 autem
1641 4237 1863 4323 populi
1918 4234 2195 4302 Romani
2254 4254 2385 4299 non

140 4341 348 4412 Mauros
393 4350 482 4415 ibi
527 4372 666 4416 esse
711 4348 1008 4414 existimo
1029 4395 1046 4424 ,
1108 4347 1190 4411 de
1231 4368 1504 4431 quorum
1548 4345 1828 4411 tumultu
1870 4345 2029 4408 nihil
2071 4343 2181 4408 illo
2222 4352 2385 4407 tem-

143 4473 254 4533 pore
290 4458 566 4537 traditur,
610 4457 726 4523 sed
753 4455 998 4534 Albini,
1037 4475 1320 4541 quocum
1345 4454 1632 4522 Severus
1674 4453 1917 4519 bellum
1946 4451 2133 4516 civile
2162 4448 2385 4536 gessit,
