2917 5017
759 318 840 365 De
877 316 1076 379 legibus
1115 313 1507 377 municipalibus
1546 312 1851 377 Hispanicis.
2338 306 2457 372 281

159 484 328 558 isset,
375 481 532 545 nihil
577 481 836 547 omnino
877 480 1002 543 tale
1047 476 1260 542 caveri
1301 498 1467 561 opus
1506 486 1661 552 erat,
1712 475 1767 539 si
1796 475 2176 541 Latinorum
2214 486 2462 539 tantum

161 590 392 654 civium
435 590 684 665 fuisset,
731 588 938 674 potuit
985 608 1137 651 sane
1177 586 1268 649 ita
1311 585 1525 661 scribi,
1570 596 1643 648 ut
1686 584 1997 669 scriptum
2039 596 2156 661 est,
2200 596 2273 648 ut
2298 606 2463 669 quae

159 722 382 763 causae
439 699 614 763 cives
658 698 980 761 Romanos
1035 693 1115 758 ab
1175 695 1352 758 curia
1391 692 1845 778 prohiberent,
1914 715 2025 757 eae
2071 692 2152 757 ad
2195 692 2463 757 Latinos

158 808 678 883 transferrentur3
727 804 841 869 sed
877 784 930 868 si
956 802 1188 888 partim
1213 802 1388 866 cives
1411 800 1686 866 Romani
1720 801 1946 887 partim
1970 800 2189 866 Latini
2226 814 2462 877 essent,
2516 878 2521 881 Ι

157 939 358 980 nonne
401 918 549 979 item
592 924 764 979 recte
811 911 1230 986 scribebatur,
1275 932 1356 995 ne
1403 910 1591 974 cuius
1634 911 1797 975 ratio
1839 909 2202 987 haberetur,
2247 911 2358 996 qui
2396 911 2463 975 in

158 1048 368 1089 earum
409 1046 537 1108 qua
579 1044 774 1087 causa
816 1031 1019 1097 esset,
1062 1029 1324 1105 propter
1363 1042 1553 1103 quam
1598 1019 1653 1085 si
1692 1019 1853 1083 civis
1894 1019 2226 1083 Romanus
2272 1032 2462 1097 esset,

153 1135 213 1195 in
253 1154 522 1197 numero
567 1130 986 1195 decurionum
1025 1127 1615 1212 conscriptorumve
1660 1149 1809 1203 eum
1852 1150 1995 1191 esse
2035 1150 2165 1192 non
2201 1128 2463 1193 liceret?

153 1241 450 1305 Efficitur
487 1240 655 1315 hinc,
702 1260 849 1303 cum
887 1237 1062 1303 cives
1101 1237 1425 1301 Romanos
1466 1236 1689 1320 utique
1728 1236 2021 1318 Malacae
2060 1237 2265 1302 fuisse
2310 1261 2463 1303 con-

153 1361 299 1425 stet,
350 1360 426 1412 ut
473 1347 629 1411 nihil
673 1346 824 1410 hinc
868 1346 1208 1429 colligatur
1249 1344 1376 1408 nisi
1419 1345 1595 1428 quod
1638 1344 1780 1429 ipsa
1824 1345 1985 1409 ratio
2032 1346 2343 1422 ostendit,
2396 1346 2463 1410 in

151 1458 396 1522 Latinis
451 1455 704 1542 oppidis
761 1454 964 1520 fuisse
1019 1453 1246 1539 partim
1305 1452 1481 1516 cives
1523 1452 1843 1518 Romanos
1901 1454 2130 1539 partim
2172 1454 2462 1531 Latinos,

151 1577 358 1630 utrum
405 1566 608 1629 maior
654 1586 798 1649 pars
842 1562 1115 1638 civium,
1176 1561 1384 1625 minor
1423 1560 1806 1625 Latinorum
1856 1586 1937 1627 an
1983 1573 2205 1628 contra
2246 1564 2461 1639 fuerit,

151 1674 420 1759 intelligi
469 1673 644 1737 nullo
693 1670 886 1735 modo
929 1669 1153 1755 possit.

311 1781 451 1845 Sed
493 1779 898 1846 redeundum
926 1789 1023 1843 est
1055 1778 1139 1841 ad
1165 1776 1332 1841 aeris
1361 1776 1765 1862 Salpensani,
1808 1779 1997 1843 cuius
2023 1801 2226 1844 unum
2251 1780 2462 1845 locum

155 1914 338 1976 supra
365 1890 806 1975 exposuimuS,
849 1897 1042 1971 caput
1073 1886 1391 1962 ultimum,
1433 1885 1611 1970 quod
1642 1899 1738 1951 est
1767 1887 1847 1951 de
1876 1898 2161 1952 tutorum
2186 1887 2462 1966 datione,

150 1999 310 2083 quod
355 1999 410 2063 si
454 1998 598 2081 quis
637 2008 837 2061 totum
879 1995 1156 2080 explicet
1197 1994 1454 2079 longam
1490 1996 1775 2079 requirat
1800 1996 2319 2081 disputationem.
2382 1998 2461 2062 In

152 2130 218 2171 eo
260 2108 432 2171 enim
475 2106 732 2191 insigne
773 2104 1111 2169 exhibetur
1155 2104 1515 2188 exemplum
1534 2151 1551 2180 ,
1618 2126 1747 2189 quo
1788 2104 2230 2181 confirmatur,
2290 2106 2463 2189 quod

152 2216 464 2301 Ulpianus
513 2215 702 2279 docet
739 2214 804 2277 in
849 2213 1006 2296 Dig.
1050 2211 1328 2287 XXVI,
1374 2213 1410 2275 5
1455 2211 1568 2293 (de
1609 2218 1833 2297 tutor.)
1879 2214 1951 2291 3,
2014 2236 2133 2278 suo
2177 2223 2461 2299 tempore

149 2325 401 2389 licuisse
439 2323 738 2389 omnibus
777 2318 1257 2405 magistratibus
1289 2320 1789 2405 municipalibus
1824 2332 2069 2387 tutores
2100 2322 2274 2399 dare,
2314 2344 2461 2387 cum

149 2442 362 2516 postea
407 2439 630 2497 eorum
667 2442 950 2517 potestas
995 2429 1335 2493 imminuta
1378 2452 1521 2493 esse
1568 2429 1864 2493 videatur
1920 2430 2107 2516 (Inst.
2144 2430 2211 2506 I,
2253 2432 2333 2496 20
2378 2431 2461 2495 de

149 2538 296 2603 Atil.
337 2551 459 2603 tut.
501 2538 590 2624 4).
675 2538 922 2603 Omnes
984 2538 1341 2623 municipes
1407 2537 1741 2624 municipii
1793 2534 2172 2624 Salpensani
2216 2548 2461 2603 tutores

148 2664 352 2732 petere
395 2647 704 2713 iubentur
745 2670 784 2709 a
828 2646 1050 2710 IIviris
1099 2656 1161 2709 et
1203 2645 1663 2711 decurionibus
1718 2669 1794 2712 ac
1847 2668 1927 2711 ne
1982 2646 2145 2712 illud
2196 2646 2462 2730 quidem

83 2787 86 2796 ·
149 2769 425 2833 cavetur,
470 2756 642 2841 quod
667 2755 912 2819 Paulus
941 2753 1099 2837 Dig.
1122 2752 1389 2828 XXVI,
1422 2754 1481 2830 5,
1515 2754 1594 2819 24
1638 2754 1726 2817 ait
1760 2777 1799 2817 a
1829 2754 2055 2819 Hviris
2102 2755 2459 2840 municipes

150 2863 241 2927 sui
296 2874 545 2928 tantum
607 2862 938 2948 municipii
997 2884 1186 2948 posse
1241 2861 1400 2925 dari.
1509 2861 1917 2947 Quamquam
1972 2866 2097 2928 hoc
2154 2864 2275 2927 etsi
2329 2884 2459 2927 non

149 2970 458 3049 scribitur,
497 2971 990 3055 intelligendum
1031 2982 1241 3035 tamen
1272 2994 1413 3035 csse
1454 2983 1633 3056 puto·
1708 2971 2053 3053 Quomodo
2086 2974 2255 3037 enim
2287 2972 2457 3037 IIvi-

147 3102 278 3143 rum
333 3091 449 3144 aut
507 3079 960 3155 decurionum,
1023 3079 1138 3164 qui
1205 3081 1304 3144 sui
1368 3064 1698 3165 municipii
1762 3079 1999 3145 finibus
2064 3094 2457 3157 coercentur,

148 3187 263 3251 ulla
312 3188 398 3252 sit
451 3188 518 3251 in
567 3189 726 3254 alios
768 3189 1124 3273 municipes
1170 3190 1487 3274 potestas?
1567 3187 1701 3254 Sed
1742 3201 1815 3253 ut
1858 3190 2017 3255 haec
2056 3189 2459 3275 praetermit—

148 3306 365 3381 tamus,
411 3307 696 3361 extrema
737 3297 804 3361 in
845 3297 970 3361 hoc
1014 3298 1218 3382 capite
1266 3308 1416 3361 sunt
1460 3298 1651 3363 haec:
1704 3302 1828 3371 Qui
1856 3309 2027 3362 tutor
2054 3302 2239 3377 Mac)
2263 3303 2461 3379 lage)

148 3406 316 3466 datus
371 3409 520 3480 erit,
581 3410 636 3467 is
689 3410 750 3467 ei
801 3410 908 3467 cui
958 3409 1140 3468 datus
1195 3410 1344 3481 erit,
1407 3430 1527 3488 quo
1584 3430 1661 3469 ne
1708 3408 1782 3469 ab
1821 3412 1981 3469 iusto
2018 3417 2221 3470 tutore
2262 3412 2458 3470 tutela

148 3514 398 3589 (amat,
443 3524 572 3576 tam
615 3518 812 3576 iustus
851 3523 1021 3575 tutor
1061 3524 1183 3576 esto
1225 3536 1410 3596 quam
1451 3520 1509 3577 si
1544 3520 1597 3578 is
1642 3519 1703 3581 C.
1748 3520 1803 3579 lt
1866 3527 1927 3578 et
1962 3519 2277 3596 adgnatus
2309 3537 2457 3596 pro-

147 3624 340 3683 ximus
391 3624 451 3685 0.
507 3624 580 3685 R.
627 3631 798 3683 tutor
840 3632 1002 3685 esset.
1093 3622 1268 3687 Hinc
1325 3623 1569 3687 iustum
1629 3634 1937 3699 tutorem,
1996 3624 2173 3707 quod
2224 3645 2457 3687 nomen

149 3748 263 3789 non
296 3715 583 3792 ‘memini
633 3728 964 3815 me.apud
1020 3730 1180 3794 alios
1231 3730 1391 3795 iuris
1435 3732 1711 3797 Romani
1764 3744 2058 3797 auctores
2080 3748 2083 3751 ’
2108 3731 2455 3808 invenisse,

149 3854 280 3898 eum
326 3836 758 3901 existimatum
802 3860 944 3903 esse
997 3837 1340 3916 discimus,
1403 3841 1456 3905 si
1512 3841 1617 3905 cui
1677 3841 1804 3906 civi
1843 3841 2131 3905 Romano
2180 3851 2453 3924 agnatus

150 3945 468 4025 proximus
511 3946 671 4010 civis
714 3946 1046 4011 Romanus
1093 3958 1266 4011 tutor
1305 3961 1495 4025 esset,
1534 3950 1639 4014 cui
1673 3950 1813 4014 iure
1848 3960 2176 4032 aequatur,
2219 3947 2331 4031 qui
2374 3970 2454 4011 ex

152 4049 256 4117 hac
295 4054 444 4139 lege
487 4053 924 4140 municipibus
955 4054 1392 4141 Salpensanis,
1441 4058 1578 4122 sive
1622 4058 1795 4124 cives
1834 4068 1984 4122 sunt
2020 4057 2157 4122 sive
2183 4055 2454 4122 Latinae

154 4160 529 4225 condicionis
594 4166 832 4249 (neque
885 4164 1054 4227 enim
1105 4165 1228 4228 hoc
1277 4164 1697 4249 discernitur)
1748 4188 1787 4228 a
1826 4164 2263 4251 municipibus
2310 4164 2453 4231 Sal-

153 4269 434 4349 pensanis
480 4272 584 4335 vel
624 4272 884 4337 decreto
926 4271 1348 4338 decurionum
1391 4284 1567 4338 tutor
1608 4274 1816 4339 datur.
1889 4272 2109 4355 Quare
2140 4295 2287 4338 cum
2319 4273 2453 4338 duo

156 4373 264 4439 sint
304 4378 371 4442 in
407 4378 582 4445 iusto
608 4392 860 4457 tutore,
909 4389 980 4444 ut
1017 4390 1080 4445 et
1119 4380 1224 4445 cui
1266 4381 1476 4457 datur,
1518 4382 1600 4446 sit
1634 4382 1795 4449 civis
1825 4382 2152 4447 Romanus
2188 4393 2252 4446 et
2276 4391 2455 4447 tutor
