2917 5017
465 325 585 392 136
890 384 895 389 ,
1100 327 1184 378 De
1219 325 1390 378 Gallia
1427 327 1780 380 Romanorum
1828 327 2103 394 provincia.

461 503 590 558 tata
631 502 800 570 sunt,
841 493 1020 577 quod
1064 502 1127 558 et
1172 491 1581 558 Ptolemaeus
1624 513 1753 556 non
1798 492 2111 578 singulari
2158 494 2363 580 capite
2398 492 2779 558 Numidiam

461 610 808 677 recenseat,
848 612 910 666 et
937 600 1093 666 Tac.
1124 601 1274 666 hist.
1299 601 1354 678 I,
1387 603 1456 664 11
1504 601 1981 686 provinciarum
2004 611 2279 680 statum,
2320 603 2429 688 qui
2468 613 2781 688 regnante

463 709 676 775 Galba
715 709 912 774 fuerit
957 731 1380 794 persequens,
1441 708 1735 774 Africam
1781 710 1980 774 solam
2026 723 2499 776 commemoret.
2604 711 2784 774 Dicit

463 817 632 881 enim
693 819 821 883 sict
896 821 1127 897 Africa
1183 829 1245 882 et
1291 821 1556 898 legiones
1603 823 1675 881 in
1728 841 1800 880 ea
1816 865 1835 894 ,
1900 822 2232 902 interfecto
2278 821 2491 885 Clodio
2541 823 2783 896 Macro,
2848 903 2850 912 Ι

463 936 753 989 contenta
793 930 1210 1008 qualicunque
1237 930 1527 1008 principe
1561 937 1703 1008 post
1724 931 2209 1009 experimentum
2236 931 2479 991 domini
2504 932 2785 1002 minoris,

461 1057 542 1099 ex
595 1033 834 1120 quibus
891 1035 1003 1119 qui
1054 1058 1184 1100 non
1240 1034 1366 1100 hoc
1418 1035 1766 1121 intelliget,
1822 1057 1861 1098 a
1903 1034 2130 1101 Tacito
2181 1035 2477 1122 legiones
2538 1045 2785 1100 tantum

460 1143 802 1219 numerari,
845 1143 1210 1229 provincias
1252 1144 1450 1227 ipsas,
1496 1165 1771 1226 quarum
1811 1145 1880 1208 in
1918 1144 2085 1209 bello
2132 1144 2305 1209 civili
2346 1145 2610 1210 nullum
2654 1167 2788 1208 mo-

459 1263 744 1316 mentum
786 1252 900 1328 sit,
951 1274 1220 1336 prorsus
1257 1252 1503 1338 negligi
1526 1299 1543 1329 ,
1602 1273 1707 1330 ac,
1762 1244 2055 1337 quamvis
2096 1251 2309 1319 divisa
2344 1262 2525 1318 esset
2569 1251 2794 1318 Africa

462 1359 530 1425 in
574 1361 1101 1446 proconsularem
1142 1361 1541 1446 provinciam
1582 1371 1647 1426 et
1682 1361 2091 1440 Numidiam,
2135 1361 2355 1426 nescio
2398 1372 2627 1426 tamen
2670 1383 2795 1446 qua

461 1468 718 1534 fictione
775 1469 902 1554 (sic
957 1469 1129 1534 enim
1187 1468 1477 1554 loquitur
1529 1469 1915 1535 Mommsen.
1974 1471 2043 1534 in
2104 1480 2233 1536 act.
2275 1468 2463 1555 Lips.
2522 1493 2595 1556 p.
2642 1471 2793 1554 214)

459 1603 654 1644 unam
713 1587 1040 1651 retentam
1077 1599 1220 1642 esse
1271 1578 1673 1662 provinciam
1728 1579 2017 1643 Africam
2074 1577 2367 1663 colliget,
2427 1588 2613 1644 certe
2671 1601 2793 1642 non

461 1689 676 1753 minus
732 1697 1011 1752 statuere
1070 1684 1366 1762 debebit,
1429 1707 1579 1751 cum
1621 1685 1989 1752 Palaestina
2028 1685 2399 1770 bellumque
2441 1687 2795 1752 Iudaicum

463 1797 864 1882 Vespasiano
907 1793 1207 1859 mandata
1245 1804 1499 1872 essent,
1560 1805 1771 1860 tamen
1816 1794 2297 1879 quodammodo
2343 1818 2546 1861 unam
2592 1797 2795 1862 fuisse

459 1905 854 1992 provinciam
897 1902 1155 1988 Syriam
1193 1902 1425 1968 iisdem
1467 1903 1707 1988 quibus
1750 1914 1939 1968 antea
1974 1903 2215 1969 finibus
2260 1905 2797 1991 comprehensam

461 2015 640 2097 (nam
695 2035 892 2078 unam
951 2009 1207 2096 Syriam
1261 2011 1549 2076 nominat
1602 2010 1871 2076 Tacitus
1886 2057 1905 2088 ,
1964 2033 2083 2097 pro
2128 2012 2495 2078 Palaestina
2552 2013 2795 2078 bellum

461 2122 799 2187 Iudaicum
827 2118 1382 2200 commemorans),
1429 2118 1851 2203 similiterque
1882 2119 1965 2184 de
1987 2119 2307 2206 Hispania
2334 2121 2623 2206 aliisque
2648 2145 2795 2208 pro-

463 2229 696 2295 vinciis
733 2226 1024 2292 iudicare
1061 2236 1351 2310 cogetur.
1423 2225 1685 2309 Quodsi
1718 2227 1957 2292 talibus
1992 2229 2391 2313 argumentis
2418 2231 2518 2294 uti
2547 2231 2792 2307 liceret,

460 2337 774 2424 imprimis
829 2357 996 2420 quae
1041 2333 1310 2400 Tacitus
1357 2336 1533 2402 Hist.
1578 2334 1699 2412 IV,
1747 2335 1828 2402 48
1872 2347 2119 2413 narrat,
2178 2349 2395 2403 essent
2435 2340 2789 2406 afferenda.

465 2447 601 2531 Qui
657 2468 806 2512 cum
865 2443 1255 2508 traditurum
1314 2467 1384 2510 se
1425 2445 1802 2531 profiteatur
1844 2444 1927 2510 de
1972 2445 2289 2512 divisione
2328 2447 2639 2525 Africae,
2708 2449 2795 2514 sic

465 2554 718 2621 scribit:
783 2556 978 2634 Legio
997 2577 1002 2582 ·
1020 2557 1092 2615 in
1131 2555 1360 2636 Africa
1397 2558 1767 2636 auxiliaque
1806 2557 2092 2619 tutandis
2134 2559 2384 2636 imperii
2407 2557 2657 2634 finibus
2692 2559 2793 2620 sub
2824 2631 2831 2638 ¹

463 2667 603 2729 divo
646 2666 926 2743 Augusto
979 2660 1336 2741 Tiberioque
1383 2663 1777 2744 principibus
1808 2667 2177 2743 proconsuli
2212 2665 2547 2744 parebant.
2641 2671 2795 2728 Mox

465 2775 530 2839 C.
578 2767 804 2838 Caesar
855 2768 1138 2832 turbidus
1194 2773 1402 2833 animi
1448 2793 1527 2833 ac
1582 2775 1678 2834 M.
1724 2774 2016 2835 Silanum
2068 2772 2436 2836 obtinentem
2492 2775 2791 2856 Africam

463 2889 736 2944 metuens
791 2877 1068 2941 ablatam
1116 2881 1487 2958 proconsuli
1536 2881 1833 2960 legionem
1890 2883 2071 2943 misso
2124 2885 2191 2960 in
2235 2901 2371 2944 eam
2408 2903 2545 2945 rem
2592 2887 2792 2965 legato

465 2991 745 3054 tradidit.
837 2988 1150 3066 Aequatus
1203 2988 1368 3048 inter
1418 2987 1569 3048 duos
1609 2986 2053 3067 {beneficiorum
2104 3011 2403 3052 numerus
2458 3001 2522 3053 et
2582 2995 2793 3054 milvus

463 3102 785 3178 utriusque
825 3097 1144 3159 mandate's
1183 3095 1491 3156 discordia
1533 3099 1813 3176 quaesita
1850 3107 2157 3177 auctaque
2184 3119 2387 3177 pravo
2428 3104 2787 3164 certamine.

465 3205 642 3271 Nihil
682 3203 778 3270 ibi
815 3203 900 3267 de
935 3202 1269 3288 provincia
1312 3201 1633 3266 disiuncta
1650 3250 1669 3280 ,
1725 3203 1887 3268 nihil
1926 3204 2009 3268 de
2050 3204 2311 3291 populis
2358 3206 2631 3284 divisis,
2674 3207 2788 3270 mi-

464 3314 610 3379 lites
676 3323 926 3378 tantum
986 3312 1434 3388 nominantur,
1504 3311 1895 3396 quibuscum
1954 3313 2160 3378 omnis
2230 3313 2441 3380 civilis
2508 3326 2785 3399 potestas

467 3423 809 3488 coniuncta
852 3432 969 3487 est.
1055 3421 1276 3504 Quare
1327 3420 1505 3486 idem
1554 3419 1822 3486 Tacitus
1866 3420 2065 3507 paulo
2108 3432 2257 3507 post
2300 3421 2387 3487 ait
2406 3447 2425 3486 z
2497 3427 2631 3488 Sed
2664 3435 2779 3486 tum

467 3536 765 3614 legionem
801 3534 872 3593 in
913 3532 1144 3614 Africa
1187 3530 1435 3612 regebat
1490 3533 1769 3594 Valerius
1810 3533 2041 3594 Festus.
2122 3529 2309 3612 Quae
2361 3545 2639 3616 possent
2674 3553 2773 3596 nos

468 3640 535 3705 in
571 3659 854 3706 errorem
891 3638 1362 3723 quodammodo
1395 3638 1724 3714 inducere,
1769 3637 1895 3702 nisi
1940 3648 2309 3723 superesset
2337 3639 2577 3706 Dionis
2602 3640 2782 3716 LIX,

470 3749 551 3816 20
597 3747 1064 3813 testimonium:
1115 3743 1368 3830 Ἐπειδή
1413 3769 1479 3810 τε
1521 3746 1782 3814 Λούκιος
1830 3745 2067 3810 Πείσων
2118 3748 2151 3810 ὁ
2194 3752 2301 3830 τῆς
2341 3769 2406 3810 τε
2450 3731 2785 3832 Πλαγιὲίνης

469 3859 571 3922 καὶ
629 3862 738 3920 τοῦ
788 3855 1011 3920 Γναίου
1054 3853 1368 3924 Πείσωνος
1424 3856 1555 3924 υἱὸς
1615 3855 1799 3939 ἄρξας
1846 3859 1952 3937 τῆς
1993 3854 2292 3941 Ἀφρικῆς
2336 3855 2585 3942 ἔτυχεν,
2649 3859 2783 3940 ἐφο-

471 3967 633 4052 βήθη
677 3966 760 4049 μὴ
802 3963 1132 4048 νεωτερίσῃ
1167 3985 1224 4025 τι
1266 3963 1382 4028 ὑπὸ
1427 3963 1879 4048 μεγαλαυχίας,
1916 3962 2121 4032 ἄλλως
2154 3987 2221 4026 τε
2258 3965 2361 4027 καὶ
2404 3965 2497 4027 ὅτι
2538 3967 2782 4049 δύναμιν

470 4074 704 4157 πολλὴν
749 4073 848 4136 καὶ
889 4072 1198 4156 πολιτικὴν
1243 4073 1344 4136 καὶ
1384 4071 1613 4156 ξενικὴν
1660 4071 1811 4142 ἕξειν
1857 4069 2112 4154 ἔμελλε·
2175 4073 2276 4134 καὶ
2320 4073 2463 4157 δίχα
2500 4076 2567 4138 τὸ
2614 4072 2787 4141 ἔθνος

471 4182 680 4265 νείμας
723 4180 916 4265 ἑτέρῳ
957 4179 1024 4244 τό
1071 4203 1138 4244 τε
1183 4181 1605 4266 στρατιωτικὸν
1650 4180 1755 4244 καὶ
1794 4177 1935 4248 τοὺς
1959 4177 2261 4262 Νομάδας
2292 4179 2436 4248 τοὺς
2465 4180 2605 4264 περὶ
2642 4178 2782 4241 αὐτὸ

471 4289 840 4373 προςέταΕε,
900 4289 1001 4353 καὶ
1051 4289 1113 4360 ἐξ
1163 4290 1396 4354 ἐκείνου
1441 4291 1545 4354 καὶ
1590 4289 1773 4372 δεῦρο
1819 4292 1996 4352 τοῦτο
2043 4287 2323 4371 γίγνεται.
2421 4286 2499 4351 In
2554 4285 2783 4372 quibus

471 4419 636 4481 quae
694 4395 1014 4474 dissensio
1071 4396 1332 4462 videtur
1389 4419 1533 4463 esse
1592 4419 1737 4464 cum
1796 4395 2006 4462 Taciti
2064 4395 2281 4480 verbis
2300 4442 2331 4487 ,⁸
2376 4416 2543 4479 quae
2602 4416 2785 4480 supra
