2917 5017
815 281 897 333 De
934 282 1105 334 Gallia
1140 286 1490 337 Romanorum
1531 290 1810 353 provincia.
2433 292 2474 359 9

144 443 444 512 Galliam
488 448 889 533 provinciam
931 450 1038 515 vel
1086 474 1214 516 non
1254 453 1457 519 fuisse
1499 455 1876 535 doceamus,
1935 469 2308 545 certumque
2356 460 2477 526 erit

46 567 49 568 ’
139 553 320 618 illud
366 567 855 641 argumentum,
913 569 1016 636 ut,
1082 560 1137 625 si
1191 583 1316 646 quo
1358 562 1662 630 inferiore
1697 589 1864 633 anno
1905 589 2034 632 non
2077 569 2278 634 fuisse
2327 592 2475 655 pro-

142 662 439 730 vinciam
468 664 893 743 inveniamus,
921 690 1000 731 ne
1028 668 1470 753 superioribus
1491 673 1754 756 quidem
1781 677 1982 741 fuisse
2018 677 2474 743 existimemus.

146 767 333 836 Satis
378 774 570 837 etiam
612 775 737 840 hoc
768 776 887 840 erit
914 775 1252 842 ostendere
1296 800 1437 843 eam
1475 780 1678 845 fuisse
1718 804 1864 847 cum
1903 785 2294 870 reliquarum
2339 797 2474 851 tum

148 881 598 946 consularium
656 884 1131 969 provinciarum
1187 885 1604 965 divisionem,
1670 904 1745 953 ut
1799 889 2050 971 Galliae
2109 895 2475 979 provinciae

143 989 335 1053 nulla
393 990 739 1075 peculiaris
768 986 1275 1061 *administratiol
1324 1016 1468 1059 esse
1523 998 1628 1062 vel
1685 1002 1964 1083 potuerit
2012 1002 2116 1067 vel
2158 1002 2473 1069 debuerit.

148 1092 429 1161 Constat
474 1099 640 1162 enim
687 1109 840 1165 tunc
880 1110 1182 1185 quattuor
1224 1102 1427 1168 fuisse
1469 1106 1852 1188 provincias,
1894 1109 2245 1195 Hispanias
2289 1112 2474 1189 duas,

146 1204 465 1282 Siciliam,
514 1204 914 1286 Sardiniam,
960 1233 1160 1294 quae,
1204 1211 1330 1275 nisi
1374 1213 1552 1296 quod
1593 1216 1858 1299 gravius
1901 1215 2140 1282 bellum
2188 1220 2473 1299 instaret,

141 1314 559 1397 praetoribus
580 1317 866 1381 mandari
895 1316 1205 1395 solebant,
1230 1320 1530 1385 consules
1552 1322 1688 1387 fere
1707 1324 1774 1387 in
1796 1323 1982 1389 Italia
2019 1327 2474 1394 subsistebant.

142 1422 285 1487 Iam
342 1446 515 1487 anno
570 1424 689 1490 166
740 1426 853 1489 uni
908 1427 1157 1492 consuli
1202 1427 1480 1493 Galliam
1498 1476 1515 1505 ,
1577 1431 1759 1495 alteri
1799 1430 2082 1519 Ligures
2133 1437 2474 1505 obvenisse

143 1532 234 1597 ait
274 1530 429 1597 Liv.
492 1533 641 1619 epit.
690 1533 960 1612 XLVI,
1014 1558 1212 1620 quare
1266 1547 1377 1600 aut
1418 1537 1704 1623 Ligures
1732 1541 1739 1549 “
1763 1550 1918 1605 tunc
1966 1565 2093 1607 non
2149 1546 2352 1611 fuisse
2407 1548 2474 1611 in

142 1641 481 1725 provincia
521 1639 766 1718 Gallia,
826 1653 969 1719 aut,
1023 1644 1092 1708 id
1136 1645 1315 1728 quod
1355 1648 1688 1733 superiore
1743 1671 1907 1716 anno
1961 1653 2164 1717 fuisse
2208 1653 2473 1719 demon-

148 1750 534 1827 stravimus,
594 1760 657 1814 et
698 1748 980 1818 Galliam
1022 1764 1086 1817 et
1126 1749 1469 1839 Liguriam
1513 1779 1660 1821 cum
1707 1758 1894 1824 Italia
1935 1760 2001 1823 in
2043 1784 2246 1826 unum
2289 1764 2474 1847 quasi

147 1879 395 1943 corpus
438 1860 841 1927 coniunctam
894 1864 1272 1930 consulibus
1330 1864 1625 1950 paruisse
1669 1877 2044 1932 statuemus.
2139 1870 2244 1933 De
2289 1872 2472 1935 annis

146 1966 267 2031 165
317 1978 383 2031 et
434 1968 549 2033 164
592 1969 754 2033 nihil
792 1993 1061 2056 prorsus
1099 1973 1267 2040 tradi
1306 1973 1588 2059 reperio,
1651 1984 1717 2037 at
1761 1998 1927 2039 anno
1978 1976 2096 2041 163
2135 1976 2235 2041 Ti.
2286 1976 2473 2043 Sem-

138 2077 415 2161 pronius
474 2100 605 2143 cos.
652 2078 960 2158 Galliam,
1017 2082 1264 2167 colle-ga
1316 2082 1457 2147 eius
1496 2082 1612 2147 M.'
1646 2084 1985 2159 Iuventius
2029 2084 2280 2151 Thalna
2319 2085 2474 2152 Sar-

140 2186 393 2251 diniam
448 2198 511 2253 et
568 2184 901 2253 Corsicam
949 2190 1347 2275 provinciam
1402 2191 1768 2256 habuerunt
1819 2192 2013 2275 (Liv.
2060 2214 2160 2279 ep.
2204 2195 2472 2271 XLV13

139 2294 285 2361 Val.
332 2296 517 2361 Max.
550 2297 695 2374 IX,
763 2296 868 2375 12,
912 2299 1030 2384 3),
1095 2309 1169 2363 ut
1225 2324 1427 2365 unum
1485 2322 1565 2365 ex
1623 2300 2025 2385 praetoribus
2081 2303 2270 2368 classi
2321 2315 2474 2369 tunc

134 2406 509 2490 praefuisse
562 2405 821 2471 credam
858 2405 1094 2491 Pighio
1137 2408 1373 2473 Annal.
1415 2409 1486 2475 II
1526 2433 1588 2494 p.
1629 2408 1771 2473 404.
1857 2409 2278 2496 Eandemque
2321 2435 2474 2499 pro-

135 2515 505 2579 vinciarum
530 2513 915 2579 divisionem
938 2514 1197 2581 biennio
1230 2516 1595 2601 insequenti
1627 2517 1832 2582 fuisse
1865 2540 1946 2583 ex
1965 2518 2184 2584 Valer.
2213 2520 2389 2584 Max.
2420 2520 2473 2597 I,

142 2628 208 2702 1,
271 2624 311 2689 3
370 2634 437 2689 et
494 2623 645 2687 Liv.
710 2645 809 2709 ep.
855 2622 1097 2690 XLVI
1148 2625 1534 2711 colligimus.
1651 2624 1822 2691 Tum
1882 2649 2050 2692 anno
2102 2627 2219 2692 160
2271 2650 2473 2691 unum

139 2734 483 2797 consulem
507 2732 605 2795 M.
626 2728 991 2818 Cethegum
1038 2743 1287 2798 constat
1327 2734 1397 2797 in
1413 2732 1602 2798 Italia
1623 2734 1828 2800 fuisse
1851 2734 2029 2820 (Liv.
2060 2757 2157 2819 ep.
2186 2734 2473 2818 XLVI),

148 2842 424 2906 alterum
470 2863 621 2905 cum
658 2839 1017 2925 Liguribus
1056 2864 1385 2927 pugnasse
1431 2841 1800 2927 suspicatur
1825 2842 2102 2929 Pighius
2121 2842 2162 2906 l.
2184 2843 2225 2907 l.
2247 2843 2473 2928 p.412,

140 2951 429 3035 itemque
476 2972 645 3015 anno
690 2950 805 3015 159
846 2951 1102 3035 utrique
1140 2947 1451 3037 obtigisse
1481 2948 1761 3016 Galliam
1805 2962 1867 3015 et
1909 2950 2192 3035 Ligures
2210 2974 2226 3025 3
2273 2950 2474 3034 siqui-

138 3060 291 3125 dem
339 3060 438 3124 M.
484 3058 705 3123 Fulvii
746 3058 1095 3124 Nobilioris
1141 3057 1508 3143 triumphus
1568 3059 1650 3123 de
1693 3058 2054 3144 Liguribus
2111 3069 2370 3123 notatur
2407 3058 2476 3121 in

137 3170 327 3235 fastis
385 3164 793 3254 Capitolinis.
911 3168 1201 3233 Eaedem
1266 3167 1606 3233 consulum
1665 3167 2036 3253 provinciae
2093 3166 2318 3232 dubito
2394 3188 2474 3231 an

147 3301 351 3362 usque
402 3277 490 3342 ad
534 3299 773 3340 annum
826 3277 943 3341 154
988 3277 1257 3353 fuerint3
1303 3300 1447 3341 nam
1489 3300 1638 3341 cum
1675 3276 1756 3341 de
1795 3276 2054 3341 biennio
2103 3276 2220 3340 158
2259 3284 2322 3339 et
2357 3275 2474 3341 157

144 3387 304 3452 nihil
343 3388 529 3472 quod
570 3395 818 3451 certum
858 3385 941 3450 sit
979 3386 1287 3464 tradatur,
1334 3408 1500 3451 anno
1545 3385 1662 3449 156
1704 3382 1780 3449 C.
1806 3384 2128 3449 Marcium
2166 3381 2476 3469 Figulum

140 3510 401 3565 constat
451 3520 598 3563 cum
640 3496 957 3563 Delmatis
996 3518 1326 3583 pugnasse
1364 3494 1543 3579 (Liv.
1576 3494 1725 3579 epit.
1754 3492 2074 3578 XLVII),
2113 3492 2264 3556 item
2309 3511 2476 3555 anno

146 3609 269 3673 155
316 3608 398 3673 P.
449 3604 819 3693 Scipionem
860 3604 1164 3672 Nasicam
1201 3603 1380 3689 (Liv.
1424 3603 1468 3667 l.
1509 3603 1586 3679 l.,
1629 3602 1774 3666 fast.
1817 3599 2090 3687 Capit.)‚
2142 3599 2236 3663 M.
2277 3596 2476 3663 Clau-

152 3716 334 3781 dium
380 3715 770 3781 Marcellum
811 3736 961 3780 cum
1006 3725 1196 3801 gente
1234 3712 1448 3797 aliqua
1489 3710 1847 3795 Ligurum3
1887 3730 2054 3774 anno
2098 3716 2312 3771 autem
2357 3706 2476 3771 154

150 3825 237 3907 Q.
286 3824 627 3912 Opimium
694 3846 842 3891 cum
899 3819 1261 3908 Liguribus
1314 3817 1756 3903 Transalpinis
1821 3815 2158 3882 dimicasse
2219 3826 2478 3880 narrant

141 3936 292 4001 Liv.
316 3936 361 4001 l.
386 3935 432 3999 l.
473 3944 540 3999 et
565 3928 1167 4017 Polyb.XXX111,
1207 3929 1243 3993 5
1274 3952 1389 4014 sq.,
1435 3928 1744 4013 collegam
1785 3926 1924 3991 eius
1965 3924 2044 3987 L.
2072 3924 2477 3989 Postumium

148 4046 221 4109 in
262 4043 487 4111 Gallia
532 4050 862 4108 versatum
906 4060 1050 4104 esse
1094 4060 1174 4104 ex
1198 4034 1444 4122 Obseq.
1494 4059 1548 4102 c.
1581 4035 1664 4103 76
1708 4034 1979 4100 coniecit
2023 4032 2214 4119 Pigh.
2250 4055 2313 4117 p.
2335 4031 2476 4097 429.

147 4153 471 4240 Sequitur
533 4149 778 4215 bellum
849 4146 1311 4214 Celtibericum
1383 4168 1501 4231 per
1565 4166 1766 4209 annos
1835 4140 2066 4227 viginti
2142 4140 2479 4205 continuos

151 4273 415 4350 gestum
436 4308 453 4338 ‚
496 4259 677 4346 quod
722 4268 1053 4343 tantopere
1090 4256 1532 4322 Romanorum
1575 4275 1751 4319 arma
1793 4248 2163 4335 occupavit,
2211 4258 2285 4313 ut
2323 4248 2486 4312 alter

153 4372 502 4438 consulum
545 4391 623 4435 eo
668 4368 831 4433 mitti
878 4367 1131 4433 soleret.
1226 4362 1487 4428 Etenim
1529 4382 1695 4425 anno
1741 4359 1856 4424 153
1910 4355 1995 4440 Q.
2032 4358 2308 4423 Fulvius
2349 4378 2482 4421 cos.
