2917 5017
805 334 887 384 De
927 333 1100 386 Gallia
1134 339 1485 391 Romanorum
1530 345 1807 408 provincia.
2344 351 2457 416 151

189 517 234 558 c.
271 495 304 556 5
360 505 418 558 et
465 495 814 562 Pausanias
854 497 1057 574 VIII,
1103 501 1213 577 43,
1260 502 1296 566 3
1352 502 1633 568 tradunt.
1722 508 1905 590 Quid
1961 513 2207 598 igitur?
2270 516 2325 580 si
2376 517 2461 580 ad

189 602 691 686 comprimendam
736 628 870 668 eam
916 608 1086 671 facta
1127 618 1276 672 sunt
1315 610 1539 676 eadem
1585 637 1749 698 quae
1782 631 2007 702 postea
2031 622 2126 686 M.
2148 619 2460 689 Aurelius

183 710 340 785 fecit,
395 723 466 774 ut
507 712 768 778 Baetica
811 715 1059 778 senatui
1101 715 1400 802 adempta
1442 718 1946 792 Tarraconensis
1990 729 2057 792 in
2100 729 2265 796 duas
2310 755 2461 816 pro-

185 817 396 882 vincias
449 819 889 886 divideretur?
969 822 1198 886 Nonne
1251 826 1374 890 hoc
1429 827 1637 894 simile
1700 835 1835 896 veri
1894 835 2221 902 videbitur
2274 841 2459 904 esse?

178 924 264 990 Ac
303 927 702 994 confirmatur
744 930 904 994 haec
945 931 1314 996 coniectura
1359 957 1625 1016 prorsus
1672 939 2233 1028 inscriptionibus,
2293 970 2459 1030 quae

179 1057 347 1118 supra
385 1035 610 1100 allatae
653 1049 832 1113 sunt,
878 1037 958 1102 L.
994 1039 1215 1115 Ranii,
1255 1041 1367 1123 qui
1405 1043 1663 1128 legatus
1702 1045 1993 1132 Augusti
2039 1062 2100 1114 et
2143 1052 2459 1118 iuridicus

175 1140 447 1225 Astyriae
499 1157 562 1208 et
607 1144 970 1212 Gallaeciae
1025 1147 1424 1225 nominatur,
1488 1163 1549 1216 et
1604 1153 1684 1216 L.
1734 1153 1939 1220 Coelii
1996 1159 2206 1236 Festi,
2259 1162 2456 1246 legati

173 1252 298 1335 imp.
330 1248 642 1316 Antonini
685 1251 865 1339 Aug.
909 1251 1214 1320 Ast-uriae
1259 1268 1323 1319 et
1363 1255 1764 1338 Gallaeciae‚
1816 1265 2003 1330 cuius
2048 1266 2309 1332 titulum
2353 1269 2459 1334 Pii

175 1369 350 1423 aetate
393 1360 707 1445 scriptum
751 1385 896 1428 esse
932 1363 1118 1428 etiam
1165 1363 1566 1448 Borghesius
1611 1368 1938 1435 iudicavit.
2022 1373 2345 1452 Efficitur,
2385 1387 2460 1440 ut

177 1468 513 1532 Antoninus
563 1469 718 1534 Pius
759 1469 1010 1556 primus
1059 1471 1434 1536 Maurorum
1478 1496 1673 1542 causa
1714 1478 2049 1544 Asturiam
2092 1492 2155 1544 et
2196 1481 2457 1548 Gallae-

175 1575 304 1640 ciam
346 1599 456 1661 per
483 1573 702 1642 ‘breve
747 1591 1001 1664 tempus
1038 1579 1344 1662 peculiari
1381 1579 1596 1662 legato
1637 1585 1992 1663 tradiderit,
2030 1599 2167 1654 tum
2191 1590 2286 1654 M.
2310 1592 2456 1656 Au-

182 1686 332 1749 relius
386 1685 618 1750 eadem
673 1686 754 1750 de
811 1709 1007 1752 causa
1047 1687 1280 1752 iterum
1321 1690 1386 1752 in
1429 1689 1661 1774 viginti
1706 1693 1841 1758 fere
1879 1717 2119 1772 annos,
2179 1696 2457 1782 denique

74 1865 76 1868 y
189 1791 512 1858 Caracallus
585 1795 648 1856 in
715 1806 1096 1881 perpetuum
1163 1796 1491 1882 separarit.
1599 1799 1701 1864 Ac
1768 1804 1944 1885 quod
1995 1805 2243 1889 primus
2294 1806 2455 1872 Pius

74 1893 76 1898 ’
175 1915 393 1985 propter
437 1914 684 1968 certam
725 1905 1146 1981 occasionem,
1195 1905 1381 1970 cuius
1427 1918 1683 1994 tempus
1728 1922 1899 1975 esset
1943 1913 2455 1996 praeteriturum,

134 2001 140 2008 ⁸
172 2010 540 2087 seiunxerat,
587 2012 733 2078 ideo
777 2013 1186 2077 Ptolemaeus
1231 2017 1573 2098 separatim
1616 2019 1791 2084 illam
1835 2019 2119 2103 quidem,
2169 2022 2285 2086 sed
2330 2047 2455 2088 non

169 2116 266 2180 sub
319 2141 432 2184 suo
501 2121 712 2205 capite
770 2120 1104 2186 Asturiam
1159 2124 1565 2190 recensuisse
1620 2127 1911 2192 videtur:
1981 2138 2056 2190 ut
2108 2127 2455 2196 dioecesim

70 2221 72 2224 ’
166 2238 376 2291 tantum
427 2228 798 2313 mixtaeque
841 2229 1314 2314 quodammodo
1360 2255 1509 2296 cum
1554 2234 1799 2319 reliqua
1833 2234 2301 2304 Tarraconensi
2339 2237 2455 2301 ad-

165 2335 626 2402 ministrationis
695 2337 900 2402 fuisse
969 2339 1442 2416 existimemus,
1510 2342 1722 2406 facere
1788 2353 1959 2408 certe
2024 2344 2201 2409 nullo
2262 2346 2457 2412 modo

67 2516 70 2524 ,
164 2445 538 2510 debebimus.

66 2637 69 2642 ff
307 2555 560 2635 Quare,
629 2577 776 2619 cum
837 2565 900 2618 et
949 2553 1283 2620 Asturiam
1341 2566 1403 2620 et
1455 2555 1828 2622 Numidiam
1885 2581 2034 2624 cum
2090 2558 2456 2626 Germaniis

66 2656 74 2738 J
165 2664 488 2745 comparari
533 2685 664 2727 non
703 2685 894 2748 posse
933 2663 1425 2740 ostenderimus,
1467 2687 1741 2748 cumque
1770 2666 2036 2749 reliqua,
2076 2689 2241 2751 quae
2266 2668 2457 2734 allata

66 2839 68 2844 ,
165 2783 307 2848 sunt,
353 2795 503 2836 cum
549 2793 726 2834 more
764 2771 1056 2836 Romano
1101 2772 1204 2836 vel
1251 2795 1398 2835 cum
1443 2772 1775 2837 titulorum
1823 2774 2289 2839 consuetudine
2332 2799 2456 2860 pu-

169 2901 336 2964 gnare
381 2879 824 2954 docuerimus,
870 2888 1142 2954 maneat,
1189 2879 1365 2965 quod
1411 2902 1609 2963 supra
1652 2881 1895 2952 dictum
1936 2892 2053 2958 est,
2096 2903 2246 2946 cum
2284 2880 2453 2948 Ger-

165 2988 422 3052 manicus
471 2985 718 3052 Caesar
757 3009 838 3051 ex
880 2986 1113 3053 Galliis
1155 2997 1599 3065 revocaretur,
1655 3012 1692 3053 a
1731 2988 2026 3066 Tiberio,
2083 3012 2163 3053 ne
2207 2990 2320 3054 uni
2365 3001 2457 3054 tot

165 3096 524 3180 populorum
568 3095 858 3181 regimen
903 3096 1298 3160 committere
1343 3106 1703 3182 cogeretur,
1753 3096 2249 3163 Germaniarum
2292 3097 2456 3165 duas

162 3203 500 3285 provincias
545 3224 688 3268 esse
731 3203 1078 3279 institutas,
1123 3203 1537 3288 inferiorique
1584 3205 1955 3290 impositum
2001 3202 2077 3269 C.
2115 3204 2459 3270 Visellium

160 3309 527 3389 Varronem,
579 3311 897 3397 'superiori
937 3309 1015 3374 G.
1057 3309 1287 3376 Silium
1305 3336 1323 3388 ;
1386 3311 1561 3378 hunc
1602 3312 1836 3377 deinde
1878 3309 2111 3377 Silium
2164 3335 2332 3378 anno
2376 3314 2456 3380 24

162 3441 226 3482 ex
259 3420 594 3504 provincia
636 3430 1008 3486 revocatum
1053 3418 1527 3503 maiestatisque
1570 3420 2063 3486 condemnatum
2102 3421 2461 3486 voluntaria

164 3539 337 3592 morte
381 3529 621 3594 obisse.
705 3528 812 3592 De
855 3526 1121 3592 Visellio
1165 3526 1452 3593 Varrone
1500 3528 1811 3612 quamdiu
1855 3527 2225 3613 provinciae
2271 3551 2458 3613 prae-

163 3635 348 3714 fuerit,
397 3638 560 3702 nihil
601 3636 904 3712 traditur3
955 3659 1103 3700 nam
1147 3634 1321 3720 quod
1368 3635 1524 3700 Tac.
1563 3635 1803 3700 Annal.
1845 3634 1965 3711 1V,
2012 3635 2084 3699 19
2128 3632 2204 3700 C.
2241 3634 2458 3700 Visel-

164 3743 297 3808 lium
322 3745 704 3822 Varronem,
743 3767 873 3809 cos.
915 3743 1067 3806 anni
1091 3743 1192 3818 24,
1236 3754 1451 3808 narrat
1489 3754 1787 3828 paternas
1829 3741 2195 3808 inimicitias
2233 3742 2459 3807 obten-

165 3849 397 3918 dentem
450 3850 528 3917 C.
571 3850 734 3917 Silio
781 3852 950 3916 diem
995 3850 1269 3926 dixisse,
1317 3851 1593 3917 dubium
1636 3861 1766 3927 cst,
1828 3872 1984 3914 num
2024 3859 2301 3934 patrem,
2348 3850 2461 3933 qui

168 3960 532 4027 Germaniae
581 3959 868 4026 inferiori
923 3960 1320 4045 praefuerat,
1386 3970 1543 4024 tunc
1607 3957 2044 4044 supervixisse
2108 3955 2458 4042 significet-,3

171 4069 438 4151 equidem
479 4068 670 4155 paulo
710 4079 854 4134 ante
896 4067 962 4130 in
1000 4067 1144 4151 ipsa
1177 4065 1509 4151 provincia
1539 4065 1899 4132 decessisse
1934 4064 2248 4130 existimo.
2328 4063 2461 4128 Ne-

171 4197 274 4258 que
323 4177 488 4242 illud
541 4186 872 4252 narratur,
927 4175 1074 4260 quis
1135 4173 1194 4238 ei
1251 4172 1667 4250 successerit,
1720 4172 1843 4238 sed
1896 4195 2027 4238 non
2070 4172 2273 4236 multo
2315 4179 2464 4256 post

173 4305 314 4348 anno
353 4284 434 4350 28
497 4308 556 4369 p.
599 4280 754 4348 Chr.
807 4283 874 4348 in
929 4281 1288 4348 Frisiorum
1351 4279 1664 4346 seditione
1722 4302 1762 4344 a
1800 4277 1956 4344 Tac.
2005 4281 2174 4342 Ann.
2216 4277 2336 4353 IV,
2378 4277 2456 4342 71

177 4403 685 4458 commemoratur
712 4391 793 4456 L.
818 4389 1172 4476 Apronius,
1200 4387 1586 4456 Germaniae
1614 4385 1935 4452 inferioris
1960 4387 2239 4471 legatus,
2267 4383 2462 4460 idem,
