2917 5017
807 335 888 384 De
929 332 1102 384 Gallia
1136 336 1488 386 Romanorum
1535 337 1810 402 provincia.
2382 339 2464 404 87

177 507 431 566 iussisset.
514 498 711 581 Quod
751 498 914 563 illud
959 508 1056 562 est
1095 496 1483 562 beneficium
1525 499 1749 584 populi
1786 501 2088 580 Romani,
2142 505 2321 589 quod
2364 527 2467 570 ὃς..

177 619 426 676 menstre
470 607 844 693 imperium,
889 606 1065 690 quod
1111 616 1400 691 ereptum
1449 606 1573 671 sibi
1618 629 1761 674 esse
1806 610 1937 674 ait?
2016 611 2237 677 Huius
2280 614 2465 700 origo

177 742 242 784 ex
289 718 390 782 illo
447 728 732 801 tempore
779 714 1129 800 repetenda
1169 723 1301 790 est,
1358 735 1489 798 quo
1534 711 1657 778 Cn.
1691 715 2004 804 Pompeio
2042 720 2219 804 quod
2262 721 2465 807 impe-

173 827 318 890 rium
354 826 500 910 lege
535 823 860 889 Trebonia
899 831 1255 907 acceperat,
1299 833 1719 908 prorogatum
1762 836 1877 890 est.
1951 829 2053 894 Ita
2085 851 2235 895 oum
2268 829 2465 894 Pom-

171 934 279 1020 peii
315 942 591 1018 potestas
636 931 894 1016 longius
939 929 1424 1006 extenderetur,
1469 954 1661 1015 quam
1706 955 1811 1011 ea,
1865 957 2059 1020 quam
2098 937 2241 1022 ipse
2280 936 2465 1002 habi-

167 1055 330 1107 turus
371 1050 535 1116 erat,
583 1036 827 1104 Caesar
864 1037 1144 1113 veritus,
1187 1059 1268 1100 ne
1308 1038 1601 1122 privatus
1644 1040 2053 1106 inimicorum
2094 1041 2261 1106 odiis
2303 1041 2465 1106 obii·-

168 1161 424 1221 oeretur,
469 1169 618 1212 eum
665 1145 942 1211 tribunis
979 1144 1188 1230 plebis
1229 1146 1396 1231 egit,
1454 1158 1529 1211 ut
1570 1148 1617 1211 ii
1660 1147 2071 1233 plebiscitum
2118 1149 2464 1227 efficerent,

166 1280 274 1341 quo
327 1255 448 1320 sibi
509 1254 761 1320 absenti
817 1253 1222 1320 consulatum
1277 1265 1491 1338 petere
1550 1257 2041 1340 permitteretur.
2129 1259 2235 1324 De
2280 1282 2357 1326 ea
2395 1282 2465 1324 re

166 1365 243 1430 sie
279 1376 491 1428 narrat
532 1361 882 1430 Suetonius
926 1358 1116 1426 Caes.
1161 1385 1217 1426 o.
1262 1362 1342 1428 26
1389 1367 1516 1442 egit
1560 1385 1701 1424 cum
1746 1366 2012 1429 tribunis
2046 1367 2241 1447 plebis
2288 1372 2464 1430 colte-

158 1497 285 1554 gam
320 1495 380 1534 se
423 1475 710 1552 Pompeio
753 1471 1220 1547 destinantibus,
1267 1473 1338 1533 id
1365 1474 1577 1551 potius
1616 1472 1705 1534 ad
1730 1477 2033 1552 populum
2058 1479 2343 1556 ferrent,
2394 1486 2467 1538 ut

164 1582 375 1644 absenti
421 1580 544 1642 sibi
554 1629 567 1652 ,
627 1580 988 1658 quandoque
1031 1581 1282 1658 imperii
1325 1587 1562 1658 tempus
1604 1583 1844 1659 expleri
1881 1585 2193 1662 coepisset,
2244 1588 2464 1664 petitio

164 1691 391 1750 secundi
423 1691 784 1751 consulatus
822 1688 1080 1749 daretur
1095 1731 1112 1760 ,
1169 1709 1247 1748 ne
1295 1709 1370 1748 ea
1409 1709 1603 1749 eausa
1646 1691 1959 1749 maturius
1998 1697 2061 1750 et
2100 1691 2463 1771 imperfecto

165 1799 342 1860 adhuc
384 1797 542 1858 bello
583 1798 904 1870 decederet,
953 1803 1016 1858 et
1055 1791 1188 1856 Dio
1226 1793 1382 1868 XL,
1429 1794 1541 1858 51:
1612 1795 2038 1877 παρεσκεύασε
2084 1796 2463 1879 (Πομπήϊος)

165 1905 246 1966 διὰ
291 1908 402 1965 τῶν
464 1904 804 1986 δημάρχων
863 1902 1262 1984 ἐπιτραπῆναι
1314 1903 1416 1965 καὶ
1471 1901 1683 1964 ἀπόντι
1734 1902 1841 1985 τὴν
1901 1903 2136 1986 ἀρχὴν,
2204 1904 2345 1966 ὅταν
2394 1905 2463 1968 ἐκ

163 2017 260 2074 τῶν
301 2011 506 2094 νόμων
555 2011 822 2092 καθήκῃ,
871 2010 1132 2090 αἰτῆσαι,
1179 2018 1244 2072 61
1270 2008 1549 2092 denique
1574 2008 1713 2093 ipse
1742 2006 1971 2074 Cioero
1997 2010 2081 2074 ad
2112 2010 2249 2074 Att.
2271 2008 2461 2090 VIII,

161 2119 220 2196 3,
259 2119 325 2182 3:
397 2121 562 2182 idem
623 2116 1033 2201 (Pompeius)
1093 2120 1280 2178 etiam
1341 2120 1522 2178 tertio
1578 2121 1908 2180 consulatu
1958 2127 2284 2200 postquam
2344 2143 2465 2184 esse

64 2215 66 2282 ἷ
158 2230 416 2308 defensor
451 2227 830 2308 reipublicae
863 2229 1076 2305 coepit,
1119 2227 1452 2300 contendit,
1493 2234 1567 2286 ut
1600 2227 1797 2288 decem
1825 2225 2067 2288 tribuni
2083 2231 2171 2308 pt.
2184 2231 2463 2312 ferrent,

159 2347 218 2398 ut
265 2337 524 2400 absentis
583 2339 750 2398 ratio
805 2334 1148 2396 haberetur.
1256 2332 1334 2396 In
1384 2355 1515 2417 quo
1568 2331 1906 2417 plebiscito
1966 2333 2098 2398 duo
2146 2333 2461 2421 imprimis

161 2442 706 2508 animadvertenda
763 2451 932 2505 sunt.
1025 2439 1174 2522 Quo
1217 2441 1495 2526 primum
1542 2462 1675 2504 non
1718 2440 1840 2505 hoo
1888 2441 2325 2518 sanciebatur,
2389 2457 2462 2509 ut

161 2551 528 2636 quibuslibet
586 2549 860 2616 comitiis
904 2546 1201 2614 Caesaris
1255 2548 1418 2612 ratio
1478 2547 1840 2614 haberetur.
1915 2546 2097 2630 Quid
2142 2551 2310 2614 enim
2352 2553 2460 2618 ille

165 2659 405 2745 agebat?
463 2659 640 2734 Hoc,
681 2657 928 2742 opinor,
971 2668 1044 2719 ut
1084 2656 1332 2721 tamdiu
1367 2657 1637 2723 haberet
1662 2657 2007 2743 imperium
2038 2680 2232 2741 quam
2260 2660 2457 2726 Pom·-

170 2769 343 2851 peius,
401 2767 518 2852 qui
575 2767 631 2832 si
681 2764 958 2831 habebat
1015 2787 1221 2849 usque
1277 2765 1369 2850 ‘ad
1421 2761 1563 2829 Cal.
1600 2766 1739 2830 Ian.
1795 2764 1947 2829 anni
1987 2766 2088 2840 47,
2146 2777 2221 2830 ut
2274 2768 2459 2833 nobis

179 2874 454 2958 probabile
513 2874 808 2950 videtur,
865 2872 1326 2958 postulandum
1383 2874 1441 2938 ei
1498 2883 1661 2950 erat,
1722 2885 1795 2936 ut
1846 2873 1997 2938 anni
2044 2874 2124 2939 49
2183 2875 2459 2942 comitiis

173 2983 586 3048 consularibus
639 2982 738 3046 sui
776 2981 934 3044 ratio
977 2979 1355 3046 habereturz
1417 2981 1513 3046 sie
1556 2978 1917 3046 Galliarum
1956 2981 2299 3068 imperium
2344 2983 2459 3050 ha-

167 3086 380 3156 biturus
418 3101 560 3156 erat
592 3111 800 3175 usque
825 3089 910 3154 ad
938 3089 1215 3165 comitia,
1255 3089 1491 3154 deinde
1517 3091 1776 3154 futurus
1806 3089 2185 3176 designatus
2213 3092 2458 3170 consul,

163 3207 276 3262 tum
309 3199 536 3264 consul
573 3219 782 3282 usque
805 3197 889 3262 ad
911 3197 1086 3261 idem
1110 3207 1386 3282 tempus,
1426 3219 1557 3282 quo
1581 3196 1931 3284 Pompeius
1954 3199 2321 3283 provincias
2344 3200 2460 3264 de-

161 3305 456 3390 positurus
505 3317 664 3372 erat.
730 3307 956 3390 Itaque
993 3328 1158 3390 quae
1198 3305 1374 3391 apud
1403 3302 1745 3372 Caesarem
1783 3305 1932 3372 bell.
1977 3307 2100 3372 oiv.
2122 3308 2177 3384 I,
2205 3308 2244 3372 9
2287 3329 2458 3374 oom-

161 3426 568 3480 memorantur
613 3415 906 3498 proxima
939 3413 1216 3492 comitia,
1261 3413 1413 3498 quia
1447 3435 1615 3478 anno
1653 3413 1751 3498 49·
1770 3415 2033 3481 ineunte
2074 3437 2459 3482 commemo-

163 3536 353 3588 rantur
379 3545 592 3607 neque
623 3522 706 3590 ad
737 3522 1049 3608 proxima,
1083 3545 1248 3606 quae
1281 3532 1767 3588 antecesserunt
1795 3523 2070 3600 comitia,
2106 3523 2190 3587 de
2219 3521 2457 3606 quibus

167 3627 479 3698 Caesarem
529 3654 656 3696 non
696 3630 1025 3698 laborasse
1071 3639 1350 3706 constat,
1403 3630 1631 3694 referri
1672 3640 1978 3715 possunt,
2042 3650 2307 3694 11666666
2361 3641 2461 3694 661

172 3737 578 3826 intelligantur
629 3739 920 3825 proxima
974 3738 1408 3823 insequentia,
1474 3760 1636 3822 quae
1680 3760 1850 3802 anno
1893 3737 1972 3802 49
2016 3738 2238 3804 futura
2280 3748 2460 3803 erant

169 3848 474 3912 consulum
529 3847 680 3912 anni
721 3847 819 3913 48.
906 3847 1132 3932 Itaque
1181 3847 1324 3933 ipso
1374 3846 1444 3912 in
1498 3845 1835 3933 plebiscito
1891 3845 2095 3912 fuisse
2141 3845 2457 3924 existimo,

165 3955 312 4035 quod
350 3955 484 4020 Dio
529 3953 720 4020 habet
768 3956 910 4018 ὅταν
960 3957 1027 4019 ἐκ
1072 3961 1190 4018 τῶν
1238 3953 1443 4038 νόμων
1489 3955 1769 4038 καθήκῃ,
1814 3953 2075 4039 quando
2122 3975 2235 4039 per
2276 3954 2457 4040 leges

165 4060 403 4126 alterum
459 4063 518 4126 ei
578 4064 982 4131 consulatum
1039 4085 1264 4150 gerere
1312 4061 1537 4128 liceret
1588 4061 1631 4126 i.
1677 4085 1733 4128 e.
1788 4063 2017 4129 decem
2070 4061 2255 4128 annis
2314 4072 2461 4147 post

167 4169 432 4252 primum,
477 4172 590 4258 qui
633 4171 782 4236 anni
820 4171 945 4258 ipsi
971 4193 1140 4236 anno
1166 4171 1245 4236 49
1276 4169 1719 4258 explebantur,
1763 4184 1900 4236 tum
1926 4181 1999 4235 ut
2021 4166 2317 4236 Caesaris
2343 4167 2457 4234 ab·

169 4279 341 4344 sentis
377 4281 538 4345 ratio
574 4279 936 4344 haberetur.
999 4278 1294 4346 Alterum
1329 4278 1501 4344 enim
1531 4291 1649 4358 est,
1686 4278 1862 4364 quod
1888 4274 2187 4343 Caesaris
2216 4275 2317 4342 sui
2340 4275 2457 4342 ab·

173 4386 343 4452 sentis
379 4387 688 4455 rationem
728 4387 951 4454 haberi
994 4385 1270 4466 volebat,
1309 4387 1376 4452 in
1419 4409 1550 4473 quo
1580 4409 1708 4453 non
1735 4387 1859 4452 hoo
1883 4395 2131 4450 tantum
2152 4383 2341 4462 inest,
2372 4395 2459 4462 ,ut
