2917 5017
733 354 816 404 De
851 352 1228 419 propagatione
1264 352 1482 401 civitatis
1516 352 1797 401 Romanae.
2288 348 2411 414 343

85 530 308 585 cetera
345 519 486 585 eius
531 503 984 583 dominationis
1025 513 1411 578 documenta
1441 512 1565 577 hoc
1598 513 1814 579 affert:
1866 516 2129 580 Ciuitate
2152 517 2415 579 donatos

91 638 152 690 et
206 630 506 710 quosdam
563 650 594 689 e
653 623 1080 687 semibarbaris
1136 623 1460 685 Gallorum
1520 626 1749 702 recepit
1795 626 1863 685 in
1908 626 2171 701 curiam,
2221 647 2415 709 quem

95 736 320 799 locum
383 734 508 799 nisi
569 732 684 817 qui
739 728 1074 815 cogitabit,
1129 728 1183 793 si
1231 727 1342 812 qui
1403 728 1727 813 peregrini
1788 729 2041 795 civitate
2097 729 2414 797 donaren-

93 858 218 918 tur,
273 843 358 908 iis
411 843 515 907 ius
575 841 890 905 honorum
944 837 1142 902 tribui
1199 858 1328 901 non
1385 836 1821 913 censuevisse,
1880 837 2239 924 intelligere
2284 862 2413 905 non

93 952 350 1035 poterit.
412 948 604 1013 Nunc
643 944 986 1013 Caesarem
1027 944 1322 1009 videmus
1363 966 1438 1009 eo
1475 945 1543 1007 in
1584 966 1826 1010 morem
1857 944 2221 1013 Romanum
2261 970 2413 1034 pee-

95 1080 304 1134 casse,
345 1058 518 1143 quod
565 1079 710 1121 cum
759 1055 938 1129 alios,
984 1050 1271 1117 Graecos
1318 1052 1545 1138 opinor
1580 1064 1645 1117 et
1680 1051 2032 1139 Hispanos,
2071 1068 2207 1121 tum
2256 1055 2415 1123 Gal-

91 1166 308 1229 lorum
361 1166 704 1251 principes,
760 1162 954 1227 simul
1011 1171 1076 1224 et
1125 1159 1300 1225 cives
1351 1161 1679 1225 Romanos
1738 1172 1804 1227 et
1862 1174 2187 1229 senatores
2242 1166 2415 1231 fecit.

93 1273 272 1337 Hinc
315 1273 483 1337 illud
527 1269 860 1337 Ciceronis
903 1270 1150 1335 dictum
1193 1268 1420 1344 extitit,
1461 1269 1633 1353 quod
1682 1271 1957 1335 refertur
1998 1270 2079 1335 ab
2124 1272 2413 1339 Macrob.

95 1378 362 1445 Saturn.
403 1382 494 1457 ΙΙ,
550 1380 588 1444 3
645 1390 708 1445 et
760 1380 892 1457 illa,
935 1402 1100 1465 quae
1153 1376 1506 1443 Suetonius
1564 1399 1620 1442 c.
1658 1379 1741 1444 80
1784 1390 2019 1455 narrat,
2072 1380 2155 1445 de
2198 1380 2416 1446 libello

94 1489 446 1574 proposit0‚
509 1510 590 1553 ne
647 1488 792 1572 quis
843 1510 1014 1554 novo
1071 1485 1348 1552 senatori
1409 1485 1655 1551 curiam
1698 1497 2053 1552 monstrare
2099 1487 2311 1564 vellet,
2354 1497 2418 1553 et

97 1619 378 1673 carmen,
419 1598 615 1694 ⁸quod
673 1597 874 1682 vulgo
932 1596 1014 1660 de
1076 1592 1286 1659 Gallis
1345 1593 1681 1669 braccatis,
1736 1593 1849 1677 qui
1899 1594 2101 1661 latum
2162 1596 2418 1661 clavum

97 1705 546 1789 sumpsissent,
608 1705 972 1771 canebatur.
1063 1700 1168 1768 Cf.
1221 1702 1420 1767 Dion.
1470 1702 1697 1780 XLII,
1758 1702 1833 1766 51
1891 1713 1955 1767 ct
2004 1703 2279 1781 XLIII,
2334 1704 2413 1771 27

99 1826 156 1877 et
215 1814 320 1879 47.
408 1815 628 1898 Atque
689 1836 861 1879 unus
909 1810 1232 1879 eiusmodi
1290 1821 1547 1875 senator
1601 1810 1967 1875 nominatur
2020 1811 2101 1877 ab
2154 1822 2415 1879 auctore

100 1920 240 1987 bell.
276 1922 488 1987 Afric.
529 1944 584 1987 c.
615 1921 716 1998 28,
761 1920 976 1987 Titius
1022 1920 1307 2005 quidam,
1349 1918 1689 2005 Hispanus
1727 1919 2003 1997 natione,
2047 1922 2161 2006 qui
2204 1922 2258 1987 si
2298 1944 2417 1987 no-

103 2054 242 2095 men
295 2039 474 2095 recte
519 2030 782 2116 legitur,
838 2029 1162 2095 civitatem
1204 2040 1418 2095 tamen
1456 2028 1665 2113 ipsam
1708 2029 1837 2093 iam
1880 2040 2027 2094 ante
2070 2026 2417 2097 Caesarem

101 2138 356 2203 videtur
397 2160 540 2205 esse
585 2150 992 2203 consecutus.
1075 2136 1471 2224 Singillatim
1519 2137 1723 2223 igitur
1760 2137 1817 2202 si
1858 2160 2051 2223 quem
2095 2140 2201 2205 vel
2242 2138 2417 2204 divi-

104 2246 202 2311 tiis
242 2246 353 2312 vel
395 2246 632 2313 virtute
689 2246 920 2312 bellica
959 2247 1284 2333 insignem
1325 2266 1406 2309 ex
1458 2246 1965 2332 provincialibus
2012 2248 2419 2312 animadver-

103 2354 300 2431 tisset,
345 2355 406 2419 ei
451 2378 566 2441 pro
613 2366 925 2441 potestate
967 2354 1088 2421 sibi
1135 2352 1394 2440 legibus
1434 2354 1751 2439 permissa
1794 2356 2175 2421 senatoriam
2202 2355 2419 2441 digni-

103 2474 287 2529 tatem
329 2474 395 2527 et
435 2463 712 2529 honores
745 2463 1076 2541 tribuerat,
1119 2462 1444 2528 universis
1486 2462 1857 2529 civitatibus
1882 2476 2137 2550 praeter
2175 2464 2419 2529 Trans-

103 2572 388 2657 padanos
430 2594 558 2637 non
601 2572 935 2638 tribuerat.
1019 2572 1276 2637 Horum
1327 2582 1545 2637 autem
1584 2570 2197 2658 Transpadanorum
2246 2573 2423 2657 (utor

105 2681 264 2745 enim
329 2703 408 2745 eo
466 2681 722 2745 nomine
779 2681 863 2747 ad
919 2682 1246 2765 regionem
1291 2679 1813 2766 significandam)
1872 2692 2018 2747 ante
2076 2676 2420 2745 Caesarem

112 2789 232 2853 duo
276 2791 536 2855 fuerant
579 2812 836 2875 genera,
879 2812 1084 2855 unum
1129 2810 1368 2865 eorum,
1421 2789 1533 2872 qui
1586 2810 1669 2853 ex
1714 2789 1967 2874 oppidis
2011 2789 2265 2855 Latinis
2310 2799 2423 2853 aut

111 2898 290 2964 sociis
341 2911 542 2974 erant,
585 2899 698 2981 qui
738 2920 886 2962 cum
919 2898 1024 2961 vel
1059 2895 1544 2983 magistratibus
1587 2896 1889 2982 gerendis
1928 2897 2034 2961 vel
2068 2895 2420 2974 nobilitate,

109 3005 364 3083 divitiis,
408 3006 550 3071 aliis
598 3005 948 3072 virtutibus
1001 3005 1326 3071 civitatem
1372 3003 1729 3070 Romanam
1770 3004 1987 3089 adepti
2028 3016 2264 3082 essent,
2311 3026 2421 3069 eo-

111 3113 245 3181 dem
287 3116 434 3181 iure
479 3136 624 3181 esse
669 3112 1012 3190 debebant,
1055 3135 1184 3197 quo
1229 3114 1340 3198 qui
1385 3135 1466 3177 ex
1508 3112 1839 3181 veteribus
1869 3112 2137 3179 coloniis
2165 3113 2421 3181 Latinis

110 3235 242 3291 ante
293 3224 510 3308 legem
549 3222 784 3287 Iuliam
829 3222 914 3295 ad
959 3222 1280 3287 civitatem
1322 3234 1765 3307 pervenerant,
1810 3222 1893 3287 de
1945 3221 2184 3307 quibus
2228 3223 2421 3308 paulo

65 3366 67 3368 ·
109 3342 244 3416 post
297 3330 798 3417 disputabimus.
883 3330 1183 3396 Alterum
1232 3352 1442 3416 genus
1498 3341 1636 3397 erat
1688 3354 1771 3397 ex
1812 3332 2215 3417 municipiis,
2260 3354 2423 3417 quae

109 3431 240 3522 lege
288 3440 464 3507 Iulia
515 3440 688 3503 facta
727 3449 924 3515 erant,
967 3460 1132 3523 quos
1182 3460 1312 3503 non
1357 3439 1573 3505 minus
1618 3461 1810 3524 quam
1853 3439 2103 3525 reliqua
2144 3442 2421 3507 munici-

113 3549 222 3633 pia,
280 3570 454 3634 quae
500 3570 582 3613 ex
637 3546 905 3613 coloniis
960 3546 1213 3613 Latinis
1277 3547 1380 3612 vel
1441 3546 1585 3613 aliis
1638 3548 1961 3613 sociorum
2016 3550 2271 3636 oppidis
2328 3550 2421 3615 cis

117 3656 358 3723 Padum
389 3656 746 3733 extiterant,
781 3656 1023 3742 optima
1059 3656 1339 3733 civitate,
1381 3668 1456 3720 ut
1480 3656 1566 3719 ad
1600 3655 1875 3721 honores
1920 3667 1985 3722 et
2021 3657 2091 3723 in
2128 3670 2422 3724 senatum

120 3766 614 3843 admitterentur,
651 3787 808 3831 usos
853 3788 996 3831 esse
1037 3775 1103 3831 et
1146 3787 1226 3829 ex
1267 3764 1350 3830 iis
1393 3786 1561 3849 quae
1605 3764 1911 3843 diximus,
1957 3764 2284 3851 probabile
2322 3775 2423 3831 est

119 3886 170 3937 et
225 3875 398 3941 infra
457 3872 756 3959 pluribus
815 3896 1230 3959 exponemus.
1323 3872 1378 3937 N
1387 3894 1517 3939 unc
1579 3873 1703 3939 hoc
1759 3874 2033 3939 maxime
2094 3874 2423 3959 agendum

120 3994 218 4059 est,
259 3994 338 4048 ut
380 4003 546 4067 quae
586 3982 866 4047 rationes
909 3992 1056 4047 ante
1098 3983 1313 4067 legem
1349 3980 1587 4047 Iuliam
1621 3980 1691 4045 in
1733 3980 1919 4047 Italia
1959 3982 2203 4048 fuerint
2232 3983 2422 4049 intel-

121 4088 400 4171 ligamus,
443 4113 526 4154 ex
569 4089 808 4174 quibus
847 4100 912 4153 et
951 4090 1164 4175 ipsum
1192 4090 1298 4156 ius
1325 4088 1643 4155 honorum
1668 4111 1861 4173 quam
1887 4100 2201 4168 naturam,
2230 4114 2423 4175 quam

124 4198 232 4264 vim
275 4199 592 4275 habuerit,
644 4198 1070 4285 perspicietur
1124 4209 1187 4265 et
1241 4198 1418 4283 quod
1464 4197 1727 4283 antiqua
1770 4210 1975 4265 aetate
2018 4222 2101 4265 ex
2136 4200 2423 4267 necessi-

127 4316 230 4371 tate
265 4330 464 4393 prope
501 4320 708 4374 ortum
747 4307 854 4383 sit,
905 4329 1052 4374 cum
1090 4306 1454 4373 incredibili
1498 4306 1855 4373 constantia
1890 4307 1974 4373 ad
2012 4320 2257 4375 remota
2298 4308 2421 4373 im-

130 4430 478 4496 peratorum
525 4427 814 4503 tempora
859 4426 1310 4481 conservatum
1351 4436 1497 4481 esse
1540 4414 1892 4501 apparebit.
