2917 5017
502 314 585 379 82
1160 316 1243 365 De
1281 313 1455 365 Gallia
1493 316 1842 365 Romanorum
1881 315 2156 379 provincia.

500 479 579 543 iis
640 477 968 554 convenit,
1036 500 1201 562 quae
1268 477 1351 541 de
1410 476 1682 561 imperio
1743 474 2042 560 adempto
2099 486 2442 543 narrantur.
2545 477 2763 541 Etenim
2829 514 2831 517 ⁴

500 588 841 672 Appianus
886 587 1033 652 bell.
1070 587 1191 649 civ.
1228 571 1337 659 11‚'
1364 584 1467 660 28,
1511 584 1623 668 qui
1663 584 1847 647 initia
1891 583 2042 648 belli
2089 584 2296 648 civilis
2337 574 2766 651 accuratissime
2829 596 2831 599 ⁴

502 692 798 780 exponit,
859 692 995 759 Cn.⁴
1025 693 1408 778 Pompeium
1471 703 1688 758 narrat
1742 715 1889 757 cum
1949 712 2116 758 anno
2166 692 2246 757 50
2301 693 2380 755 de
2443 714 2767 757 successore
2829 721 2831 731 ·

502 799 767 867 Caesari
818 802 1129 866 mittendo
1181 814 1517 886 ageretur,
1578 800 1814 885 callide
1871 802 1960 864 ita
2001 801 2083 863 ad
2135 811 2417 864 senatum
2455 799 2768 885 scripsisse,

500 922 573 973 ut
624 908 887 975 Caesari
906 957 923 986 ,
988 910 1174 995 quasi
1226 930 1307 971 ne
1355 908 1537 972 finito
1577 909 1836 992 quidem
1879 908 2131 994 imperii
2177 920 2456 993 tempore
2497 908 2768 971 decedere

500 1018 721 1095 vellet,
788 1018 1035 1084 crimini
1092 1018 1275 1081 daret
1330 1020 1397 1101 (ἢ
1460 1018 1568 1102 μὲν
1621 1018 1694 1099 δὴ
1753 1017 1936 1101 τέχνη
1970 1022 2112 1080 ,τῶν
2171 1011 2589 1101 γεγραμμένων
2638 1001 2768 1099 εἶχεν

500 1126 865 1209 εὐπρέπειάν
906 1150 973 1189 τε
1014 1132 1102 1211 τῷ
1150 1126 1453 1210 Πομπηΐῳ
1497 1126 1597 1188 καὶ
1643 1124 1940 1209 ἐρέθισμα
1980 1125 2134 1187 κατὰ
2177 1131 2282 1187 τοῦ
2329 1122 2641 1205 Καίσαρος,
2685 1123 2772 1183 οὐκ

500 1234 899 1302 ἀποδιδόντος
936 1237 1041 1318 τὴν
1090 1236 1285 1318 ἀρχὴν
1334 1233 1468 1295 οὐδ’
1515 1232 1576 1293 ἐν
1617 1230 1706 1317 τῷ
1751 1232 2172 1316 νενομισμένῳ
2214 1230 2480 1316 χρόνῳ),
2535 1230 2772 1312 itemque

498 1340 631 1405 Dio
660 1340 817 1416 XL,
847 1341 950 1418 59,
993 1341 1196 1405 de'iis
1232 1363 1398 1424 quae
1436 1362 1606 1405 anno
1638 1338 1709 1405 51
1755 1349 1896 1404 acta
1934 1350 2105 1415 sunt,
2145 1340 2407 1403 tradens
2439 1338 2773 1422 Pompeium

500 1449 623 1514 hoc
664 1450 1077 1514 constituisse
1118 1450 1237 1524 ait,
1278 1443 1360 1511 ut¹
1394 1446 1658 1512 Caesari
1703 1470 1850 1511 cum
1893 1448 2146 1533 imperii
2190 1448 2330 1510 dies
2374 1446 2602 1509 exisset
2641 1446 2774 1524 (exi-

500 1567 717 1621 turum
782 1567 997 1621 autem
1060 1555 1264 1620 fuisse
1326 1578 1492 1620 anno
1554 1555 1951 1639 insequenti)
2023 1576 2364 1619 successor
2431 1554 2774 1617 mitteretur:

488 1662 791 1749 Ἔπραττε
849 1666 903 1726 δ’
966 1664 1134 1746 ὅμως
1186 1664 1564 1748 (Πομπήϊος)
1614 1664 1755 1726 ὅταν
1799 1667 1900 1727 τὸν
1949 1664 2284 1747 δεδομένον
2333 1666 2390 1724 οἱ
2432 1662 2636 1747 χρόνον
2679 1664 2776 1724 δια·
2829 1728 2831 1733 ,

498 1774 700 1857 πράξῃ
758 1776 963 1851 (τοῦτο
1018 1774 1088 1835 δὲ
1145 1773 1256 1836 οὐκ
1310 1774 1373 1841 ἐς
1426 1772 1692 1857 μακρὰν,
1753 1771 1890 1834 ἀλλ’
1942 1771 2127 1839 εὐθὺς
2173 1772 2236 1834 ἐν
2287 1778 2376 1855 τῷ
2425 1770 2635 1855 ὑστέρῳ
2680 1769 2783 1833 ἔτει
2829 1842 2831 1849 Ι

498 1880 865 1963 γενήσεσθαι
922 1880 1175 1964 ἔμελλε)
1228 1882 1301 1943 τά
1343 1904 1407 1942 τε
1456 1880 1618 1943 ἄλλα
1662 1882 1998 1963 κατάθηται
2045 1881 2146 1941 καὶ
2196 1878 2562 1941 ἰδιωτεόσων
2603 1878 2781 1939 οἴκαδε

500 1988 834 2070 ἐπανέλθῃ.
919 1987 1107 2068 Quae
1149 1985 1347 2051 verba
1388 1990 1480 2067 (ἐν
1525 1994 1613 2071 τῷ
1657 1987 1890 2071 ὑστέρῳ
1939 1986 2088 2067 ἔτει)
2137 1986 2246 2069 qui
2289 1994 2572 2051 accurate
2609 1984 2784 2046 inter·

502 2093 887 2179 pretabitur,
943 2107 1007 2158 et
1063 2096 1227 2180 legis
1285 2095 1644 2159 consularis
1697 2094 1954 2159 initium
1997 2118 2036 2159 a
2073 2093 2214 2159 Cal.
2256 2092 2512 2159 Martiis
2551 2092 2685 2155 anni
2720 2091 2781 2153 54
2829 2108 2831 2115 ²

497 2202 699 2288 repeti
738 2224 866 2266 non
904 2225 1097 2289 posse
1139 2204 1454 2288 intelliget
1489 2226 1697 2287 neque
1736 2202 2078 2279 dubitabit,
2117 2201 2274 2285 quin
2312 2202 2478 2265 falsa
2513 2200 2593 2264 sit
2627 2200 2782 2262 etiam
2829 2232 2831 2279 j

498 2310 699 2375 altera
754 2310 864 2374 illa
918 2311 1166 2396 opinio,
1222 2334 1412 2395 quam
1459 2312 1883 2397 plurimorum
1938 2332 2080 2374 esse
2135 2310 2364 2386 videt),
2429 2310 2538 2393 qui
2589 2332 2625 2371 a
2674 2305 2782 2371 Cal.

496 2418 813 2482 Ianuariis
858 2418 1369 2502 quinquennium
1414 2419 1582 2503 legis
1625 2419 1980 2483 consularis
2034 2430 2094 2481 et
2137 2428 2441 2503 coeptum
2479 2430 2541 2483 et
2575 2418 2782 2480 finitum

498 2547 641 2591 esse
683 2534 939 2610 putant,
1002 2536 1077 2589 ut
1120 2524 1257 2590 Cal.
1299 2525 1435 2590 Ian.
1477 2527 1627 2589 anni
1669 2528 1750 2591 49
1795 2527 1903 2590 alii
1947 2526 2317 2611 proconsuli
2367 2526 2614 2591 Galliae
2653 2522 2784 2587 tradi
2829 2596 2831 2601 .

496 2632 876 2717 potuissent.
940 2629 1149 2697 Cuius
1189 2633 1509 2719 opinionis
1549 2633 1788 2697 nullam
1833 2635 2022 2699 aliam
2059 2634 2318 2698 invenio
2359 2656 2504 2699 esse
2547 2654 2784 2703 causam,

496 2762 685 2823 quam
738 2740 914 2824 quod
956 2742 1215 2806 omnino
1260 2739 1400 2806 Cal.
1445 2740 1762 2806 Ianuariis
1808 2742 2076 2827 imperia
2117 2742 2290 2804 finiri
2339 2741 2644 2807 debuisse
2681 2740 2782 2803 exi-

499 2848 775 2912 stimant.
848 2849 947 2913 Ac
990 2850 1288 2914 consules
1333 2872 1486 2915 sane
1525 2860 1588 2914 et
1623 2860 1950 2935 praetores
1985 2860 2048 2913 et
2080 2849 2323 2913 aediles
2359 2860 2424 2914 et
2452 2860 2784 2934 quaestores

496 2956 733 3040 quique
791 2957 898 3021 alii
950 2970 1199 3037 praeter
1246 2958 1542 3023 tribunos
1594 2958 1806 3043 plebis
1853 2969 2003 3022 sunt
2045 2958 2341 3043 perpetui
2389 2958 2577 3043 quasi
2614 2952 2785 3039 magi-

499 3073 769 3139 stratus,
828 3074 983 3129 tunc
1024 3062 1163 3129 Cal.
1199 3067 1335 3130 Ian.
1391 3064 1668 3141 inibant,
1729 3066 1844 3130 sed
1895 3067 2178 3149 reliquae
2223 3078 2607 3151 potestates,
2657 3082 2788 3147 quae

496 3171 578 3235 ad
640 3182 851 3235 certos
908 3194 1071 3236 usus
1130 3172 1402 3247 fiebant,
1467 3184 1541 3236 ut
1597 3171 1974 3249 dictatores,
2040 3173 2145 3237 ΙΙΙ
2203 3174 2324 3238 viri
2385 3161 2653 3259 agrarii,
2705 3168 2788 3234 alii

498 3291 857 3354 curatores,
901 3279 1079 3343 nulla
1116 3290 1290 3343 certa
1328 3280 1820 3363 magistratuum
1858 3282 2040 3346 initia
2073 3281 2421 3357 habebant,
2461 3279 2782 3368 provincias

496 3409 653 3451 vero
709 3387 865 3451 alias
914 3387 1057 3451 aliis
1112 3387 1511 3473 temporibus
1567 3410 1712 3452 esse
1775 3400 2029 3475 coeptas
2085 3390 2190 3453 vel
2245 3412 2325 3454 ex
2377 3392 2528 3476 lege
2571 3386 2789 3455 Vatinia

496 3505 767 3572 constat,
832 3517 959 3578 qua
1001 3516 1080 3559 ex
1124 3492 1264 3559 Cal.
1310 3496 1503 3561 Mart.
1549 3495 1632 3559 ad
1676 3493 1814 3561 Cal.
1855 3497 2124 3562 Martias
2161 3498 2418 3581 quintas
2467 3498 2788 3564 Galliarum

495 3604 835 3689 imperium
890 3600 1155 3669 Caesari
1211 3604 1435 3668 datum
1495 3626 1640 3670 esse
1694 3606 2000 3670 diximus.
2099 3604 2357 3687 Quodsi
2407 3607 2622 3692 aliquo
2669 3612 2790 3668 ante

497 3710 638 3776 Cal.
665 3712 802 3777 Ian.
846 3713 995 3775 anni
1030 3712 1109 3777 49
1162 3712 1268 3775 die
1308 3712 1648 3798 imperium
1691 3710 1991 3779 Caesaris
2030 3712 2186 3777 exiit
2223 3712 2376 3794 (hoc
2413 3718 2584 3780 enim
2620 3734 2791 3779 unum

496 3840 577 3883 ex
621 3818 829 3883 tribus
868 3840 1033 3902 quae
1068 3818 1406 3903 posuimus
1444 3820 1858 3906 relinquitur)
1895 3822 2250 3906 eodemque
2284 3834 2429 3887 ante
2463 3824 2790 3908 quinquen-

496 3927 710 4003 nium,
754 3926 930 4011 quod
976 3926 1083 3991 lex
1125 3926 1478 3991 consularis
1524 3928 1737 4005 dedit,
1781 3930 1886 3995 die
1929 3929 2082 3994 olim
2125 3942 2421 4017 coeptum
2470 3944 2598 4009 est,
2641 3929 2793 3994 nulla

498 4033 621 4099 alia
660 4033 815 4099 eius
876 4033 1007 4099 diei
1062 4056 1259 4100 causa
1313 4036 1548 4121 poterit
1603 4038 2013 4124 excogitari,
2051 4061 2245 4122 quam
2293 4040 2470 4123 quod
2529 4040 2670 4126 ipsa
2705 4038 2793 4101 lex

498 4141 854 4207 consularis
902 4164 978 4207 eo
1018 4143 1127 4207 die
1168 4144 1299 4209 lata
1344 4144 1457 4220 sit,
1517 4143 1584 4209 in
1625 4139 1754 4228 qua
1795 4146 1890 4210 sic
1927 4147 2120 4211 fuerit
2161 4148 2507 4234 scriptum,
2551 4160 2624 4213 ut
2662 4145 2792 4211 inde

496 4247 577 4315 ab
616 4272 693 4315 eo
732 4249 838 4314 die
874 4273 1003 4337 quo
1042 4252 1173 4332 lata
1215 4262 1389 4316 esset
1424 4273 1634 4335 usque
1680 4253 1764 4317 ad
1805 4276 1952 4319 eum
2000 4254 2172 4319 diem
2216 4256 2512 4339 quintum
2553 4252 2792 4321 Caesari

492 4357 833 4442 imperium
880 4370 1353 4444 prorogaretur.
1432 4357 1568 4424 Sed
1607 4362 1660 4425 si
1701 4362 1912 4426 exitus
1951 4363 2203 4448 imperii
2240 4362 2611 4450 Caesariani
2647 4365 2793 4427 intra
