2917 5017
465 299 583 367 186
977 304 1060 353 De
1097 302 1268 353 Gallia
1301 303 1653 355 Romanorum
1688 305 1951 369 provincia
1988 304 2263 369 appendix.

457 466 654 531 rebus
691 467 888 531 iidem
925 474 1276 551 praeerant,
1316 465 1635 540 consules,
1678 474 2023 550 praetores,
2060 475 2458 550 quaestores,
2492 466 2605 551 qui
2636 469 2759 552 pari

456 574 596 639 iure
637 574 858 639 civiles
901 585 964 638 et
1006 574 1310 638 militares
1355 595 1460 636 res
1499 572 2046 650 administrarent,
2112 596 2321 660 neque
2369 575 2495 660 ipsi
2538 575 2759 641 tribuni

455 681 697 767 plebis,
757 692 1076 768 quatenus
1125 703 1346 746 eorum
1389 692 1673 765 potestas
1716 680 2104 767 pertinebat,
2166 704 2205 745 a
2247 706 2317 747 re
2360 684 2619 749 militari
2659 684 2760 749 ab·

454 790 818 857 horrebant.
909 790 1084 855 Num
1125 789 1326 872 igitur
1368 790 1693 874 duplicem
1742 790 1928 874 quasi
1973 812 2313 875 personam
2358 792 2762 877 magistratus

455 898 803 983 gerebant?
882 898 1050 979 Quis
1095 898 1219 961 hoc
1258 920 1543 981 unquam
1586 897 1882 964 audivit?
1954 910 2065 964 aut
2108 901 2431 983 quomodo
2474 902 2615 967 fieri
2645 925 2764 998 po-

455 1006 660 1071 terat?
739 1005 926 1087 Quae
978 1028 1082 1071 res
1143 1006 1418 1071 maxime
1476 1006 1681 1072 civilis
1736 1030 1777 1071 a
1822 1006 2011 1073 nobis
2064 1008 2495 1084 existimatur,
2559 1007 2663 1071 ius
2712 1020 2767 1071 et

453 1114 714 1191 iudicia,
761 1138 972 1179 nonne
1018 1137 1131 1200 pro
1175 1115 1440 1201 imperio
1489 1116 1835 1181 exercitam
1874 1138 2017 1181 esse
2056 1117 2347 1181 constat?
2430 1116 2621 1197 Quae
2668 1137 2765 1180 co·
2869 1106 2871 1109 ’

455 1224 634 1289 mitia
669 1224 1074 1289 sanctissima
1102 1223 1420 1289 habentur
1458 1246 1898 1308 summamque
1930 1226 2217 1290 omnium
2251 1248 2465 1289 rerum
2498 1234 2769 1310 potesta·

455 1343 586 1397 tem
629 1331 920 1408 habent,
946 1332 1301 1397 centuriata
1342 1355 1554 1397 nonne
1598 1332 1856 1397 militari
1900 1334 2143 1398 ratione
2184 1345 2247 1397 et
2289 1333 2585 1399 instituta
2632 1344 2770 1397 sunt

455 1451 520 1507 et
559 1452 872 1527 perpetuo
914 1440 1271 1505 habentur?
1356 1440 1538 1521 Quid
1582 1440 1817 1527 igitur,
1879 1462 2155 1525 quaeso,
2214 1441 2527 1506 interesse
2566 1452 2771 1526 potest
2869 1432 2872 1489 4

454 1551 620 1614 inter
661 1573 764 1615 res
809 1550 1112 1613 militares
1157 1558 1220 1613 et
1261 1548 1485 1613 civiles
1530 1549 1597 1612 in
1642 1548 1802 1613 urbe
1840 1549 2097 1613 Roma?
2176 1549 2381 1613 Extra
2418 1571 2571 1613 vero
2616 1559 2677 1611 et
2716 1548 2774 1611 in

453 1657 642 1722 Italia
695 1668 760 1721 et
814 1657 880 1720 in
922 1657 1271 1742 provinciis
1319 1658 1533 1721 omnia
1576 1668 1726 1720 sunt
1768 1657 1957 1742 plena
2000 1657 2287 1743 imperii3
2353 1658 2567 1721 omnia
2618 1657 2777 1721 enim

455 1766 648 1831 armis
711 1776 897 1851 capta
947 1776 1100 1829 sunt
1141 1776 1331 1849 atque
1373 1767 1568 1831 armis
1609 1766 1997 1841 retinentum
2065 1764 2178 1849 qui
2219 1775 2563 1849 praesunt,
2640 1786 2776 1827 cum

455 1874 714 1939 cohorte
781 1897 900 1939 sua
967 1874 1190 1938 militia
1241 1875 1627 1959 funguntur.
1753 1872 2063 1939 Labentis
2126 1872 2383 1937 demum
2442 1895 2521 1937 ac
2582 1895 2776 1959 prope

457 1982 810 2047 corruentis
868 1982 1120 2067 imperii
1163 1982 1436 2046 Romani
1492 1982 1856 2046 institutum
1913 1982 2073 2056 fuit,
2136 1992 2210 2045 ut
2266 2004 2371 2046 res
2430 1981 2667 2047 civiles
2709 1978 2778 2045 ab

455 2088 840 2156 militaribus
885 2090 1380 2173 seiungerentur
1415 2100 1605 2173 atque
1649 2088 1755 2153 alii
1793 2088 1945 2164 illis,
1990 2090 2097 2154 alii
2134 2088 2237 2153 his
2276 2091 2777 2175 imponerentur.

456 2198 639 2281 Quid
679 2199 882 2285 igitur
928 2198 1068 2263 vult
1106 2198 1227 2263 sibi
1271 2196 1495 2261 annus
1520 2198 1860 2263 militaris?
1932 2199 2092 2285 quid
2131 2195 2384 2264 civilis?
2458 2197 2779 2283 siquidem
2871 2256 2872 2263 ,

453 2306 617 2373 illud
678 2306 1022 2371 discrimen
1077 2306 1385 2371 Romanis
1444 2306 1741 2392 ignotum
1802 2308 1945 2372 fuit.
2042 2306 2361 2373 Novimus
2422 2308 2661 2383 etiam,
2722 2306 2780 2369 in
2871 2396 2872 2400 Ἰ

455 2416 845 2500 quibusdam
891 2414 1086 2481 rebus
1130 2415 1385 2501 proprie
1427 2415 1627 2479 sacris
1672 2438 1916 2481 morem
1958 2416 2163 2481 fuisse
2202 2416 2676 2492 Romanorum,
2720 2426 2785 2480 ut
2867 2488 2873 2497 Δ

453 2548 693 2587 annum
736 2523 1070 2589 diversum
1112 2522 1194 2587 ab
1236 2523 1495 2608 vulgari
1536 2536 1976 2607 sequerentur.
2074 2524 2273 2589 Velut
2326 2525 2543 2589 omnia
2596 2525 2786 2591 soda·

452 2633 605 2697 licia
648 2642 895 2697 constat
933 2629 1012 2695 ab
1059 2653 1134 2695 eo
1178 2631 1317 2707 die,
1372 2653 1502 2715 quo
1545 2653 1705 2716 quos
1750 2634 2095 2717 magistros
2142 2642 2433 2699 crearent
2476 2634 2789 2717 magiste-
2865 2617 2866 2625 ἵ

455 2742 624 2805 rium
681 2740 949 2816 inirent,
1013 2763 1214 2805 annos
1271 2762 1647 2805 numerasse
1700 2740 1957 2825 lateque
2010 2752 2181 2827 patet
2228 2741 2337 2806 ille
2374 2763 2561 2805 usus.
2659 2739 2791 2821 Qui
2863 2725 2872 2809 v,

456 2860 667 2915 tamen
716 2859 1110 2933 quantopere
1158 2846 1238 2912 ab
1286 2871 1452 2914 anno
1497 2848 1755 2913 militari
1797 2848 2155 2935 discrepet,
2221 2849 2332 2913 vix
2376 2859 2599 2934 potest
2646 2871 2787 2913 esse
2870 2834 2872 2915 ss

455 2957 824 3022 obscurum.
909 2957 1164 3021 Etenim
1209 2980 1348 3023 eam
1385 2956 1469 3021 ob
1514 2980 1793 3033 causam,
1836 2958 1990 3042 quia
2026 2956 2199 3041 apud
2243 2956 2578 3021 Romanos
2624 2968 2785 3021 tem·
2870 2942 2872 2947 ¹

456 3088 577 3152 pus
625 3088 705 3131 ex
753 3088 976 3131 eorum
1018 3066 1131 3150 qui
1175 3066 1407 3150 cuique
1449 3066 1543 3129 rei
1588 3076 1939 3151 praeerant,
1984 3064 2355 3131 nominibus
2396 3066 2788 3132 numeraba-
2870 3128 2872 3137 ,

455 3185 580 3250 tur,
625 3174 934 3239 sodalicia
969 3174 1050 3239 ab
1091 3174 1217 3250 die,
1257 3196 1386 3258 quo
1421 3174 1711 3259 magistri
1745 3173 1999 3249 inirent,
2044 3195 2247 3239 annos
2276 3173 2563 3259 incipere
2598 3197 2789 3261 opor·

454 3282 646 3347 tebat.
744 3281 1108 3347 Dissimilia
1164 3283 1352 3347 etiam
1410 3282 1711 3347 videntur
1764 3304 1942 3357 esse,
2005 3282 2181 3366 quod
2242 3280 2437 3347 aedes
2494 3282 2565 3345 in
2629 3283 2790 3347 urbe
2870 3356 2873 3371 ,

454 3389 662 3455 Roma
719 3412 798 3455 ex
857 3388 998 3457 Cal.
1035 3390 1221 3457 Iuliis
1279 3392 1414 3455 fere
1468 3391 1846 3456 locabantur
1902 3387 2117 3471 (Suet.
2160 3389 2307 3454 Tib.
2344 3390 2457 3473 35)
2503 3401 2569 3453 et
2612 3390 2789 3475 quod
2866 3376 2873 3458 s

457 3520 756 3565 censores
795 3522 875 3565 ex
900 3500 1130 3565 Idibus
1157 3500 1408 3564 Martiis
1445 3498 1787 3584 vectigalia
1814 3498 2145 3563 locabant:
2192 3521 2272 3563 ex
2304 3499 2549 3583 quibus
2588 3498 2791 3564 rebus
2866 3486 2873 3491 ³

454 3630 620 3694 quae
675 3609 850 3694 apud
891 3631 1008 3675 nos
1054 3631 1310 3694 quoque
1356 3630 1503 3673 cum
1554 3607 1879 3671 communi
1922 3628 2091 3671 anno
2134 3606 2538 3692 discrepant,
2598 3631 2790 3673 nemo
2868 3594 2873 3600 ’

457 3726 628 3781 certe
671 3716 754 3781 de
793 3738 964 3781 nova
1005 3716 1310 3803 temporis
1353 3714 1738 3781 numerandi
1778 3713 2022 3779 ratione
2070 3714 2349 3799 colliget.
2870 3692 2873 3710 ι

625 3824 872 3889 Mirum
903 3824 1104 3910 igitur
1135 3846 1278 3889 esse
1314 3823 1631 3899 videatur,
1668 3822 1721 3887 si
1748 3821 1935 3887 aliam
1972 3822 2121 3886 anni
2148 3822 2461 3888 rationem
2487 3823 2554 3887 in
2587 3824 2791 3889 rebus

456 3931 838 3997 militaribus
880 3932 1154 3998 Romani
1201 3932 1407 3997 secuti
1449 3932 1597 4008 sint,
1648 3932 1838 3996 aliam
1878 3931 1945 3995 in
1990 3930 2187 3996 rebus
2232 3930 2565 4008 civilibus,
2636 3933 2792 3997 alie-

455 4062 740 4124 numque
778 4064 816 4105 a
852 4062 1027 4105 more
1057 4039 1519 4113 Romanorum,
1562 4040 1801 4126 quippe
1844 4039 1958 4124 qui
1998 4060 2321 4123 nusquam
2360 4039 2451 4103 ita
2490 4038 2795 4105 militiam
2870 4028 2872 4035 ¹

459 4148 873 4213 seiunxerint.
981 4150 1073 4215 At
1129 4171 1294 4241 quae
1355 4148 1550 4215 huius
1611 4160 1740 4213 tam
1801 4146 2197 4213 admirabilis
2254 4147 2351 4211 rei
2406 4159 2795 4232 argumenta

457 4257 858 4321 afferuntur?
941 4258 1234 4323 Primum
1293 4258 1769 4323 Mommsenius
1839 4257 1994 4323 citat
2054 4256 2537 4342 inscriptionem
2612 4256 2790 4343 apud

459 4364 752 4430 Henzen.
783 4389 848 4430 n.
874 4364 1060 4443 6752,
1085 4388 1250 4451 quae
1271 4365 1396 4431 hoc
1418 4364 1612 4438 habet
1633 4376 2107 4451 argumentum.
2167 4364 2361 4431 Anno
2388 4365 2509 4431 203
2532 4386 2607 4449 p.
2634 4363 2787 4431 Chr.
