2917 5017
461 334 580 400 180
981 339 1064 388 De
1099 337 1270 389 Gallia
1299 337 1649 387 Romanorum
1682 336 1944 401 provincia
1979 336 2255 400 appendix.

456 501 652 566 unius
705 509 922 564 autem
988 499 1242 584 collegii
1303 507 1629 583 praetores
1645 545 1661 573 ,
1711 497 1825 581 qui
1878 510 2023 560 octo
2082 508 2293 573 erant,
2344 517 2577 562 novem
2629 519 2759 581 pro-

456 609 810 674 vinciarum
878 609 1056 695 (nam
1113 618 1206 670 tot
1263 615 1418 668 tunc
1476 603 1685 689 erant)
1746 627 2087 669 numerum
2164 625 2520 688 exaequare
2604 605 2761 668 nullo

461 717 654 780 modo
689 725 1023 802 poterant:
1081 715 1231 778 hinc
1277 713 1691 778 Hofmannus
1734 735 1863 776 non
1908 735 2039 776 uno
2084 734 2253 776 anno
2300 713 2409 796 qui
2454 722 2762 796 praetores

455 825 760 900 fuissent,
801 823 912 888 sed
961 845 1184 887 omnes
1229 821 1515 886 omnium
1560 843 1895 897 annorum,
1938 820 2049 904 qui
2076 820 2246 884 ultra
2271 820 2763 903 quinquennium

457 945 691 1008 essent,
735 941 1060 1016 praetores
1107 929 1192 994 ad
1241 930 1641 997 sortiendum
1678 928 1999 994 admissos
2046 949 2189 992 esse
2238 927 2505 1010 colligit,
2557 951 2765 1013 parum

461 1051 636 1106 recta
679 1041 940 1104 ratione.
993 1039 1152 1103 Plus
1198 1061 1392 1123 quam
1431 1039 1631 1102 unius
1676 1038 1827 1102 anni
1872 1035 2193 1102 admissos
2218 1045 2391 1100 recte
2431 1036 2766 1122 colligeret,

455 1159 530 1212 ut
583 1148 665 1213 de
732 1147 1030 1212 omnibus
1083 1148 1267 1212 annis
1325 1146 1701 1222 credamne,
1765 1145 1943 1210 nulla
2004 1167 2199 1209 causa
2251 1154 2367 1208 est..
2460 1142 2597 1210 Sed
2638 1145 2767 1228 quis

456 1277 566 1320 eos
610 1277 811 1320 annos
853 1254 1148 1319 definiret
1167 1301 1184 1330 ,
1245 1253 1487 1339 quibus
1544 1255 1657 1338 qui
1699 1263 2023 1340 praetores
2082 1253 2378 1329 fuissent,
2420 1253 2504 1316 ad
2552 1265 2769 1316 sortem

454 1361 878 1430 accederent?
937 1361 1252 1439 Senatus,
1305 1363 1566 1448 inquam
1584 1410 1601 1439 ,
1654 1361 1851 1445 idque
1898 1360 2155 1426 duobus
2198 1361 2601 1446 argumentis
2646 1383 2768 1424 cer-

457 1472 722 1536 tissimis
779 1471 1270 1537 demonstratur.
1352 1470 1517 1534 Nam
1560 1471 2005 1536 intercessisse
2074 1481 2335 1534 senatus
2396 1470 2771 1544 consultum,

455 1603 584 1663 quo
628 1580 740 1663 qui
782 1578 866 1662 ad
893 1579 1256 1664 provincias
1285 1579 1795 1655 admitterentur,
1837 1579 2023 1663 quasi
2052 1578 2463 1664 eligerentur,
2503 1579 2775 1643 ostendit

455 1699 518 1752 et
571 1687 716 1764 illa,
777 1711 970 1772 quam
1034 1687 1254 1764 citavi,
1313 1698 1572 1752 senatus
1617 1687 1996 1762 auctoritaS,
2048 1686 2116 1750 in
2156 1709 2289 1771 qua
2332 1698 2463 1752 est:
2520 1711 2673 1769 quos
2710 1711 2775 1749 ex

453 1799 520 1858 S.
563 1799 626 1862 G.
655 1801 725 1859 in
757 1801 1116 1878 provincias
1146 1802 1238 1858 ire
1277 1805 1595 1878 oporteret,
1646 1815 1765 1858 nec
1789 1794 1957 1880 legis
1982 1793 2325 1880 Pompeiae
2370 1795 2505 1861 ulla
2546 1795 2779 1858 mentio

451 1903 558 1981 fit,
620 1914 684 1968 et
728 1901 962 1970 Cicero
1005 1905 1190 1990 epist.
1233 1905 1334 1980 II,
1396 1904 1507 1980 15,
1568 1903 1641 1979 4,
1696 1903 1809 1989 qui
1856 1912 2144 1969 senatum
2202 1903 2486 1968 voluisse
2538 1904 2637 1968 ait
2682 1924 2777 1967 eos

454 2013 800 2096 provinciis
841 2035 1164 2098 praeesse,
1211 2013 1323 2096 qui
1361 2021 1547 2076 antea
1577 2033 1705 2076 non
1731 2013 2183 2098 praefuissent,
2228 2011 2393 2096 legis
2420 2033 2551 2074 non
2578 2011 2779 2097 magis

453 2119 648 2184 ullam
702 2121 1087 2184 mentionem
1145 2119 1368 2183 iniicit.
1455 2117 1592 2183 Sed
1646 2120 1837 2183 etiam
1896 2118 1979 2182 de
2032 2119 2355 2183 sortitione
2403 2119 2583 2204 ipsa,
2644 2141 2778 2183 cum
2862 2195 2864 2202 Ι

453 2249 673 2292 01111168
693 2273 710 2302 ,
761 2227 874 2311 qui
925 2227 1095 2292 ultra
1135 2227 1645 2311 quinquennium
1683 2227 1957 2292 honores
2019 2227 2407 2312 gessissent,
2462 2227 2779 2292 admissos
2862 2209 2864 2212 Α

461 2357 604 2398 6886
652 2345 890 2412 censet,
945 2336 1356 2400 Hofmannus
1393 2334 1475 2399 ab
1511 2335 1823 2400 constanti
1860 2333 2299 2426 Romanorum
2344 2357 2541 2410 more,
2600 2357 2782 2419 quem
2863 2407 2864 2426 3

451 2443 592 2528 ipse
651 2445 922 2520 fatetur,
983 2445 1237 2528 cogitur
1291 2441 1673 2508 desciscere.
1760 2442 2021 2507 Etenim
2078 2442 2171 2506 sic
2204 2441 2345 2506 fieri
2390 2442 2680 2519 solebat,
2718 2455 2780 2505 ut
2863 2523 2864 2528 η

457 2562 552 2615 tot
603 2561 810 2616 sortes
855 2550 1286 2615 deiicerentur
1305 2597 1322 2626 ,
1370 2560 1528 2634 quot
1580 2560 1797 2615 essent
1845 2549 2217 2635 provinciae
2236 2597 2253 2626 ,
2312 2551 2603 2634 sortique
2665 2575 2785 2618 non
2857 2573 2865 2620 ·,

449 2668 670 2722 utrum
729 2659 876 2742 quis
929 2659 1331 2744 provinciam
1391 2659 1711 2744 acciperet
1766 2681 2005 2734 necne,
2070 2657 2186 2722 sed
2244 2679 2435 2742 quam
2506 2661 2787 2745 quisque

450 2766 789 2850 acciperet,
829 2767 1344 2850 permitteretur:
1384 2767 1451 2829 in
1497 2766 1638 2832 aliis
1680 2766 1877 2831 rebus
1924 2765 2121 2830 alium
2166 2766 2475 2830 sortiendi
2516 2768 2786 2832 modum
2863 2747 2864 2752 ἵ

449 2875 654 2938 fuisse
695 2873 884 2938 facile
925 2875 1138 2952 cred0,
1187 2876 1300 2940 sed
1343 2877 1411 2939 in
1458 2875 1805 2962 provinciis
1849 2875 1957 2938 illa
1999 2897 2131 2938 una
2173 2884 2309 2939 erat
2350 2877 2782 2953 consuetud0‚
2862 2937 2864 2956 2

448 3004 641 3066 quam
685 2980 988 3046 diximus.
1077 2982 1216 3048 Nec
1275 2983 1469 3048 video
1528 2983 1611 3048 ab
1652 2983 2023 3048 Hofmanno
2072 2982 2279 3046 ullum
2324 2997 2784 3069 argumentum

449 3089 694 3166 afferri,
754 3111 884 3174 quo
933 3088 1016 3153 ab
1067 3089 1188 3154 hac
1248 3091 1717 3156 consuetudine
1772 3101 1929 3155 tunc
1972 3090 2292 3156 descitum
2342 3113 2487 3158 esse
2530 3093 2782 3158 doceat.

448 3196 750 3262 Potuisse
807 3195 1082 3260 descisci
1134 3197 1571 3264 demonstrare
1624 3199 1903 3264 instituit
1960 3221 2039 3264 ex
2080 3199 2293 3263 Dione
2347 3196 2537 3266 Cass.
2597 3201 2782 3276 LIII,
2862 3187 2864 3268 ]

455 3304 553 3380 14,
591 3304 704 3387 qui
746 3314 1078 3388 postquam
1109 3302 1190 3367 ab
1223 3304 1531 3390 Augusto
1571 3308 1785 3393 legem
1809 3307 2185 3392 Pompeiam
2220 3318 2597 3374 renovatam
2644 3330 2783 3374 esse

449 3411 755 3489 narravit,
799 3411 1192 3495 aliquamdiu
1238 3413 1422 3477 addit
1461 3437 1702 3493 omnes,
1746 3417 1858 3501 qui
1898 3416 2067 3480 ultra
2106 3416 2629 3501 quinquennium
2670 3416 2779 3478 ho·

451 3541 644 3584 nores
687 3520 1072 3604 gessissent,
1125 3521 1374 3586 etiamsi
1429 3522 1651 3607 plures
1694 3533 1911 3588 essent
1952 3547 2143 3608 quam
2188 3523 2557 3609 provinciae
2576 3572 2597 3602 ,
2648 3547 2783 3588 sor·

448 3629 600 3693 titos
645 3651 754 3694 eas
797 3651 962 3704 esse,
1009 3641 1231 3712 postea
1273 3630 1511 3695 electos
1556 3629 1637 3694 ab
1681 3632 1988 3716 principe.
2045 3632 2150 3696 De
2193 3655 2323 3717 quo
2362 3633 2507 3697 loco
2552 3654 2783 3698 vereor
2862 3699 2865 3706 ,

449 3747 661 3801 tamen
701 3747 778 3800 ut
817 3745 994 3800 recte
1043 3737 1418 3802 existimarit
1463 3738 1893 3805 Hofmannus.
1976 3741 2151 3806 Vere
2187 3743 2359 3805 enim
2403 3741 2605 3806 tradit
2648 3742 2781 3806 Dio

446 3845 808 3929 provincias
865 3843 1073 3928 (ἔθνη)
1127 3867 1292 3930 quae
1346 3846 1669 3932 regendae
1732 3857 1978 3924 essent,
2034 3849 2255 3935 plures
2314 3848 2521 3915 fuisse
2580 3872 2777 3934 quam

443 3953 794 4036 praetorios
851 3953 964 4037 qui
1009 3954 1390 4018 sortirentur
1438 3957 1615 4040 (nam
1661 3955 2097 4020 consularium
2145 3979 2313 4042 quae
2354 3957 2517 4022 ratio
2576 3958 2781 4022 fuerit
2862 3937 2864 3976 ³

444 4059 640 4144 paulo
699 4071 846 4144 post
887 4059 1320 4144 videbimus),
1375 4062 1491 4126 sed
1533 4073 1789 4148 praeter
1832 4086 1941 4128 eas
1984 4065 2175 4129 etiam
2216 4067 2631 4151 praefectura
2672 4089 2779 4130 ae-

442 4167 594 4230 rarii
639 4163 904 4232 Saturni
951 4179 1016 4234 et
1061 4170 1465 4254 praefectura
1508 4170 1737 4236 aerarii
1776 4171 2068 4237 militaris
2108 4185 2173 4237 et
2222 4175 2347 4239 alia
2390 4197 2669 4240 munera
2712 4176 2775 4237 in

444 4283 682 4340 sortem
743 4274 1282 4352 conficiebantur,
1341 4287 1418 4342 ut
1470 4279 1743 4344 sortium.
1778 4302 2085 4345 numerus
2134 4303 2377 4360 eorum,
2420 4284 2535 4368 qui
2578 4283 2774 4349 sorti-

440 4392 683 4460 rentur,
727 4405 1064 4450 numerum
1105 4397 1426 4470 aequaret.
1512 4384 1813 4452 Alterum
1852 4401 2327 4475 argumentum,
2364 4414 2496 4476 quo
2534 4392 2773 4458 docere
2863 4479 2864 4488 ἵ
