2917 5017
459 351 576 416 124
1113 355 1196 406 De
1233 353 1404 406 Gallia
1435 355 1787 406 Romanorum
1833 354 2109 419 provincia.

455 517 882 600 Quinctilium
936 519 1183 586 Varum
1243 543 1410 586 anno
1457 521 1499 586 6
1559 545 1618 606 p.
1668 517 1823 585 Chr.
1845 568 1865 597 ,
1928 529 2002 586 ut
2057 518 2352 597 videtur:
2414 519 2541 584 hoc
2602 521 2765 584 enim

451 639 850 714 postremum
893 628 1200 694 decessor
1235 630 1376 695 eius
1419 640 1967 695 commemoratur.
2049 628 2157 694 De
2193 627 2369 692 Varo
2410 649 2579 712 quae
2620 637 2769 692 'nota

455 748 624 814 sunt,
669 737 1133 822 explicavimus
1179 739 1248 802 in
1294 735 1655 803 Comment.
1698 738 1766 802 II
1809 761 1874 823 p.
1916 737 2020 814 85,
2074 758 2157 801 ex
2200 736 2441 821 quibus
2482 736 2597 801 illa
2638 736 2767 800 duo

451 867 624 909 nunc
666 845 1013 921 afferimus,
1058 858 1120 910 et
1163 857 1444 912 veterem
1490 869 1637 912 eum
1678 847 1881 911 fuisse
1920 845 2322 910 consularem
2366 844 2773 928 maximaque
2864 878 2866 940 ι

451 953 784 1038 provincia
811 951 1004 1038 Syria
1043 956 1338 1020 functum
1383 966 1446 1021 et
1492 955 1903 1020 coniunctum
1937 976 2088 1018 cum
2115 953 2309 1018 domo
2341 952 2774 1039 imperatoria,

453 1072 527 1126 ut
577 1083 704 1126 non
749 1062 886 1128 sine
927 1085 1161 1149 magna
1203 1065 1481 1148 quadam
1528 1063 1821 1127 cautione
1855 1060 2205 1148 Augustus
2251 1061 2409 1127 tanti
2451 1060 2775 1126 exercitus

455 1192 674 1234 curam
717 1170 1058 1236 mandasse
1103 1171 1417 1240 videatur.
1506 1168 1715 1236 Cuius
1760 1194 1953 1255 quam
1998 1170 2200 1236 tristis
2244 1192 2411 1234 anno
2440 1169 2479 1234 9
2520 1193 2587 1255 p.
2622 1165 2775 1232 Chr.

453 1279 666 1343 exitus
712 1278 926 1356 fuerit,
973 1292 1197 1344 notum
1239 1291 1365 1357 est:
1419 1281 1535 1345 sed
1581 1301 1729 1345 cum
1774 1301 2029 1365 praeses
2072 1278 2212 1363 ipse
2256 1277 2633 1353 occidisset,
2679 1299 2778 1340 re·
2867 1355 2868 1360 η

445 1386 684 1470 liquias
743 1387 1064 1452 exercitus
1117 1387 1407 1473 finesque
1464 1390 1753 1475 ipsarum
1806 1385 2166 1453 Galliarum
2216 1397 2461 1451 tutatus
2538 1395 2644 1449 est
2703 1384 2781 1447 L.

453 1495 704 1560 Nonius
746 1497 1100 1581 Asprenas,
1143 1498 1255 1582 qui
1301 1498 1607 1562 avunculi
1649 1497 1751 1561 sui
1786 1497 1943 1563 Vari
1986 1498 2238 1582 legatus
2280 1495 2443 1559 duas
2481 1494 2783 1580 legiones

455 1603 734 1669 ducebat
793 1604 990 1686 (Vell.
1027 1605 1130 1681 ΙΙ,
1181 1606 1330 1682 1203
1395 1605 1527 1670 Dio
1568 1605 1762 1682 LVI,
1810 1605 1943 1688 22).
2048 1604 2265 1688 Atque
2311 1602 2401 1667 ita
2445 1612 2787 1667 extractus
2868 1694 2870 1702 y

455 1723 553 1776 est
593 1713 702 1776 ille
746 1735 956 1778 annus
996 1735 1202 1778 vacua
1243 1712 1541 1800 praeside
1585 1712 1801 1779 Gallia
1836 1712 2123 1798 Belgica.
2202 1711 2369 1775 Nam
2407 1710 2788 1794 insequenti

455 1819 718 1884 demum
761 1842 928 1884 anno
970 1820 1274 1888 Tiberius
1329 1845 1478 1887 cum
1524 1821 1969 1907 supplemento
2012 1821 2285 1885 militum
2332 1819 2415 1885 ab
2464 1821 2789 1905 Augusto

457 1928 698 1993 missus
753 1929 1050 2008 advenit,
1113 1931 1342 1996 eodem
1391 1931 1662 2016 imperio
1716 1939 1978 1994 ornatus
2037 1951 2167 2013 quo
2222 1939 2441 2005 antea,
2508 1927 2637 1992 sed
2706 1927 2793 1990 ita

455 2048 665 2100 tamen
714 2037 1008 2116 diverso,
1062 2039 1240 2123 quod
1279 2039 1626 2124 Augustus
1673 2038 1813 2124 ipse
1856 2037 2069 2102 nullos
2115 2048 2270 2102 tunc
2320 2059 2473 2102 suos
2526 2037 2794 2122 legatos

453 2145 520 2208 in
568 2143 802 2210 Galliis
845 2147 1106 2212 videtur
1143 2145 1483 2212 habuisse:
1527 2147 1687 2210 nulli
1727 2156 1898 2211 certe
1944 2155 2530 2210 commemorantur
2572 2166 2796 2229 neque

455 2275 566 2317 eos
623 2253 678 2317 si
727 2255 844 2319 ulli
891 2256 1166 2320 fuissent
1213 2256 1532 2322 Velleium
1574 2255 1873 2319 existimo
1917 2255 2527 2340 praetermissurum
2578 2254 2795 2318 fuisse

457 2362 726 2427 silentio.
808 2363 899 2428 At
935 2364 1359 2429 comitabatur
1396 2387 1546 2428 eum
1575 2361 2034 2440 Germanicus,
2085 2385 2280 2447 quem
2317 2362 2451 2427 Dio
2478 2361 2684 2438 LVI,
2716 2363 2793 2427 25

457 2482 612 2538 tunc
651 2495 770 2559 pro
809 2475 1074 2539 consule
1111 2474 1454 2561 imperium
1494 2471 1798 2537 habuisse
1836 2471 1943 2548 ait,
1989 2493 2378 2556 quamquam
2410 2481 2795 2557 praeturam
2873 2549 2875 2558 Ξ

459 2581 748 2645 nondum
789 2593 1079 2667 gesserat
1117 2582 1304 2668 (ibid.
1339 2605 1392 2646 c.
1421 2582 1556 2665 26),
1600 2581 1773 2646 unde
1819 2579 2117 2656 eundem,
2160 2601 2308 2644 cum
2346 2601 2513 2644 anno
2546 2581 2589 2646 7
2635 2580 2797 2645 item
2872 2567 2875 2610 ³

456 2699 708 2775 praeter
751 2688 1086 2755 Tiberium
1143 2691 1212 2754 in
1265 2689 1408 2776 ipsa
1464 2699 1809 2774 quaestura
1860 2689 1927 2752 in
1974 2687 2363 2753 Delmatiam
2416 2687 2796 2752 mitteretur

459 2796 622 2882 (Dio
663 2798 809 2873 LV,
855 2798 988 2882 31),
1031 2799 1209 2863 nullo
1256 2799 1495 2864 maiore
1536 2797 1803 2884 imperio
1854 2797 2211 2883 praeditum
2257 2796 2463 2861 fuisse
2512 2797 2799 2881 collige-

458 2928 625 2971 mus.
699 2905 834 2970 Sed
861 2906 972 2971 illa
1000 2907 1477 2994 proconsularis
1507 2917 1791 2993 potestas
1818 2905 2028 2990 qualis
2060 2905 2323 2970 tandem
2352 2904 2531 2969 erat?
2590 2902 2797 2970 Certe

457 3037 586 3078 non
631 3037 737 3092 ea,
795 3037 989 3099 quam
1026 3016 1222 3102 paulo
1263 3026 1410 3101 post
1450 3014 1755 3080 Tiberius
1795 3014 2103 3100 Augusto
2144 3013 2271 3099 ipsi
2316 3013 2669 3098 aequalem
2720 3038 2799 3079 ex

459 3120 807 3188 Sconsulto
849 3124 1119 3209 accepit,
1164 3125 1279 3189 sed
1319 3124 1479 3188 haec
1520 3123 1767 3208 opinor,
1808 3121 2031 3186 similis
2076 3121 2155 3197 ei,
2194 3144 2389 3206 quam
2429 3130 2494 3184 et
2518 3120 2593 3184 in
2625 3121 2796 3188 Gal-

455 3232 560 3296 liis
605 3241 667 3295 et
706 3230 774 3294 in
816 3231 977 3296 Asia
1022 3229 1338 3316 Syriaque
1379 3243 1605 3318 postea
1639 3230 1883 3307 habuit,
1928 3241 2002 3294 ut
2044 3230 2111 3293 in
2154 3229 2589 3315 imperatoriis
2634 3253 2795 3317 pro-

457 3340 710 3416 vinciis,
761 3339 814 3404 si
861 3340 972 3423 qui
1016 3351 1232 3404 essent
1268 3341 1559 3427 Augusti
1604 3340 1837 3426 legati,
1886 3340 2035 3425 plus
2081 3347 2301 3423 posset
2336 3361 2534 3422 quam
2580 3339 2675 3417 hi,
2729 3341 2789 3403 in

459 3448 793 3514 senatoriis
835 3449 982 3535 plus
1028 3471 1219 3532 quam
1259 3448 1373 3532 qui
1415 3473 1454 3514 a
1502 3460 1727 3513 senatu
1773 3447 1954 3512 missi
1988 3459 2382 3533 praeessent.
2454 3447 2781 3532 Aequavit

456 3557 660 3644 igitur
700 3556 1046 3643 Augustus
1092 3556 1554 3623 Germanicum
1593 3555 1888 3630 Tiberio,
1948 3555 2073 3620 nisi
2114 3555 2291 3640 quod
2335 3555 2533 3620 huius
2582 3556 2774 3642 impe-

457 3667 626 3731 rium
668 3667 941 3732 fortasse
981 3666 1064 3732 ad
1093 3667 1312 3752 plures
1347 3665 1713 3752 provincias
1737 3662 2128 3750 pertinebat:
2172 3663 2298 3728 hoc
2327 3673 2498 3730 certe
2524 3663 2785 3729 efficere

459 3774 736 3850 volebat,
783 3784 857 3838 ut
900 3773 1221 3851 Tiberius,
1267 3775 1453 3839 cuius
1498 3773 1744 3840 caritati
1787 3772 2001 3836 minus
2044 3771 2241 3836 fidem
2282 3771 2596 3848 habebat,
2643 3771 2791 3858 pari

460 3883 832 3950 Germanici
872 3893 1186 3968 potestate
1231 3893 1667 3948 coerceretur:
1712 3882 1807 3946 illi
1850 3890 2064 3945 autem
2099 3902 2229 3945 non
2260 3879 2327 3943 in
2350 3879 2792 3964 imperatoriis

461 3992 654 4056 modo
696 3991 1067 4077 provinciis,
1117 3991 1234 4055 sed
1279 3992 1348 4055 in
1390 3989 1795 4055 Narbonensi
1834 4010 2091 4074 quoque
2138 3987 2372 4064 Gallia,
2417 4011 2589 4074 quae
2629 3998 2795 4054 tunc

461 4111 722 4167 senatus
761 4109 916 4173 erat,
957 4121 1278 4164 summum
1316 4100 1659 4185 imperium
1702 4098 1907 4163 fuisse
1949 4097 2249 4172 ostendit,
2291 4097 2466 4181 quod
2495 4094 2671 4162 Vell.
2699 4099 2791 4175 Π,

467 4211 574 4276 121
631 4231 778 4274 eum
822 4207 1259 4272 dissensiones
1299 4207 1689 4273 Viennensis
1736 4206 2021 4271 coloniae
2060 4205 2503 4291 composuisse
2542 4219 2791 4272 narrat.

459 4317 666 4382 Nemo
706 4317 910 4404 igitur
956 4317 1242 4402 privatus
1287 4316 1481 4380 homo
1523 4337 1640 4402 per
1681 4314 2014 4381 biennium
2046 4312 2232 4391 illud,
2272 4314 2448 4399 quod
2476 4313 2789 4380 Tiberius

464 4437 612 4513 post
665 4425 913 4492 cladem
951 4424 1297 4492 Varianam
1343 4423 1408 4490 in
1453 4423 1670 4490 Gallia
1724 4432 2153 4488 commoratus
2204 4433 2334 4502 est,
2392 4419 2483 4490 ibi
2522 4421 2787 4510 legatus
