2917 5017
754 373 837 421 De
876 373 1077 435 legibus
1114 373 1507 436 municipalibus
1543 372 1852 439 Hispanicis.
2339 370 2461 438 277

130 536 600 598 conciliabula&
641 536 707 598 C.
753 537 831 596 R.
876 537 943 596 Il
975 536 1073 595 vir
1118 537 1247 596 llll
1278 538 1375 595 vir
1416 544 1632 607 erunt,
1689 544 1754 597 et
1797 558 1894 599 vs.
1935 535 2014 600 34
2056 559 2213 618 quae
2255 543 2464 600 muni-

131 646 303 721 cipia
352 646 597 706 colonia
640 646 1049 724 praefectura
1075 645 1243 721 fora
1289 642 1704 704 conciliabula
1753 644 1812 705 C.
1859 646 1932 705 R.
1977 655 2129 706 sunt
2167 655 2356 707 erunt
2401 655 2464 710 et

131 773 229 813 vs·
272 750 359 816 68
399 774 555 831 quae
599 753 943 830 munic-rpite
990 752 1267 811 colon-iae
1300 752 1744 828 praefecturae
1782 753 1844 814 C.
1877 755 1955 814 R.
1999 756 2066 814 in
2100 756 2284 815 Italia
2317 764 2466 816 sunt

130 869 341 921 erunt.
417 856 604 938 Quae
644 867 891 921 tantum
926 855 1127 932 abest,
1170 866 1245 918 ut
1280 856 1632 941 municipia
1661 855 1896 922 Latina
1930 859 2134 924 fuisse
2169 859 2461 938 doceant,

127 978 203 1028 ut
260 966 393 1030 loci
442 954 723 1029 Pliniani
780 964 1267 1049 explicationem
1326 957 1365 1028 a
1404 964 1592 1029 nobis
1653 964 2008 1031 institutam
2063 969 2462 1054 apertissime

128 1074 601 1137 demonstrent.
703 1072 869 1137 Nam
929 1094 1075 1137 cum
1120 1069 1395 1136 Caesare
1456 1072 1796 1151 dictatore,
1861 1076 1972 1159 qui
2025 1076 2200 1141 illam
2249 1078 2462 1162 legem

128 1181 405 1245 videtur
425 1181 670 1257 tulisse,
698 1182 949 1244 nullum
972 1180 1109 1245 fere
1131 1190 1377 1244 constet
1396 1179 1465 1243 in
1491 1180 1676 1244 Italia
1700 1181 1902 1246 fuisse
1929 1184 2262 1269 oppidum,
2286 1188 2459 1269 quod

128 1290 401 1354 civitate
430 1290 721 1355 Romana
759 1299 1020 1364 careret,
1061 1301 1273 1352 tamen
1315 1309 1441 1351 non
1485 1287 1678 1351 modo
1720 1291 2090 1376 municipia,
2131 1293 2247 1357 sed
2273 1293 2460 1359 etiam

126 1398 427 1462 coloniae
468 1399 1037 1483 praefecturaeque
1081 1396 1365 1481 genitivo
1415 1396 1526 1460 illo
1571 1397 1810 1461 civium
1852 1398 2320 1477 Romanorum,
2379 1422 2461 1467 ex

124 1530 261 1591 quo
304 1508 638 1571 hominum
679 1526 914 1591 genere
954 1503 1213 1579 fuerint,
1258 1504 1679 1588 explicantur,
1727 1504 1900 1568 unde
1929 1506 1984 1569 si
2010 1507 2154 1589 quis
2179 1508 2248 1571 in
2273 1510 2462 1575 Italia

124 1628 293 1679 tuno
352 1618 573 1698 (atque
626 1614 841 1697 ipsum
897 1611 1119 1677 Italiae
1173 1634 1406 1675 nomen
1465 1611 1839 1697 apponitur)
1895 1624 1957 1677 et
2003 1615 2350 1701 municipia
2399 1630 2462 1683 et

125 1722 423 1787 colonias
483 1734 546 1785 et
598 1723 1069 1807 praefecturae,
1128 1742 1293 1803 quae
1348 1720 1764 1785 Latinitatem
1830 1734 2077 1787 tantum
2129 1722 2458 1804 haberent,

124 1831 341 1895 fuisse
408 1829 699 1915 colligat,
768 1839 964 1892 totam
1028 1838 1198 1892 certe
1261 1829 1594 1893 historiam
1660 1841 2015 1914 pervertat:
2103 1832 2184 1896 de
2247 1835 2459 1899 muni-

126 1939 321 2024 cipiis
386 1960 537 2002 vero
596 1938 749 2001 solis
810 1936 969 2000 nihil
1032 1957 1111 1999 ex
1173 1936 1317 2020 lege
1378 1935 1548 2001 Iulia
1608 1938 2040 2021 cognoscitur.
2157 1939 2459 2025 Denique

124 2045 487 2110 Frontinus
528 2046 610 2110 de
648 2056 935 2109 controv.
982 2065 1196 2129 agror.
1230 2044 1301 2107 II
1344 2042 1667 2131 (Gromat.
1705 2045 1807 2109 ed.
1839 2045 2108 2111 Lachm.
2153 2070 2214 2133 p.
2250 2049 2348 2127 36,
2389 2050 2458 2135 2)

126 2154 318 2219 citari
366 2155 623 2219 omnino
668 2177 797 2217 non
842 2152 1098 2229 debuit,
1148 2152 1259 2237 qui
1302 2174 1449 2216 cum
1495 2154 1659 2217 dixit
1699 2155 1927 2217 habent
1964 2167 2169 2217 autem
2203 2162 2459 2237 provin-

125 2269 265 2327 ciae
296 2274 362 2325 et
384 2265 791 2344 municipales
821 2284 1006 2342 agros
1039 2270 1154 2322 emt
1182 2264 1530 2323 civitatium
1554 2267 2055 2343 peregrinarum,
2096 2285 2214 2327 nec
2247 2265 2460 2329 omnia

126 2372 276 2457 agri
323 2394 590 2457 genera,
656 2392 821 2456 quae
860 2370 927 2433 in
972 2368 1323 2454 provinciis
1360 2380 1606 2444 essent,
1673 2370 2212 2455 comprehendere
2253 2373 2460 2438 voluit

126 2491 190 2545 et
236 2504 380 2544 eam
424 2502 588 2563 quae
630 2478 1125 2563 municipiorum
1174 2478 1349 2563 agris
1394 2492 1530 2545 erat
1585 2502 1735 2545 cum
1793 2481 2126 2547 civitatum
2169 2483 2458 2569 peregri-

124 2612 367 2653 narum
408 2588 582 2673 agris
626 2586 989 2662 diversitas,
1032 2598 1205 2651 recte
1250 2587 1661 2673 significavit.

304 2696 526 2780 Atque
587 2696 746 2759 haec
802 2693 1064 2777 quidem
1124 2716 1203 2757 cx
1254 2695 1394 2759 aliis
1440 2696 1860 2782 scriptoribus
1903 2698 2458 2783 monumentisque

126 2806 524 2880 afferuntur,
581 2825 745 2886 quae
801 2802 1014 2867 afferri
1068 2825 1191 2867 non
1237 2801 1544 2867 debuisse
1587 2804 1962 2882 docuimus3
2023 2806 2140 2871 sed
2183 2806 2252 2869 in
2294 2806 2456 2891 ipsis

124 2914 257 2977 illis
314 2911 552 2977 tabulis
596 2909 971 2995 Hispanicis
1018 2933 1174 2974 num
1218 2912 1375 2995 quid
1418 2922 1548 2987 est,
1610 2913 1787 2997 quod
1828 2910 2208 2997 Salpensam
2247 2914 2457 2979 Mala-

127 3043 405 3105 camque
470 3031 533 3084 et
590 3018 935 3103 municipia
993 3019 1196 3084 fuisse
1262 3032 1325 3083 et
1380 3020 1728 3085 Latinitate
1792 3031 2041 3086 tantum
2099 3044 2252 3087 usas
2313 3044 2456 3087 esse

126 3129 479 3195 ostendat?
531 3128 637 3191 De
679 3127 1009 3213 municipii
1052 3128 1309 3192 nomine
1351 3152 1427 3193 ac
1467 3130 1608 3195 iure
1653 3140 1920 3206 constat,
1965 3153 2092 3195 non
2121 3129 2328 3213 magis
2375 3152 2457 3195 ex

124 3238 273 3302 aliis
320 3235 870 3322 inscriptionibus,
915 3258 1077 3319 quae
1119 3237 1288 3300 infra
1327 3238 1716 3314 citabuntur,
1759 3260 1952 3323 quam
1997 3261 2077 3302 ex
2119 3238 2219 3303 his
2259 3238 2454 3324 ipsis:

126 3348 213 3410 de
238 3345 589 3409 Latinitate
632 3344 795 3409 illud
841 3344 1157 3429 imprimis
1204 3346 1552 3409 tenendum
1601 3346 1740 3424 erit,
1785 3370 1886 3424 ne,
1933 3347 1988 3412 si
2032 3348 2146 3432 qui
2185 3348 2288 3412 vel
2311 3345 2456 3413 Sal·
2529 3354 2532 3357 ’

125 3476 372 3539 pensae
429 3455 534 3517 vel
588 3454 877 3519 Malacae
934 3452 1335 3538 reperiantur
1390 3454 1596 3519 fuisse
1645 3454 1864 3518 Latini
1921 3454 2246 3532 homineS,
2307 3456 2456 3523 ideo

128 3586 357 3627 omnes
416 3562 774 3648 municipes
840 3564 1059 3625 eodem
1127 3561 1267 3625 iure
1335 3562 1539 3627 fuisse
1596 3562 2136 3647 Latinitatemque
2197 3564 2456 3630 omnino

128 3696 283 3737 cum
344 3671 679 3756 municipii
746 3669 987 3734 ratione
1052 3690 1410 3755 congruere
1472 3671 1932 3736 existimemus.
2042 3670 2194 3752 Qua
2249 3672 2332 3737 de
2385 3697 2456 3739 re

126 3782 300 3844 infra
342 3780 667 3865 copiosius
710 3778 1207 3864 disputabimus,
1251 3802 1424 3844 nunc
1463 3779 1589 3843 hoc
1628 3802 2221 3857 commemoramus,
2267 3803 2348 3847 ne
2387 3780 2457 3845 in

131 3889 370 3954 Latina
399 3888 662 3971 quidem
696 3888 947 3951 civitate
977 3909 1199 3952 omnes
1230 3888 1522 3952 homines
1551 3888 1754 3954 fuisse
1779 3889 1941 3953 iuris
1967 3889 2205 3954 Latini.
2273 3890 2457 3972 Quid

132 3997 355 4061 enim?
428 3993 601 4061 Cum
641 3996 765 4060 hoc
807 3995 1174 4061 Latinitatis
1220 3996 1324 4061 ius
1367 4007 1566 4071 esset,
1622 4008 1695 4060 ut
1746 3997 1858 4081 qui
1909 3998 1978 4060 in
2022 4019 2140 4063 sua
2182 3998 2455 4083 quisque

132 4104 467 4191 republica
504 4104 945 4189 magistratum
988 4106 1319 4191 gessisset,
1362 4104 1682 4170 civitatem
1711 4104 2068 4169 Romanam
2099 4128 2455 4191 conseque-

132 4225 343 4291 retur,
404 4234 615 4277 nonne
669 4213 1011 4298 quotannis
1065 4234 1333 4278 necesse
1389 4224 1525 4279 erat
1581 4214 1636 4277 si
1679 4213 1791 4297 qui
1835 4213 1989 4277 novi
2033 4213 2324 4280 homines
2371 4215 2456 4279 ad

131 4320 409 4386 ho‘nores
467 4321 878 4399 accederent,
940 4322 1183 4387 civium
1227 4323 1669 4387 Romanorum
1712 4343 2020 4387 numerus
2068 4322 2454 4407 augeretur?

134 4430 271 4494 Iam
312 4428 654 4494 habuerint
700 4426 1011 4515 Salpensa
1055 4441 1118 4495 et
1160 4431 1444 4507 Malaca,
1505 4429 1798 4513 quamvis
1841 4429 2191 4515 municipia
2232 4431 2454 4517 appel-
