2917 5017
802 293 897 383 Ds-
923 331 1095 383 Gallia
1123 332 1472 383 Romanorum
1511 335 1790 400 provincia.
2371 334 2445 399 51

131 494 211 557 75
258 496 376 577 qui
414 497 817 561 consulatum
864 504 1205 581 gesserunt
1247 494 1328 557 L.
1355 492 1674 561 Octavius
1717 507 1782 562 et
1807 494 1885 562 C.
1905 498 2216 564 Aurelius
2239 496 2452 576 Cotta,

126 623 207 665 ex
252 602 337 666 iis
378 602 486 667 ille
536 602 833 669 Ciliciam
876 603 1272 689 provinciam
1317 602 1582 667 sortitus
1625 614 1752 679 est,
1795 606 1861 669 in
1905 630 2034 691 qua
2071 630 2236 672 anno
2279 607 2454 672 inse-

124 710 359 793 quenti
407 711 688 777 decessit
727 712 936 797 (Plut.
978 710 1239 775 Lucull.
1284 711 1405 791 6),
1465 710 1640 775 hunc
1684 709 1918 777 Cicero
1977 714 2046 777 in
2087 714 2222 778 Pis.
2281 737 2336 779 c.
2372 714 2454 781 26

123 818 313 883 nullo
380 829 557 883 certo
623 820 805 884 hoste
870 842 1119 885 summa
1184 829 1397 883 tamen
1456 830 1672 885 narrat
1740 821 2048 907 triumphi
2104 822 2454 908 cupiditate

120 926 465 1012 flagrasse.
563 926 783 1009 Quare
842 950 991 991 cum
1050 927 1225 991 idem
1279 924 1512 992 Cicero
1569 927 1754 991 Brut.
1815 951 1870 994 e.
1921 929 2004 995 92
2061 926 2140 994 C.
2195 926 2454 995 Cottam

120 1034 343 1099 tradat
386 1058 469 1099 ex
508 1036 845 1101 consulatu
886 1034 954 1098 in
986 1033 1265 1101 Galliam
1304 1035 1672 1120 profectum
1714 1058 1878 1112 esse,
1913 1036 2188 1121 Pighius
2216 1038 2453 1105 Annal.

121 1144 275 1209 Vol.
320 1144 432 1208 ΠΙ
470 1167 537 1229 p.
568 1144 693 1209 298
736 1144 794 1207 ei
838 1153 1177 1227 utramque
1205 1142 1484 1207 Galliam
1527 1141 1838 1229 obtigisse
1883 1145 2223 1223 existimat,
2266 1147 2454 1211 cuius

124 1252 459 1336 opinionis
518 1274 781 1317 causam
834 1250 1031 1314 ullam
1078 1262 1189 1315 aut
1238 1251 1552 1316 rationem
1603 1274 1724 1317 nec
1785 1254 1998 1319 attulit
2055 1276 2175 1319 nec
2227 1255 2454 1319 afferre

120 1360 355 1445 potuit.
444 1359 727 1423 Prorsus
768 1358 936 1423 enim
988 1369 1171 1425 extra
1206 1359 1497 1423 ordinem
1540 1361 1784 1424 factum
1827 1384 1970 1427 esse
2019 1362 2454 1447 intelligemus

124 1469 347 1545 semel,
388 1479 468 1531 ut
509 1478 781 1551 utraque
825 1465 1040 1533 Gallia
1081 1465 1205 1532 sub
1244 1468 1439 1533 unius
1482 1470 1750 1533 rectoris
1801 1471 2142 1555 imperium
2185 1472 2455 1535 coniun-

128 1588 433 1662 geretur,
485 1574 665 1663 quod
714 1585 787 1637 ut
834 1585 1051 1661 posset
1092 1575 1261 1651 fieri,
1310 1587 1497 1641 antea
1535 1573 1904 1663 Cisalpinae
1949 1579 2254 1644 universa
2295 1580 2456 1643 ratio

136 1696 386 1751 mutata
444 1696 576 1749 est:
648 1707 815 1769 quae
877 1683 1187 1769 quamdiu
1237 1694 1449 1749 vetere
1503 1687 1972 1751 consuetudine
2031 1688 2113 1752 ab
2171 1710 2278 1764 e0,
2343 1688 2456 1771 qui

146 1794 397 1859 Italiam
436 1792 797 1870 obtinebat,
833 1792 1181 1878 regebatur
1200 1838 1217 1868 ‚
1268 1791 1596 1875 quomodo
1639 1794 1907 1881 adiungi
1952 1795 2162 1880 potuit
2202 1794 2264 1859 N
2267 1794 2456 1861 arbo-

144 1902 421 1967 nensis?
495 1902 895 1966 Alterutram
944 1901 1145 1985 igitur
1190 1899 1474 1965 Galliam
1518 1897 1712 1965 Cotta
1751 1902 1920 1967 rexit
1975 1924 2047 1967 ac
2089 1924 2238 1967 cum
2279 1902 2456 1965 nullo

130 2021 309 2075 certo
370 2010 562 2075 hoste
624 2009 1020 2094 triumphum
1073 2009 1387 2073 meruisse
1447 2019 1744 2075 narratur
1757 2058 1776 2087 ,
1841 2032 1970 2075 non
2029 2010 2460 2075 dubitandum

131 2142 273 2185 esse
300 2140 572 2194 censeo,
608 2118 765 2202 quin
788 2115 1183 2203 Cisalpinam
1218 2116 1586 2193 obtinuerit,
1631 2140 1712 2183 ex
1751 2140 1883 2202 qua
1913 2130 2168 2205 praeter
2185 2120 2458 2206 Alpinas

132 2226 449 2310 quasdem
476 2236 705 2311 gentes
738 2247 937 2310 vagas
963 2225 1375 2309 hostiumque
1408 2226 1662 2290 nomine
1684 2228 1796 2291 vix
1833 2227 2064 2312 dignas
2093 2228 2458 2314 triumphus

123 2336 346 2420 quaeri
402 2356 543 2398 non
577 2344 847 2419 poterat.
925 2333 1005 2398 In
1046 2332 1451 2397 Narbonensi
1493 2334 1758 2418 quidem
1811 2345 1906 2399 tot
1949 2337 2236 2401 nationes
2279 2346 2461 2401 erant

123 2442 481 2508 bellicosae
526 2452 827 2525 tantaque
869 2440 1295 2505 maximorum
1342 2438 1656 2506 bellorum
1699 2442 2017 2519 materies,
2069 2455 2142 2507 ut
2164 2444 2278 2527 qui
2303 2466 2460 2509 con-

123 2552 321 2617 sulari
368 2549 668 2617 exercitu
712 2560 977 2614 ornatus
1022 2549 1395 2635 gloriaeque
1440 2548 1718 2635 cupidus
1753 2559 1956 2626 esset,
2009 2550 2459 2617 honestissime

126 2660 539 2745 triumphum
580 2657 1066 2743 adipisceretur.
1125 2658 1353 2742 anue
1401 2658 1878 2743 provinciarum
1915 2657 2150 2722 divisio
2189 2658 2460 2723 aliorum

134 2790 451 2833 annorum
512 2764 965 2831 consuetudini
1019 2786 1285 2851 prorsus
1330 2765 1649 2830 convenit.
1733 2765 2171 2832 Veruntamen
2233 2766 2288 2830 si
2328 2766 2460 2831 Ita-

148 2876 305 2940 liam
336 2897 473 2939 cum
497 2872 717 2939 Gallia
738 2871 1067 2959 Cisalpina
1110 2872 1387 2939 obtinuit
1417 2870 1494 2938 C.
1527 2870 1738 2950 Cotta,
1779 2873 1904 2939 hoc
1938 2873 2202 2959 quidem
2240 2884 2462 2958 posset

136 2983 441 3069 intelligi,
522 2983 577 3047 si
642 2982 809 3045 intra
871 2982 1287 3067 magistratus
1350 2983 1452 3047 sui
1519 3004 1758 3046 annum
1817 2980 2090 3045 devictis
2157 2980 2456 3047 hostibus

130 3092 539 3178 triumphum
592 3090 867 3176 egisset3
945 3089 1061 3155 sed
1114 3112 1263 3155 cum
1315 3101 1578 3177 propter
1635 3089 1895 3173 negotia
1946 3088 2330 3164 domestica,
2392 3088 2462 3153 in

123 3200 373 3285 quibus
444 3200 811 3284 eloquentia
868 3197 1203 3273 excelluit,
1291 3220 1405 3285 per
1467 3198 1874 3264 consulatum
1935 3197 2152 3283 ipsum
2216 3196 2462 3263 Romae

136 3310 505 3383 mansisset,
548 3329 665 3373 cur
703 3307 963 3371 tandem
1004 3319 1153 3391 post
1196 3306 1602 3371 consulatum
1647 3305 1910 3370 demum
1943 3304 2014 3370 in
2044 3304 2286 3370 bellum
2311 3326 2462 3390 pro·-

141 3418 341 3483 fectus
398 3416 547 3481 est?
632 3413 843 3482 Cuius
888 3416 945 3479 si
987 3412 1121 3478 ulla
1162 3414 1433 3479 facultas
1472 3423 1680 3489 esset,
1737 3424 1910 3479 certe
1953 3432 2285 3479 successor
2321 3412 2462 3477 eius

133 3526 253 3591 sibi
310 3524 542 3611 potius
599 3524 941 3609 imperium
1008 3520 1409 3606 sumpsisset.
1507 3519 1830 3585 Nimirum
1887 3520 2012 3585 hoc
2063 3519 2158 3586 sic
2207 3518 2461 3586 accidit.

144 3635 317 3699 Anni
356 3634 443 3700 74
486 3656 545 3697 a.
597 3630 753 3699 Chr.
794 3630 1093 3697 consules
1136 3629 1217 3693 L.
1241 3627 1540 3693 Licinius
1575 3626 1900 3693 Lucullus
1941 3638 2008 3693 et
2023 3626 2120 3691 M.
2155 3626 2461 3691 Aurelius

151 3738 333 3807 Cotta
382 3763 553 3827 quas
610 3738 977 3827 provincias
1028 3736 1437 3821 acciperent?
1509 3736 1590 3801 In
1652 3734 2018 3803 Sardiniam
2067 3744 2132 3799 et
2174 3731 2464 3801 Siciliam

141 3862 204 3915 et
244 3851 545 3916 Africam
593 3860 749 3914 tunc
790 3846 1049 3931 quidem
1094 3845 1461 3911 consulares
1516 3846 1636 3910 viri
1693 3866 1824 3909 non
1872 3840 2464 3929 proficiscebantur,

134 3959 497 4046 Hispanias
563 3956 865 4023 tenebant
924 3953 1276 4038 Pompeius
1344 3963 1408 4019 et
1469 3952 1553 4034 Q.
1610 3952 1918 4019 Metellus
1932 3998 1950 4028 ,
2013 3948 2465 4015 Macedoniam

135 4068 215 4135 C.
258 4067 503 4145 Curio,
545 4062 845 4132 Ciliciam
883 4063 964 4129 L.
1010 4061 1361 4139 Octavius,
1401 4062 1486 4127 de
1525 4083 1654 4149 quo
1697 4059 2017 4137 diximus,
2075 4080 2196 4124 nec
2234 4057 2466 4122 horum

136 4178 495 4264 qnisquam
532 4173 825 4241 revocari
862 4182 1131 4258 poterat,
1184 4170 1337 4256 quia
1373 4169 1469 4237 illi
1503 4169 1954 4237 difficillimum
1989 4166 2232 4234 bellum
2257 4165 2464 4231 admi-

136 4284 502 4354 nistrabant
517 4330 536 4362 ,
593 4283 659 4347 hi
714 4280 907 4347 modo
944 4278 1309 4367 provincias
1354 4290 1753 4364 acceperant.
1832 4275 2054 4359 Quare
2097 4296 2300 4341 unum
2343 4273 2468 4341 hoc

140 4393 660 4481 relinquebatur,
724 4401 799 4455 ut
842 4385 1219 4455 consulibus
1274 4386 1514 4453 futuris
1565 4386 1694 4472 (sic
1733 4385 1904 4451 enim
1937 4385 2044 4451 lex
2087 4380 2470 4470 Sempronia

1972 4492 2066 4559 4*
