2917 5017
2464 392 2507 437 V

178 529 263 595 ab
292 516 677 597 consulibus
718 526 1085 613 regebatur,
1120 528 1323 593 multa
1347 527 1429 595 de
1469 530 1948 615 provinciarum
1973 532 2314 613 divisione,
2341 559 2508 623 quae

180 638 247 700 in
306 638 577 722 antiqua
631 633 962 721 republica
1018 636 1161 712 fuit,
1216 635 1494 703 dicenda
1549 649 1746 715 erant,
1806 639 2042 707 deinde
2101 644 2358 709 condita
2409 656 2508 711 est

180 746 539 831 provincia,
586 755 929 831 postquam
970 742 1047 809 C.
1092 744 1343 811 Marius
1386 746 1664 812 maximo
1707 747 1876 815 bello
1921 748 2221 815 Cimbros
2261 752 2506 819 Teuto-

182 877 435 938 nosque
480 854 658 931 vicit,
700 853 780 917 de
814 875 943 936 quo
968 853 1111 938 ipso
1150 876 1355 939 pauca
1394 853 1870 940 disputavimus
1909 859 2296 935 necessario,
2322 861 2508 945 plura

180 964 261 1027 de
320 962 507 1027 bellis
562 959 887 1037 civilibus,
946 983 1111 1047 quae
1168 962 1461 1027 insecuta
1521 977 1692 1041 sunt,
1747 965 2183 1044 adiunximus,
2231 990 2506 1051 quorum

179 1093 437 1147 causae,
493 1070 621 1135 nisi
666 1068 915 1135 Galliae
969 1069 1133 1135 ratio
1179 1081 1492 1149 teneatur,
1541 1073 1651 1137 vix
1697 1074 1854 1139 satis
1911 1075 2160 1159 possint
2209 1076 2504 1161 intelligi.

176 1178 353 1243 Tum
412 1178 615 1243 altera
668 1177 893 1244 addita
948 1189 1049 1243 est
1090 1178 1423 1264 provincia
1469 1178 1702 1257 Gallia,
1747 1204 1897 1247 cum
1943 1181 2020 1248 C.
2066 1180 2311 1248 Caesar
2351 1206 2505 1249 suae

176 1286 502 1373 potentiae
554 1287 893 1373 augendae
936 1307 1133 1352 causa
1176 1286 1359 1373 leges
1408 1289 1686 1355 civitatis
1732 1301 2172 1369 commutaret,
2213 1292 2506 1357 maximi-

176 1419 305 1481 que
359 1394 515 1460 belli
564 1395 773 1461 civilis
818 1394 1001 1481 origo
1054 1406 1250 1479 atque
1303 1396 1558 1461 occasio
1609 1419 1689 1463 ex
1741 1396 1965 1463 eadem
2011 1398 2132 1465 hac
2175 1399 2507 1485 provincia

175 1504 355 1569 haud
404 1504 603 1571 dubie
646 1504 994 1589 repetenda
1028 1514 1145 1569 est.
1208 1504 1442 1569 Postea
1488 1524 1642 1569 vero
1679 1506 1763 1569 ad
1812 1505 2088 1573 Galliam
2131 1506 2504 1596 Transalpi-

172 1636 323 1679 nam
368 1614 482 1698 qui
518 1613 743 1700 populi
784 1622 1219 1689 accesserunt,
1259 1610 1726 1681 validissimam
1767 1615 2021 1702 imperii
2069 1627 2316 1702 partem
2361 1618 2503 1683 effi-

174 1720 453 1798 ciebant,
498 1722 687 1787 cuius
730 1720 1061 1787 historiam
1106 1720 1219 1806 qui
1266 1723 1700 1808 persequitur,
1741 1746 1870 1788 non
1909 1735 2118 1808 potest
2159 1749 2288 1791 non
2319 1750 2502 1812 prae·
2599 1718 2604 1723 ’

140 1830 607 1904 ,stantissimos
652 1830 1091 1896 Romanorum
1136 1830 1338 1895 duces
1382 1852 1798 1916 cognoscere,
1841 1842 2010 1897 artes
2042 1832 2501 1919 imperatorum

168 1941 235 2005 in
270 1938 565 2025 regenda
606 1938 939 2025 republica
973 1938 1389 2025 investigare,
1426 1940 1846 2005 maximarum
1893 1941 2315 2007 mutationum
2358 1943 2501 2007 fon-

169 2061 297 2113 tem
378 2047 652 2135 aperire.
748 2046 1119 2113 Deducitur
1180 2048 1353 2113 idem
1432 2047 1521 2112 ad
1582 2048 1950 2135 provincias
2015 2048 2347 2125 finitimas,
2419 2071 2500 2113 ex

168 2156 411 2241 quibus
454 2156 683 2223 Raetia
737 2157 819 2223 ab
864 2158 1007 2243 ipsa
1050 2155 1530 2241 quodammodo
1575 2167 1726 2223 nata
1775 2167 1875 2223 est
1896 2203 1914 2233 ,
1975 2156 2284 2221 Noricum
2327 2156 2500 2222 Pan-

172 2266 499 2350 noniaque
556 2276 726 2331 certe
780 2288 911 2331 non
952 2264 1161 2331 aliena
1203 2266 1490 2342 fuerunt,
1535 2276 1608 2330 ut
1651 2267 1764 2331 vix
1801 2266 1934 2331 ulla
1976 2288 2081 2329 res
2129 2264 2332 2329 maior
2375 2264 2502 2329 sub

169 2372 675 2459 imperatoribus
726 2374 1054 2451 acciderit,
1104 2396 1271 2459 quae
1322 2395 1451 2440 non
1503 2395 1652 2438 cum
1696 2372 1906 2439 Gallia
1947 2374 2051 2437 vel
2095 2372 2342 2458 origine
2397 2374 2502 2438 vel

170 2481 349 2545 exitu
407 2481 511 2546 vel
566 2481 782 2568 aliqua
832 2481 1141 2547 affinitate
1194 2481 1536 2547 coniuncta
1578 2481 1795 2559 fuerit.
1879 2480 2237 2566 Praecipua
2286 2491 2499 2546 autem

168 2590 513 2675 diligentia
554 2612 703 2683 eum
744 2590 985 2667 locum,
1026 2589 1139 2675 qui
1178 2589 1277 2655 ad.
1315 2588 1648 2655 dictatoris
1689 2586 1990 2655 Caesaris
2031 2600 2318 2673 tempora
2350 2611 2500 2675 per-

168 2698 348 2775 tinet,
391 2698 833 2775 tractavimus,
878 2698 945 2763 in
986 2720 1117 2784 quo
1164 2720 1312 2765 cum·
1355 2698 1560 2763 multa
1593 2698 1874 2763 obscura
1918 2697 2022 2762 vel
2071 2696 2314 2763 incerta
2355 2719 2500 2765 esse

168 2807 567 2885 videremus,
612 2807 1003 2893 peculiarem
1046 2809 1119 2869 de
1164 2810 1489 2871 dictatoris
1505 2808 1812 2871 ‘Caesaris
1852 2806 2182 2869 honoribus
2205 2804 2498 2889 disputa-

170 2915 409 2981 tionem
450 2916 867 2993 instituimus,
924 2936 1303 2999 magnarum
1360 2915 1651 2998 profecto
1699 2913 2154 2979 difficultatum
2199 2913 2498 3000 plenissi-

170 3048 363 3103 mam,
408 3024 524 3093 sed
569 3026 860 3102 eandem,
902 3037 977 3089 ut
1014 3044 1369 3109 speramus,
1408 3042 1540 3085 non
1573 3021 2059 3087 infructuosam.
2126 3021 2500 3087 Dicendum

168 3136 341 3201 enim
384 3146 525 3200 erat
557 3133 639 3200 de
684 3133 1024 3209 dictatura,
1072 3130 1155 3197 de
1200 3128 1562 3209 consulatu,
1607 3128 1925 3214 quaedam
1968 3127 2158 3193 etiam
2189 3129 2272 3193 de
2297 3128 2499 3194 fasto-

174 3264 309 3307 rum
372 3264 919 3326 nummorumque
972 3238 1235 3317 ratione‚
1289 3237 1604 3324 imprimis
1659 3248 1875 3302 autem
1931 3236 2501 3302 animadvertenda

180 3350 276 3417 illa
316 3352 641 3417 honorum
688 3348 1057 3425 cumulatio,
1094 3369 1261 3432 quae
1305 3356 1461 3411 tunc
1495 3346 1760 3411 inventa
1795 3344 2102 3430 paulatim
2149 3345 2497 3431 potentiam

174 3458 633 3545 imperatorum
700 3458 931 3525 effecit.
1026 3454 1161 3538 Qui
1224 3454 1411 3519 locus
1476 3463 1650 3519 totus
1713 3452 2044 3538 aptissime
2108 3452 2238 3529 illa,
2304 3445 2498 3537 quam

176 3567 711 3653 significavimus,
756 3566 1133 3652 quaestione
1179 3564 1261 3629 de
1300 3560 1548 3647 origine
1590 3560 1968 3627 tribuniciae
1990 3560 2345 3647 potestatis,
2370 3582 2500 3645 qua

172 3676 595 3763 imperatores
638 3676 743 3743 usi
796 3686 967 3753 sunt,
1012 3670 1443 3739 concluditur.
1517 3668 1980 3748 Veruntamen,
2021 3668 2090 3732 id
2139 3667 2317 3754 quod
2357 3689 2498 3736 mo·

170 3785 407 3851 lestum
452 3782 642 3849 nobis
685 3782 893 3849 fuisse
932 3782 1227 3857 fatemur,
1270 3778 1461 3844 etiam
1505 3776 1894 3863 amplificare
1931 3776 2090 3841 haec
2137 3775 2342 3841 coacti
2385 3797 2499 3841 su-

172 3916 339 3970 mus,
380 3902 459 3957 ut
496 3890 999 3976 disputationem
1040 3898 1325 3953 nostram
1368 3885 1450 3954 ab
1495 3885 1773 3952 diversis
1815 3882 2336 3949 doctissimorum
2380 3881 2498 3946 ho-

170 4001 415 4067 minum
456 3998 869 4086 opinionibus
916 3996 1445 4063 defenderemus:
1495 4017 1659 4079 quae
1705 4016 1854 4058 cum
1893 4014 2022 4057 non
2051 3988 2498 4067 contendendi,

172 4109 284 4174 sed
356 4107 497 4173 veri
573 4104 949 4173 inveniendi
1022 4126 1218 4171 causa
1280 4102 1470 4169 inviti
1541 4100 2000 4175 scriberemus,
2064 4120 2146 4163 ne
2213 4097 2499 4183 reliquae

168 4216 569 4301 quaestionis
654 4213 854 4281 series
924 4211 1421 4289 distraheretur,
1484 4210 1551 4275 in
1616 4208 2037 4296 appendicem
2105 4205 2498 4271 coniecimus

171 4324 458 4389 criticam
513 4320 1067 4407 necessitatisque,
1131 4342 1210 4384 ex
1268 4341 1397 4404 qua
1455 4328 1604 4383 nata
1662 4328 1832 4392 sunt,
1890 4326 1964 4379 ut
2018 4312 2500 4379 excusationem

170 4430 525 4507 inveniant,
564 4451 960 4516 magnopere
1004 4438 1321 4514 optamus.
