2917 5017
481 314 606 379 238
1143 316 1224 365 Dc
1263 313 1523 363 dictatoris
1561 312 1795 363 Caesaris
1834 314 2137 365 honoribus.

484 478 703 561 Quare
745 500 890 543 cum
931 476 1372 543 emendatione
1413 496 1580 560 opus
1618 476 1721 551 sit,
1760 475 1885 539 nisi
1918 485 2132 538 tamen
2162 472 2423 557 longius
2460 472 2539 537 ab
2568 473 2769 539 litteris

483 587 736 651 traditis
793 587 1164 661 recedatur,
1227 583 1384 647 nihil
1435 583 1615 666 quod
1670 593 1893 668 aptum
1950 582 2065 659 sit,
2128 582 2405 646 inveniri
2462 604 2665 665 neque
2714 582 2769 645 id

481 695 696 780 ipsum
745 707 915 759 certe
967 693 1160 759 statui
1213 701 1455 778 potest,
1514 700 1587 754 ut
1636 691 1873 754 vulnus
1914 689 2131 774 ipsum
2170 689 2641 753 demonstrasse
2678 712 2771 753 cu-

483 804 920 887 rationemque
977 802 1058 867 iis
1117 800 1231 885 qui
1287 798 1600 865 subsidiis
1660 798 1899 863 criticis
1956 808 2220 862 utantur
2271 797 2634 881 permittere
2690 821 2773 861 sa·-

487 911 617 975 tius
661 911 762 975 sit.

650 1019 836 1083 Talia
878 1018 1079 1098 igitur
1119 1038 1270 1081 cum
1309 1015 1437 1081 sint
1477 1014 1705 1090 edicta,
1756 1035 1921 1097 quae
1964 1011 2043 1077 ab
2080 1012 2357 1098 Iosepho
2398 1014 2686 1087 citantur,
2723 1012 2775 1075 in

484 1126 724 1210 quibus
774 1126 830 1191 si
873 1126 1088 1210 ipsum
1129 1124 1481 1209 Iosephum
1520 1122 1679 1186 nihil
1717 1142 2023 1207 peccasse
2067 1120 2460 1205 putabimus,
2510 1119 2779 1185 librario-

482 1256 628 1297 rum
673 1246 844 1299 certe
887 1254 1014 1297 non
1060 1232 1238 1297 leves
1283 1254 1535 1297 errores
1580 1229 2011 1316 reperiuntur,
2058 1229 2203 1312 quis
2245 1228 2373 1293 iam
2415 1228 2583 1293 sexti
2629 1228 2779 1291 illius

482 1340 676 1406 edicti
740 1340 956 1406 verbis
1007 1341 1102 1403 uti
1156 1341 1360 1416 volet,
1417 1350 1493 1403 ut
1533 1351 1907 1424 perpetuam
1950 1336 2249 1403 Caesaris
2297 1337 2677 1401 dictaturam
2716 1335 2779 1399 ab

483 1460 712 1533 quarta
747 1450 1070 1513 diversam
1111 1448 1314 1512 fuisse
1346 1448 1618 1513 doceat?
1683 1448 1785 1511 De
1820 1458 2103 1531 tempore
2137 1456 2349 1509 autem
2384 1444 2605 1521 huius,
2643 1466 2781 1528 quae

483 1570 710 1639 quarta
757 1557 1110 1640 eademque
1153 1566 1463 1641 perpetua
1507 1556 1659 1631 fuit,
1722 1554 2079 1619 dictaturae
2122 1553 2370 1617 nullum
2418 1566 2663 1617 certum
2700 1574 2782 1613 re-

482 1666 726 1749 peritur
771 1665 1228 1730 testimonium.
1295 1665 1373 1727 In
1409 1664 1593 1728 fastis
1636 1675 1699 1727 et
1738 1660 2121 1747 Capitolinis
2162 1672 2224 1725 et
2251 1658 2613 1725 Colotianis
2652 1661 2783 1723 scri-

484 1771 659 1837 bitur
725 1784 870 1837 ante
936 1772 1234 1855 quintum
1301 1772 1705 1837 consulatum
1724 1818 1742 1847 ‚
1812 1770 1881 1835 id
1944 1770 2121 1855 quod
2189 1768 2539 1853 dupliciter
2604 1780 2783 1853 potest

485 1881 806 1964 explicari.
918 1880 1176 1947 Etenim
1241 1890 1354 1945 aut
1423 1902 1593 1943 anno
1650 1879 1729 1943 45
1798 1887 2100 1963 suscepta
2169 1888 2299 1952 est,
2375 1888 2449 1939 ut
2525 1886 2785 1959 tempore

485 1989 818 2053 antecedat
863 1990 1088 2073 quinto
1131 1988 1525 2061 consulatui,
1570 1997 1680 2051 aut
1716 1986 1867 2050 Kal.
1906 1986 2043 2051 Ian.
2083 1984 2233 2051 anni
2274 1984 2387 2060 44,
2433 1993 2513 2047 ut
2550 1982 2785 2048 honoris

487 2118 686 2161 causa
723 2109 1144 2182 anteponatur
1183 2108 1374 2179 atque
1413 2118 1498 2159 ex
1536 2093 1794 2159 duobus
1836 2092 2320 2177 magistratibus
2353 2093 2433 2167 is,
2471 2092 2591 2175 qui
2614 2091 2788 2155 maior

487 2226 626 2269 esse
674 2204 1000 2279 videatur,
1055 2202 1416 2288 praecedat.
1507 2198 1611 2265 Cf.
1656 2199 2010 2265 Comment.
2056 2202 2259 2286 epigr.
2298 2200 2334 2265 I
2376 2223 2440 2285 p.
2482 2200 2591 2265 23.
2674 2197 2785 2263 Sed

489 2310 832 2395 singularis
877 2311 1232 2376 dictaturae
1273 2310 1456 2385 ratio,
1504 2330 1669 2393 quae
1712 2330 1838 2371 non
1874 2308 2105 2373 annuis
2141 2307 2393 2371 vicibus
2435 2318 2787 2391 usurpatur,

483 2418 666 2495 facit,
724 2430 794 2483 ut
849 2420 1066 2504 potius
1117 2440 1282 2483 anno
1325 2417 1404 2483 45
1466 2417 1741 2480 delatam
1795 2438 1937 2479 esse
1995 2438 2310 2479 censeam.
2398 2414 2789 2499 Quamquam

485 2527 868 2609 pertinuisse
923 2547 1064 2588 eam
1119 2525 1202 2589 ad
1265 2546 1503 2589 annum
1547 2524 1626 2589 44
1689 2524 1924 2587 docent
1976 2523 2127 2589 fasti
2178 2522 2637 2607 triumphales,
2698 2519 2791 2583 ubi

487 2644 708 2697 sextus
751 2630 1046 2697 Caesaris
1089 2632 1454 2717 triumphus
1500 2632 1594 2695 sic
1638 2631 2088 2717 perscribitur:

487 2742 856 2804 clvnlvs-
879 2743 948 2803 c-
965 2745 1034 2802 F·
1057 2743 1122 2803 c-
1141 2744 1222 2802 N·
1241 2743 1583 2805 CAESAR·
1597 2746 1701 2803 VI·
1718 2743 1939 2803 DIOT·
1952 2744 2097 2801 1111·
2116 2739 2411 2801 ovAns-
2431 2743 2508 2799 A·
2526 2739 2793 2815 Dccssx

555 2852 691 2911 EX·
719 2852 1035 2913 MONTE·
1059 2852 1402 2912 ALBANO
1862 2854 2001 2911 VII·
2030 2854 2109 2911 K·
2137 2852 2187 2910 F
2188 2851 2374 2909 EBR·

485 2954 540 3019 F
545 2955 694 3019 eriis
751 2956 953 3041 igitur
997 2956 1248 3021 Latinis
1305 2956 1487 3039 (nam
1544 2954 1645 3020 his
1699 2955 1973 3041 peractis
2026 2978 2175 3021 cum
2220 2965 2520 3019 ovantem
2567 2952 2795 3016 redisse

484 3076 742 3129 narrant
787 3064 918 3128 Dio
961 3064 1220 3140 XLIV,
1260 3064 1298 3129 4
1339 3075 1402 3129 et
1445 3066 1555 3139 103
1607 3064 1781 3129 Plut.
1827 3062 2015 3129 Caes.
2064 3064 2181 3139 603
2232 3059 2413 3126 Suet.
2460 3056 2659 3125 Caes.
2700 3058 2795 3140 79)

485 3169 758 3235 dictator
796 3172 891 3235 IV
937 3182 1104 3247 erat,
1152 3182 1216 3235 at
1257 3172 1486 3257 viginti
1534 3171 1767 3236 diebus
1807 3185 1967 3257 post,
2012 3196 2067 3235 a.
2115 3171 2179 3233 d.
2219 3168 2357 3234 XV
2399 3168 2555 3233 Kal.
2596 3167 2795 3239 Mart„

487 3298 634 3339 cum
671 3278 1060 3361 Lupercalia
1095 3292 1464 3363 agerentur,
1504 3279 1779 3344 dictator
1810 3291 2163 3363 perpetuus
2197 3277 2569 3341 nominatur
2607 3298 2646 3340 a
2674 3272 2794 3339 Cic.

483 3382 652 3449 Phil.
682 3384 774 3460 Π,
815 3385 914 3450 34.
996 3384 1150 3465 Quo
1187 3386 1527 3451 intervallo
1568 3386 1746 3471 quod
1788 3386 2143 3452 Eckhelius
2186 3397 2565 3471 perpetuam
2608 3385 2795 3447 dicta·

484 3501 696 3555 turam
739 3492 800 3555 ei
842 3492 1116 3557 delatam
1159 3516 1302 3559 esse
1347 3494 1690 3571 existimat,
1731 3494 1885 3559 facit
1922 3506 1987 3558 et
2018 3494 2197 3557 nullo
2238 3515 2509 3578 prorsus
2552 3503 2795 3557 auctore

485 3610 550 3663 et
602 3608 822 3665 contra
869 3614 1162 3687 apertum
1209 3602 1523 3667 fastorum
1570 3602 2026 3667 testimonium.
2120 3601 2447 3685 Equidem
2492 3600 2579 3665 ad
2624 3612 2791 3663 natu-

484 3729 622 3771 ram
672 3708 1047 3783 dictaturae,
1091 3708 1174 3772 (16
1207 3731 1332 3792 qua
1361 3710 1760 3793 disputatum
1789 3721 1907 3785 est,
1946 3708 2355 3774 redeundum
2380 3730 2527 3773 esse
2558 3728 2791 3781 censeo,
2853 3774 2854 3785 ἢ

483 3835 677 3897 quam
739 3814 824 3879 ab
880 3837 956 3879 6ο
1015 3815 1156 3891 die,
1217 3838 1346 3899 quo
1391 3817 1651 3881 decreta
1695 3828 1757 3881 et
1797 3816 1879 3881 ab
1922 3818 2185 3881 consule
2227 3818 2573 3881 constituta
2618 3825 2791 3887 esset,
2852 3804 2854 3885 ξ

482 3921 808 3987 numerari
853 3923 1266 3987 consuevisse
1311 3924 1615 3989 vidimus.
1681 3926 2027 3989 Decretam
2066 3936 2281 3989 autem
2320 3919 2487 3989 hanc
2514 3935 2791 4010 quartam
2852 3942 2854 3987 ἲ

483 4027 866 4093 dictaturam
920 4052 1052 4095 una
1103 4052 1250 4095 cum
1311 4032 1651 4096 consulatu
1711 4043 1937 4117 quarto
1994 4032 2173 4097 haud
2227 4031 2427 4099 dubie
2488 4030 2791 4117 significat

486 4132 842 4203 Suetonius
889 4160 942 4201 c.
984 4138 1086 4213 76,
1136 4138 1217 4201 de
1257 4161 1386 4222 quo
1421 4140 1567 4205 loco
1612 4164 1811 4227 supra
1859 4140 2105 4205 dictum
2150 4151 2267 4205 est.
2350 4140 2571 4225 Atque
2614 4139 2789 4203 etiam

481 4242 766 4309 Zonaras
804 4244 911 4321 X,
961 4248 1030 4309 11
1082 4256 1146 4309 et
1186 4246 1360 4331 App.
1400 4246 1549 4311 bell.
1596 4248 1717 4312 civ.
1757 4248 1858 4325 ΙΙ,
1905 4247 2022 4313 106
2068 4243 2333 4311 Caesari
2380 4257 2527 4332 post
2566 4245 2785 4310 bellum

481 4351 918 4437 Hispaniense
953 4352 1224 4420 Romam
1263 4376 1525 4418 reverso
1569 4355 1953 4421 dictaturam
1996 4364 2373 4439 perpetuam
2412 4354 2625 4421 datam
2660 4372 2783 4417 esse
2853 4342 2854 4425 s
