2917 5017
495 335 614 400 108
1129 336 1214 385 De
1251 335 1420 386 Gallia
1458 336 1811 386 Romanorum
1860 337 2137 400 provincia.

491 501 794 586 gentibus
849 500 1110 586 Alpinis
1163 500 1450 565 nominat
1506 499 1741 564 Raetos
1796 511 1857 564 et
1903 500 2299 566 Vindelicos.
2386 499 2561 563 Num
2602 499 2769 582 igitur
2854 507 2856 568 ξ

491 632 642 674 cum
681 609 750 672 in
791 609 1056 692 reliquis
1093 609 1348 693 populis
1389 607 1843 672 enumerandis
1882 608 2291 694 diligentem,
2344 607 2412 670 in
2460 607 2771 671 Raetorum

491 729 684 804 gente
726 718 1164 803 negligentem
1199 714 1404 780 fuisse
1449 713 1869 800 putabimus?
1952 715 2099 780 Non
2152 715 2460 790 arbitror,
2500 714 2629 806 „sed
2673 713 2775 778 hoc
2854 699 2856 754 ἶ

491 826 930 910 colligendum
969 847 1112 890 esse
1151 847 1404 900 cense0,
1451 824 1639 888 cuius
1677 823 1983 909 temporis
2025 825 2383 908 provincias
2418 823 2663 887 Plinius
2694 845 2774 887 re·
2854 865 2856 886 2

491 944 782 1008 censeat,
839 955 917 996 eo
956 932 1250 998 Raetiam
1289 931 1851 1015 Vindeliciamque
1892 932 2182 996 nondum
2232 930 2561 996 subactam
2604 931 2777 996 fuisse
2854 939 2856 942 ‘

493 1041 598 1105 vel
635 1040 926 1105 nondum
979 1040 1045 1104 in
1090 1040 1456 1125 provinciae
1496 1041 1765 1104 formam
1809 1025 2155 1104 redactam.
2240 1038 2405 1104 Nam
2450 1039 2603 1122 quin
2639 1039 2778 1102 Rae-

492 1160 703 1216 torum
741 1149 962 1234 populi
997 1148 1126 1212 iam
1161 1147 1487 1232 aliquanto
1530 1157 1697 1224 ante,
1738 1148 2032 1232 quamvis
2072 1148 2211 1213 suis
2250 1147 2511 1233 legibus
2552 1145 2781 1230 suisque

495 1256 781 1323 moribus
837 1257 1160 1332 viverent,
1233 1254 1545 1320 tributum
1608 1266 1819 1322 tamen
1878 1256 2119 1342 populo
2181 1256 2477 1321 Romano
2534 1254 2781 1339 pendere

493 1365 886 1442 consuerint,
929 1387 1058 1429 non
1105 1365 1436 1432 dissentio,
1522 1362 1831 1448 Sequitur
1868 1365 2071 1448 igitur
2107 1364 2359 1428 Plinius
2396 1387 2541 1428 eam
2572 1361 2782 1427 Gallia-

493 1499 638 1540 rum
681 1473 1086 1548 divisionem,
1133 1495 1298 1556 quae
1343 1471 1424 1536 ab
1466 1473 1771 1557 Augusto
1816 1472 1997 1537 initio
2038 1473 2441 1558 principatus
2488 1471 2591 1536 sui
2628 1469 2783 1534 insti-

493 1591 632 1646 tuta
679 1592 870 1664 atque
923 1580 1234 1664 imprimis
1294 1579 1376 1645 ab
1403 1580 1715 1666 ‘Agrippa
1768 1581 2139 1645 confirmata
2183 1590 2315 1658 est,
2369 1602 2565 1665 quem
2610 1579 2786 1642 solum
2854 1609 2856 1702 1

493 1699 818 1754 auctorem
859 1687 942 1752 ab
979 1688 1090 1752 illo
1135 1687 1314 1752 citari
1353 1688 1653 1752 videmus
1698 1691 1727 1770 §
1773 1689 1889 1753 105
1908 1736 1926 1765 ‚
1980 1689 2050 1752 in
2094 1711 2283 1773 quam
2326 1689 2708 1752 divisionem
2746 1687 2787 1748 si
2855 1705 2856 1716 ³

493 1796 650 1880 quid
705 1819 960 1872 eorum,
1019 1819 1182 1880 quae
1221 1807 1445 1882 postea
1482 1810 1627 1862 acta
1666 1807 1850 1873 sunt,
1912 1796 2189 1862 notabile
2236 1796 2601 1871 videretur,
2658 1793 2785 1858 sub-
2854 1787 2856 1862 }

491 1905 736 1981 iunxit,
793 1905 992 1970 veluti
1043 1905 1126 1970 de
1179 1905 1426 1970 colonia
1473 1905 1963 1991 Agrippinensi.
2069 1905 2327 1987 Quodsi
2373 1905 2503 1970 hoc
2560 1902 2786 1989 egisset,
2854 1939 2856 1982 i

493 2035 623 2076 non
660 2023 733 2076 ut
769 2014 1068 2098 regiones
1105 2013 1510 2099 populosque
1542 2023 1907 2080 recenseret
1932 2013 2201 2099 eiusque
2226 2012 2623 2078 recensionis
2646 2019 2787 2074 recte
2854 1983 2856 2114 ἱ

493 2120 924 2185 instituendae
963 2144 1160 2186 causa
1201 2120 1501 2204 aliquam,
1544 2143 1708 2205 quae
1744 2134 1915 2187 certe
1954 2122 2187 2187 tradita
2224 2133 2415 2198 esset,
2462 2118 2788 2207 provincia·
2854 2115 2856 2164 ¹

489 2251 638 2292 rum
682 2229 1116 2294 Romanarum
1162 2229 1656 2314 descriptionem
1702 2229 1989 2314 eligeret,
2034 2231 2149 2296 sed
2194 2241 2268 2294 ut
2308 2253 2427 2316 per
2467 2251 2628 2313 quas
2668 2248 2787 2312 pro-

497 2336 740 2402 vincias
807 2338 1146 2422 imperium
1209 2338 1575 2402 Romanum
1636 2349 1973 2424 regeretur
1994 2387 2013 2416 ,
2080 2339 2411 2414 definiret,
2486 2360 2634 2402 cum
2692 2335 2787 2399 alia

497 2446 698 2510 multa
749 2446 1044 2511 facienda
1093 2457 1304 2522 erant,
1361 2459 1499 2510 tum
1552 2455 1665 2511 aut
1706 2446 2091 2532 Vespasiani
2150 2457 2471 2532 tempora,
2532 2445 2615 2509 ad
2656 2463 2786 2527 quae

497 2554 1109 2635 accommodaretur,
1157 2553 1456 2639 eligenda
1500 2563 1611 2618 aut
1650 2555 1813 2638 quid
1848 2554 2155 2640 deinceps
2202 2577 2283 2620 ex
2328 2554 2661 2640 superiore
2698 2551 2783 2612 de-

499 2661 846 2747 scriptione
894 2661 1300 2727 immutatum
1358 2673 1560 2736 esset,
1623 2663 2121 2748 significandum
2181 2674 2333 2728 erat.
2428 2663 2625 2727 Nunc
2666 2681 2777 2723 con-

499 2767 794 2832 stantiam
847 2781 958 2834 aut
1009 2770 1452 2854 aequalitatem
1511 2793 1739 2854 parum
1786 2778 1941 2836 sane
1986 2793 2135 2835 eum
2180 2793 2445 2836 curasse
2488 2766 2781 2836 confitebi-

497 2899 644 2940 mur
683 2900 1110 2963 magnamque
1155 2879 1517 2942 cautionem
1556 2877 2037 2955 adhibebimus,
2090 2901 2173 2942 ne
2218 2900 2298 2942 ex
2326 2878 2407 2942 iis
2440 2901 2610 2963 quae
2644 2873 2785 2947 dicit,

497 2986 562 3050 in
623 3009 905 3052 errorem
949 2986 1356 3052 inducamur.
1443 2987 1817 3071 Similisque
1860 3009 2128 3073 prorsus
2176 2987 2331 3052 mihi
2374 2986 2639 3052 videtur
2675 3003 2788 3047 esse

500 3094 870 3159 Pannoniae
912 3095 974 3159 N
977 3094 1264 3178 oricique
1324 3094 1705 3179 descriptio,
1764 3117 1930 3178 quae
1975 3119 2015 3160 a
2057 3095 2269 3160 Plinio
2316 3095 2405 3158 ita
2448 3092 2791 3175 adiungitur
2854 3111 2856 3176 χ

500 3203 856 3267 Delmatiae
896 3203 1308 3286 Illyricoque,
1349 3213 1423 3265 ut
1468 3202 1645 3265 nulla
1678 3201 2047 3286 provinciae
2082 3203 2193 3268 fiat
2228 3203 2469 3267 mentio
2508 3202 2674 3289 (libr.
2690 3195 2788 3269 III,
2854 3179 2856 3200 ¹

499 3312 601 3386 24,
653 3312 770 3376 146
811 3311 936 3394 sq.)
957 3356 974 3385 ,
1035 3331 1184 3374 cum
1225 3309 1481 3374 Moesia
1540 3308 1748 3374 vicina
1792 3310 2151 3395 appelletur
2194 3311 2564 3397 provincia:
2626 3326 2785 3394 quare

499 3420 618 3484 hos
676 3441 930 3502 quoque
986 3417 1260 3503 populos
1325 3418 1411 3481 ad
1470 3439 1692 3482 eorum
1754 3427 2113 3503 temporum
2178 3420 2525 3498 rationem,
2587 3415 2781 3504 quibus

499 3527 789 3591 nondum
829 3549 1016 3592 suum
1056 3524 1420 3611 praesidem
1457 3535 1868 3611 acceperant,
1914 3526 1995 3592 ab
2038 3549 2115 3591 eo
2158 3527 2511 3592 recensitos
2548 3547 2679 3593 esse
2698 3542 2771 3584 ar-

500 3636 830 3702 bitramur.
927 3634 1164 3700 Strabo
1219 3656 1374 3699 vero
1419 3643 1595 3698 totus
1636 3635 1704 3698 in
1750 3635 1871 3700 hac
1913 3635 2349 3719 disputatione
2389 3630 2781 3722 negligendus

501 3757 618 3821 est,
669 3746 781 3828 qui
825 3743 1076 3808 Galliae
1122 3743 1330 3829 ipsius
1373 3745 1652 3830 populos
1698 3767 1828 3809 non
1870 3742 2350 3830 provinciarum
2392 3742 2617 3808 ordine
2654 3757 2783 3804 enu-

501 3863 735 3928 meret,
795 3851 1036 3916 nedum
1081 3863 1150 3916 ut
1191 3873 1354 3935 quae
1401 3863 1627 3937 gentes
1666 3851 2001 3938 republica
2040 3861 2321 3927 tantum,
2366 3875 2495 3916 non
2538 3853 2783 3915 locorum

499 3960 968 4045 regionumque
1011 3960 1140 4026 situ
1183 3960 1748 4045 coniungerentur,
1794 3983 1902 4026 eas
1942 3960 2023 4025 ad
2054 3959 2335 4025 Galliam
2372 3960 2589 4045 potius
2626 3971 2785 4040 quam

501 4089 578 4132 eo
627 4089 757 4150 quo
809 4079 1038 4132 natura
1095 4067 1414 4153 pertinere
1470 4067 1891 4154 intelligeret,
1963 4090 2299 4132 recensere
2358 4066 2655 4133 debuisse
2705 4058 2782 4122 vi·

501 4176 752 4242 deatur.

674 4286 860 4367 Quae
911 4309 1058 4351 cum
1112 4288 1204 4352 ita
1257 4285 1418 4362 sint,
1476 4285 1597 4350 hoc
1648 4285 1922 4349 maxime
1966 4294 2285 4369 tempore,
2344 4305 2473 4368 quo
2516 4275 2781 4346 Tiberius

505 4418 586 4462 ex
617 4395 832 4462 Gallia
855 4396 1074 4462 Raetis
1112 4395 1354 4461 bellum
1398 4393 1635 4470 intulit,
1680 4392 1967 4458 Gallicas
2011 4390 2375 4478 provincias
2417 4391 2511 4456 ita
2547 4393 2782 4456 mutatas
