2917 5017
805 331 888 382 De
929 329 1101 382 Gallia
1132 333 1485 387 Romanorum
1532 337 1805 401 provincia.
2342 341 2457 410 115

178 490 594 556 Pannonicum
655 495 906 558 finitum
965 495 1364 560 referendam
1425 517 1575 560 esse
1632 501 1895 587 colligit.
2006 504 2141 570 Sed
2206 507 2457 574 etiamsi

173 621 320 662 anno
367 599 434 662 14
486 601 718 666 fuisset
767 605 1024 690 propria
1072 602 1404 686 provincia
1443 605 1773 673 Pannonia
1826 614 1976 696 (nec
2019 614 2223 678 fuisse
2267 616 2458 701 paulo

172 719 298 790 post
355 707 854 796 intelligemus),
921 722 1132 778 tamen
1197 733 1324 775 non
1385 711 1648 779 deberet
1704 716 1911 784 videri
1968 744 2135 786 anno
2184 724 2261 788 10
2314 745 2456 788 esse

171 815 418 880 condita.
499 818 661 884 Nam
703 820 1074 886 Pannoniae
1117 833 1180 885 et
1215 821 1595 898 Delmatiae,
1636 847 1797 908 quas
1838 829 2223 906 existimant,
2264 831 2455 916 primi

168 924 338 1009 legati
401 927 664 992 fuerunt
715 929 944 994 Iunius
999 930 1274 994 Blaesus
1337 941 1401 994 et
1449 930 1527 994 P.
1576 930 1942 1012 Dolabella,
2016 937 2127 1021 qui
2186 959 2267 1001 ex
2326 961 2455 1024 quo

167 1035 468 1102 Pannonia
510 1038 752 1104 domita
793 1050 912 1116 est,
953 1060 1161 1122 usque
1202 1037 1284 1100 ad
1328 1038 1573 1104 Tiberii
1618 1041 2045 1128 principatum
2084 1069 2473 1131 pel-manse·-

165 1155 312 1207 runt.
393 1145 537 1210 Nec
581 1170 732 1211 vero
767 1147 1044 1212 Blaesus
1078 1157 1188 1210 aut
1223 1146 1567 1212 Dolabella
1600 1171 1767 1212 anno
1800 1153 1879 1214 10
1916 1152 1983 1216 in
2006 1151 2268 1237 Illyrico
2310 1177 2453 1220 esse

167 1265 458 1336 poterant3
535 1279 680 1319 nam
725 1255 837 1318 ille
875 1277 913 1319 a
957 1252 1095 1320 Cal.
1139 1254 1286 1330 Iul„
1329 1254 1434 1319 hic
1477 1279 1515 1318 a
1559 1253 1697 1320 Cal.
1741 1258 1879 1322 Ian.
1926 1259 2064 1325 eius
2106 1264 2256 1326 anni
2298 1285 2453 1328 con-

167 1361 418 1424 sulatum
463 1363 668 1445 gessit
705 1361 940 1450 (Orell.
962 1364 1180 1445 6442).
1243 1363 1473 1446 Neque
1514 1365 1770 1428 omnino
1805 1379 1964 1431 tunc
2000 1369 2125 1433 iam
2162 1392 2243 1434 ex
2281 1393 2453 1436 more

165 1468 424 1533 Romano
465 1493 636 1534 nova
673 1471 1003 1556 provincia
1041 1471 1232 1535 condi
1265 1483 1533 1556 poterat.
1616 1474 1779 1538 Nam
1820 1474 2121 1541 Tiberius
2156 1479 2451 1561 quamvis

167 1579 424 1642 confecto
488 1577 688 1655 belle,
759 1591 1016 1664 propter
1071 1577 1318 1642 cladem
1365 1578 1712 1645 Varianam
1769 1606 1895 1647 non
1952 1607 2121 1648 anno
2171 1587 2279 1660 10,
2334 1588 2451 1652 sed

169 1686 390 1750 demum
451 1711 677 1752 mense
734 1687 1034 1752 Ianuario
1091 1687 1240 1750 anni
1303 1687 1378 1752 12
1439 1688 1857 1774 triumphavit
1918 1694 2451 1780 prosequentibus

170 1793 394 1879 legatis,
451 1818 734 1880 quorum
775 1817 970 1880 opera
1009 1795 1074 1858 in
1119 1794 1452 1860 Pannonia
1494 1819 1657 1860 usus
1700 1809 1835 1861 erat
1878 1799 2090 1885 (Suet.
2128 1801 2272 1867 Tib.
2318 1803 2449 1884 20).

172 1901 304 1966 Tum
351 1903 472 1967 rite
525 1927 693 1968 nova
735 1903 1072 1988 provincia
1118 1903 1366 1968 institui
1410 1915 1692 1988 poterat,
1749 1925 1939 1989 quam
1981 1919 2169 1973 antea
2205 1907 2450 1973 Tiberii

165 2011 324 2096 legati
371 2013 522 2098 ipso
575 2012 840 2077 absente
901 2022 1272 2087 tenuerant,
1333 2011 1450 2076 sed
1507 2035 1629 2075 non
1670 2035 1813 2077 esse
1861 2015 2218 2080 institutam
2262 2017 2451 2082 docet

161 2116 482 2204 Augustus
539 2121 678 2206 ipse
745 2121 812 2184 in
872 2130 1284 2184 monumento
1339 2118 1585 2203 Ancyr.
1635 2119 1718 2196 V,
1780 2121 1900 2186 44:
1978 2126 2449 2188 Pannoniorum

155 2239 336 2306 gentes
373 2233 642 2292 devictas
670 2251 786 2310 per
840 2227 970 2292 Tib.
1013 2229 1310 2289 Neronem
1330 2278 1343 2298 ,
1401 2232 1514 2308 qui
1562 2235 1697 2289 tum
1737 2239 1876 2291 erat
1912 2235 2240 2314 prim'gnus
2281 2256 2450 2296 meus

161 2345 210 2396 et
242 2338 487 2417 legatus,
531 2340 790 2417 imperio
819 2339 1042 2416 populi
1069 2338 1344 2396 Romani
1378 2335 1605 2397 subieci
1630 2341 1987 2418 protulique
2014 2341 2180 2416 fines
2211 2343 2452 2420 Illyrici

75 2487 77 2492 -
161 2445 232 2504 ad
261 2447 399 2506 Istra·
423 2448 726 2528 fluminis
767 2448 1002 2523 repam,
1058 2463 1187 2526 quo
1239 2442 1414 2518 1000,
1476 2443 1531 2506 si
1580 2465 1813 2508 novam
1865 2445 2004 2530 ipse
2056 2449 2449 2531 provinciam

74 2605 76 2608 ,
164 2551 548 2627 condidisset,
594 2561 762 2615 certe
808 2551 1204 2615 Pannoniam
1243 2550 1655 2614 nominasset.
1738 2553 1902 2616 Item
1942 2555 2055 2637 qui
2094 2555 2327 2619 Velleii
2358 2557 2447 2632 ΙΙ,

172 2657 262 2721 125
314 2657 512 2722 verba
565 2669 868 2724 accurate
915 2657 1469 2744 interpretabitur,
1536 2669 1673 2721 tum
1732 2660 1994 2743 quidem
2047 2663 2447 2728 Pannoniam

73 2781 78 2836 j
171 2767 418 2830 nondum
457 2766 664 2830 fuisse
691 2766 1080 2852 peculiarem
1105 2767 1503 2850 provinciam
1527 2766 1869 2851 intelliget3
1914 2769 2234 2852 siquidem
2260 2771 2449 2835 Blae-

182 2891 284 2936 sum
323 2875 404 2938 ait
450 2879 523 2936 in
575 2878 823 2956 Illyrico
861 2873 1228 2960 legionibus
1272 2875 1655 2960 praefuisse,
1703 2875 2109 2941 Dolabellam
2154 2877 2223 2940 in
2256 2879 2447 2941 mari-

74 3033 76 3038 .
174 2979 289 3044 tima
325 2993 504 3066 parte
547 2983 812 3066 Illyrici.
914 2981 1134 3063 Quare
1177 2982 1486 3066 quamdiu
1530 2983 1879 3066 Augustus
1922 2984 2195 3061 viveret,
2254 3008 2447 3050 unam

168 3089 522 3168 provinciam
552 3091 886 3174 Illyricum
915 3103 1230 3156 servatam
1258 3113 1400 3156 esse
1425 3091 1745 3156 videmus.
1798 3091 2115 3157 Nimirum
2144 3093 2447 3159 Tiberius

167 3217 288 3260 cum
327 3220 488 3263 anno
524 3199 601 3262 12
638 3223 700 3284 p.
729 3195 884 3262 Chr.
925 3198 1368 3284 triumpharet,
1409 3199 1753 3285 imperium
1794 3223 1923 3264 non
1964 3201 2285 3286 deposuit,
2332 3202 2448 3266 sed

167 3324 286 3367 cum
323 3303 708 3370 Germanico
755 3307 950 3391 paulo
1007 3317 1152 3392 post
1200 3307 1551 3372 Germania
1604 3319 1669 3372 et
1711 3305 1925 3372 Gallia
1982 3331 2129 3373 cum
2174 3321 2315 3396 octo
2354 3311 2447 3374 le-

168 3411 431 3494 gionibus
473 3414 704 3478 tradita
752 3426 942 3492 esset,
985 3417 1124 3500 ipse
1165 3437 1245 3479 ne
1289 3416 1627 3501 neglectus
1672 3438 1814 3480 esse
1854 3417 2201 3495 videretur,
2242 3428 2447 3483 totu·

169 3518 460 3602 Illyricum
522 3545 670 3586 cum
725 3523 1022 3608 quinque·
1066 3523 1465 3608 legionibus,
1528 3546 1689 3607 quas
1742 3523 1977 3590 absens
2033 3548 2147 3611 per
2196 3527 2447 3612 legatos

173 3641 416 3713 regeret,
474 3632 758 3716 accepit,
815 3655 892 3696 ac
947 3651 1213 3718 prorsus
1271 3655 1350 3696 ex
1403 3643 1618 3696 vetere
1672 3653 1851 3696 more
1902 3633 2143 3697 factum
2188 3645 2317 3708 est,
2375 3643 2449 3698 ut

181 3756 304 3800 anno
347 3741 418 3804 14
467 3738 770 3803 Tiberius
817 3738 883 3802 in
929 3741 1262 3824 Illyricum
1312 3741 1859 3826 proficisceretur,
1916 3753 1989 3805 ut
2030 3741 2320 3807 Velleius
2356 3742 2447 3818 H,

184 3843 271 3908 123-
319 3847 436 3922 ait,
495 3851 581 3910 ad
606 3851 970 3930 formanda
1012 3870 1201 3928 pace,
1259 3873 1415 3931 quae
1470 3851 1621 3912 bello
1670 3849 1989 3930 subegerat
2030 3850 2072 3912 i.
2110 3872 2165 3914 e.
2226 3861 2303 3914 ut
2342 3871 2449 3913 res

173 3947 612 4020 Pannoniorum
659 3969 1099 4040 componeret,
1159 3957 1433 4048 fortasse
1494 3958 1681 4022 etiam
1742 3981 1977 4022 novam
2032 3957 2448 4042 provinciam,

176 4078 332 4138 quam
367 4061 549 4126 condi
589 4063 962 4148 placuisset,
1001 4065 1383 4129 institueret.
1479 4065 1702 4148 Neque
1746 4066 1901 4130 huic
1940 4065 2173 4130 rationi
2218 4064 2449 4140 obstat,

175 4167 316 4246 quod
369 4169 440 4231 P.
478 4171 816 4236 Dolabella
867 4173 942 4236 in
995 4172 1180 4235 titulo
1233 4191 1423 4256 quem
1467 4173 1834 4248 citavimus,
1898 4177 2045 4235 Divi
2084 4177 2357 4254 Augusti
2392 4183 2453 4234 et

184 4275 264 4335 Ti.
305 4279 569 4340 Caesaris
614 4284 883 4360 Augusti
932 4285 1174 4360 legatus
1225 4280 1600 4365 appellatur.
1688 4280 1851 4344 Nam
1907 4292 2247 4365 postquam
2306 4279 2449 4342 Au·-

179 4394 376 4462 gustus
429 4407 594 4450 anno
644 4385 712 4450 13
769 4387 916 4472 lege
971 4386 1099 4452 lata
1142 4385 1406 4451 Tiberio
1453 4388 1799 4464 concessit,
1866 4399 1937 4451 ut
1980 4410 2255 4472 aequum
2302 4374 2450 4452 cum

1953 4495 2046 4562 3.
