2917 5017
619 344 702 394 De
741 342 913 395 Gallia
947 344 1296 395 Romanorum
1337 346 1601 409 provincia
1636 347 1912 411 appendix.
2304 344 2424 411 189

149 508 370 571 dicante
429 505 510 571 A.
548 504 718 571 Iulio
755 505 992 570 Pisone
1047 504 1176 590 leg.
1226 506 1402 591 Aug.
1453 528 1553 591 pr.
1592 528 1686 591 pr.
1744 529 1783 571 a
1836 507 2319 575 centurionibus
2364 521 2427 575 et

151 613 432 679 veteranis
481 617 595 697 leg.
645 618 745 677 III
773 616 954 695 Aug„
1005 618 1120 694 qui
1152 618 1429 681 militare
1470 625 1799 695 coeperunt
1840 616 2173 681 Glabrione
2210 628 2273 681 et
2300 623 2427 681 Ho-

147 726 312 785 mullo
357 733 415 785 εἰ
467 726 786 785 Praesente
843 732 906 785 et
945 724 1182 799 Rufino
1225 746 1342 786 cos.
1381 723 1424 785 i.
1464 745 1521 787 e.
1560 745 1707 787 ann.
1752 724 1871 789 152
1914 734 1979 787 et
2026 726 2143 789 153
2164 772 2183 801 ,
2240 727 2429 792 tertia

145 830 250 914 ipsi
289 830 368 894 A.
405 830 572 895 Iulio
611 830 830 895 Pisoni
885 829 968 895 ab
1017 828 1250 895 iisdem
1309 830 1793 897 centurionibus
1838 842 1903 897 et
1946 835 2265 899 veteranis
2304 840 2425 916 leg.

146 942 224 999 III
251 944 398 1017 Aug.
415 986 432 1015 ,
493 943 605 1020 qui
651 943 928 1003 militare
985 949 1314 1021 coeperunt
1366 938 1597 1003 iisdem
1648 941 1833 1005 annis
1888 942 2123 1028 (Leon.
2168 942 2425 1009 Renier.

143 1046 178 1109 l.
207 1045 244 1108 l.
287 1070 346 1109 n.
381 1046 461 1111 45
501 1057 564 1111 et
603 1046 734 1128 46).
817 1046 960 1111 Hae
1001 1045 1450 1131 inscriptiones
1488 1048 1959 1115 Mommsenius
1996 1050 2427 1117 dubitandum

143 1177 262 1219 esse
301 1154 556 1239 negavit
599 1155 755 1239 quin
799 1176 938 1220 eam
981 1153 1063 1219 ob
1107 1176 1368 1220 causam
1412 1156 1659 1241 positae
1706 1158 1867 1235 sint,
1920 1159 2099 1243 quod
2140 1160 2425 1225 veterani

142 1263 268 1326 facti
305 1263 448 1338 sint,
489 1262 603 1347 qui
643 1273 1036 1348 posuerunt:
1087 1284 1203 1327 cur
1237 1264 1663 1341 centurioneS,
1701 1266 1813 1349 qui
1838 1267 1901 1330 in
1933 1267 2190 1333 duobus
2218 1267 2425 1335 titulis

143 1392 266 1435 cum
307 1371 618 1435 veteranis
663 1371 1168 1456 coniunguntur,
1209 1372 1562 1457 posuerint,
1606 1395 1735 1437 non
1774 1374 1973 1439 addit.
2058 1375 2191 1440 Sed
2236 1377 2425 1441 etiam

143 1480 206 1543 de
252 1480 564 1545 veteranis
620 1502 1006 1566 magnopere
1064 1479 1348 1547 dubitari
1405 1504 1599 1567 posse
1658 1483 1869 1547 vide0.
1950 1483 2113 1548 Nam
2160 1486 2423 1549 alteram

144 1610 204 1651 ex
236 1588 773 1673 inscriptionibus,
811 1610 978 1673 quae
1017 1589 1240 1653 citatae
1280 1600 1451 1665 sunt,
1488 1590 1763 1676 positam
1800 1614 1943 1657 esse
1970 1605 2219 1659 constat
2258 1612 2427 1659 anno

153 1696 239 1761 176
275 1720 334 1780 p.
377 1693 558 1773 Chr„
599 1707 674 1761 ut
715 1697 944 1782 viginti
987 1707 1116 1762 tres
1155 1699 1305 1763 anni
1345 1699 1817 1783 praeterierint,
1862 1711 2202 1785 postquam
2248 1712 2425 1766 vete-

154 1805 250 1869 rani
295 1804 387 1868 illi
439 1805 714 1871 militare
777 1817 1155 1891 coeperunt,
1215 1807 1499 1871 veterani
1554 1817 1769 1872 autem
1787 1854 1805 1883 ,
1870 1809 1935 1871 ni
1994 1810 2213 1886 fallor,
2278 1822 2427 1895 post

149 1913 336 1997 viginti
377 1924 700 1978 annorum'
741 1913 1060 2000 stipendia
1099 1914 1240 1978 fieri
1289 1914 1598 1993 solebant,
1644 1926 1719 1979 ut
1762 1924 1855 1980 tot
1894 1917 2211 2001 stipendia
2252 1940 2425 1981 eme-

143 2020 240 2096 riti,
277 2022 572 2105 quamvis
606 2044 734 2086 non
773 2024 1136 2108 acciperent
1173 2022 1507 2088 honestam
1546 2024 1939 2101 missionem,
1984 2036 2193 2089 tamen
2233 2047 2425 2091 vaca-
2526 2070 2543 2079 ·

141 2128 282 2192 tione
320 2152 662 2195 munerum
705 2132 1126 2197 castrensium
1169 2142 1234 2196 et
1274 2143 1721 2197 veteranorum
1764 2134 2005 2198 honore
2054 2133 2267 2198 statim
2306 2133 2425 2198 do·-

139 2248 438 2301 narentur:
510 2240 606 2303 sic
648 2240 812 2303 tradi
853 2249 1024 2305 certe
1067 2263 1108 2305 a
1145 2240 1301 2305 viris
1345 2239 1553 2305 doctis
1599 2241 1929 2319 videmus,
1988 2264 2198 2326 neque
2254 2242 2425 2306 enim

137 2343 238 2428 ipsi
268 2348 724 2430 quaesivimus.
807 2347 1004 2429 Quod
1051 2348 1106 2412 si
1147 2348 1238 2412 ita
1281 2357 1410 2423 est,
1470 2372 1627 2413 num
1680 2362 2015 2415 veteranos
2077 2349 2425 2415 triennium

136 2463 258 2534 post
291 2456 546 2540 expleta
589 2454 910 2540 stipendia
947 2466 1322 2541 expectasse
1365 2468 1691 2542 putamus,
1734 2468 2073 2541 antequam
2102 2478 2221 2542 pro
2248 2467 2424 2521 vete-

137 2582 404 2628 ranorum
459 2564 704 2629 honore
753 2563 1118 2650 imperatori
1167 2564 1509 2649 legatoque
1548 2566 1807 2630 titulum
1849 2566 2032 2629 illum
2073 2565 2423 2651 ponerent?

141 2668 248 2733 Sed
287 2693 402 2735 cur
443 2672 722 2737 duorum
767 2693 1074 2737 annorum
1111 2672 1344 2758 milites
1387 2675 1777 2739 coniunctim
1810 2676 2025 2759 legato
2054 2696 2173 2739 suo
2204 2675 2425 2739 nescio

137 2779 266 2860 quid
328 2781 729 2864 posuerunt?
813 2780 1052 2845 Nescio
1109 2780 1267 2864 quid
1329 2804 1665 2847 commune
1726 2782 2102 2857 habuerint,
2170 2782 2287 2845 sed
2342 2782 2425 2847 de

140 2908 274 2952 anno
307 2888 564 2953 militari
607 2910 727 2953 nec
769 2910 911 2953 esse
949 2888 1456 2955 demonstratum
1494 2913 1615 2956 nec
1650 2912 1843 2976 posse
1876 2889 2133 2953 omnino
2159 2889 2425 2955 demon-

72 3078 75 3087 γ
141 2995 298 3059 strari
342 2996 660 3081 intellige.

273 3102 496 3189 Atque
561 3104 770 3169 elevat
833 3104 976 3190 ipse
1043 3104 1507 3171 Mommsenius
1574 3105 1939 3191 opinionem
2008 3128 2191 3169 suam
2262 3105 2425 3169 miro

73 3286 75 3291 .
135 3210 313 3275 modo.
399 3213 666 3279 Etenim
711 3213 766 3277 si
809 3223 946 3277 erat
989 3213 1162 3277 ullus
1207 3214 1346 3288 ille,
1404 3236 1597 3298 quem
1642 3213 1929 3289 coniicit,
1994 3236 2203 3278 annus
2257 3212 2424 3277 mili-

135 3318 282 3395 taris,
328 3321 593 3386 videtur
629 3320 696 3385 in
741 3342 818 3385 eo
860 3322 1063 3387 fuisse
1103 3322 1388 3407 positus,
1449 3330 1523 3385 ut
1564 3319 1705 3387 Cal.
1749 3321 2005 3386 Martiis
2048 3332 2113 3388 et
2154 3322 2427 3386 iniretur

137 3436 182 3488 et
217 3428 644 3514 deponeretur
681 3429 937 3505 militia3
995 3429 1151 3514 quid
1197 3429 1366 3493 enim
1411 3430 1655 3495 valeret
1697 3429 1919 3494 aliud?
2006 3428 2100 3493 At
2141 3428 2423 3493 Momm-

138 3536 326 3601 senius
367 3538 548 3602 varie
589 3536 905 3623 disputat,
973 3537 1248 3623 primum
1291 3547 1461 3601 certe
1506 3559 1635 3603 non
1678 3559 1945 3602 necesse
1988 3537 2223 3611 fuisse,
2284 3533 2424 3601 Cal.

72 3656 74 3711 ὲ
136 3638 360 3707 Martiis
403 3645 640 3710 milites
686 3656 750 3710 et
792 3645 1230 3731 deligerentur
1273 3656 1334 3709 et
1379 3645 1880 3709 dimitterentur:
1944 3666 2095 3707 nam
2138 3643 2423 3707 delectus

137 3748 282 3815 diem
319 3774 398 3817 ex
441 3753 706 3818 arbitrio
749 3753 1150 3839 imperatoris
1195 3753 1583 3841 pependisse
1628 3762 1819 3836 atque
1864 3752 1931 3815 in
1976 3750 2211 3817 tabulis
2257 3751 2424 3816 mili-

137 3865 250 3923 tum
303 3862 554 3926 nullum
610 3861 780 3925 diem
835 3884 966 3926 non
1015 3860 1360 3939 nominari,
1424 3860 1797 3927 missionem
1840 3861 1994 3925 item
2038 3860 2251 3925 datam
2294 3880 2425 3923 non

137 3978 258 4047 post
309 3980 482 4035 certa
537 3969 886 4057 stipendia,
949 3969 1063 4034 sed
1107 3968 1366 4053 quando
1407 3969 1691 4055 placeret
1728 3968 2129 4054 imperatori,
2190 3966 2423 4032 deinde

142 4082 338 4153 tamen,
383 4079 437 4143 si
475 4079 820 4144 universus
863 4078 955 4143 rei
997 4076 1156 4142 ordo
1201 4086 1615 4163 spectaretur,
1662 4077 1871 4143 videri
1903 4078 2038 4142 fere
2065 4072 2203 4141 Cal.
2228 4076 2423 4139 Mart.

143 4190 192 4242 et
242 4184 434 4271 deligi
493 4198 556 4251 et
617 4185 850 4251 dimitti
907 4184 1359 4261 consuevisse3
1423 4208 1574 4249 nam
1634 4196 1699 4249 et
1750 4181 1975 4269 primis
2032 4183 2425 4270 reipublicae

143 4288 434 4361 Romanae
467 4294 863 4381 temporibus
895 4292 1240 4379 incipiente
1266 4314 1417 4359 vere
1447 4311 1874 4359 convocatum
1900 4314 2044 4358 esse
2071 4292 2424 4357 exercitum

145 4410 194 4461 et
227 4402 338 4466 sub
373 4401 864 4501 imperatoribup
903 4401 1240 4467 missiones
1275 4402 1539 4466 ineunte
1576 4422 1797 4465 mense
1830 4400 2127 4466 Ianuario
2150 4422 2423 4465 consue·-
