2917 5017
810 304 892 355 De
930 302 1100 353 Gallia
1134 302 1483 352 Romanorum
1513 300 1792 366 provincia.
2373 296 2440 359 11

128 466 476 533 consulum
523 466 601 531 P.
628 464 847 552 Scipio
890 475 1067 529 extra
1112 475 1342 527 sortem
1383 462 1673 527 Africam
1705 464 1952 549 accepit
1991 462 2195 548 (App.
2221 462 2451 527 Punic.

126 598 181 641 c.
244 576 399 652 1123
465 575 617 641 Liv.
690 574 838 660 epit.
902 572 1070 654 LI),
1142 593 1315 635 unus
1374 582 1742 655 praetorum
1809 570 2126 636 Serranus
2181 569 2452 635 classem

124 683 337 770 (App.
374 683 417 747 l.
446 683 490 747 l.
532 705 588 747 c.
634 683 806 765 114),
853 679 1100 764 reliqua
1144 687 1451 743 consueto
1495 700 1672 743 more
1718 679 1930 745 divisa
1967 688 2135 751 sunt,
2177 687 2251 740 ut
2293 674 2455 740 alter

129 792 358 857 consul
430 788 512 855 C.
578 790 813 854 Livius
852 787 1103 854 Italiam
1172 796 1237 850 et
1294 784 1598 861 Galliam,
1667 808 1749 850 ex
1813 784 2215 871 praetoribus
2281 806 2453 848 unus

128 886 481 984 utramque*
526 896 1033 962 iurisdictionem
1051 943 1068 972 ,
1123 894 1354 978 reliqui
1416 894 1580 958 duas
1634 894 2013 979 Hispanias,
2070 892 2454 968 Sardiniam,

130 1009 423 1075 Siciliam
466 1006 859 1083 obtinerent,
900 1003 1026 1068 nisi
1072 1004 1233 1068 forte
1272 1026 1441 1079 eum,
1498 1002 1611 1088 qui
1663 1000 1946 1068 Siciliam
1998 1002 2195 1078 rexit,
2263 1000 2456 1067 simul

124 1118 321 1184 classi
359 1115 725 1203 praefuisse
767 1112 1408 1197 iurisdictionemque
1441 1121 1658 1176 vetere
1687 1110 2155 1175 consuetudine
2182 1110 2456 1174 divisam

125 1228 337 1292 fuisse
384 1223 777 1311 putabimus
872 1222 1176 1305 Denique
1224 1242 1390 1284 anno
1437 1220 1556 1286 146
1597 1220 1802 1285 facilis
1849 1230 1946 1283 est
1981 1218 2456 1303 provinciarum

125 1333 540 1411 distributim
586 1356 733 1397 nam
772 1332 843 1396 in
880 1330 1104 1396 Africa
1138 1327 1437 1395 omnibus
1479 1328 1814 1413 imperium
1857 1337 2270 1412 prorogatum
2315 1344 2460 1388 esse

125 1455 407 1509 constat.
512 1444 739 1527 Itaque
804 1440 1145 1505 consulum
1209 1461 1381 1503 unus
1444 1436 1524 1500 L.
1587 1434 1946 1499 Mummius
2014 1431 2460 1498 Macedoniam

128 1553 421 1639 accepit,
484 1552 643 1617 alter
680 1549 931 1615 Italiam
974 1560 1036 1613 et
1086 1546 1400 1622 Galliam,
1445 1568 1525 1609 ex
1568 1542 1972 1631 praetoribus
2017 1542 2149 1611 duo
2181 1540 2460 1605 urbanas

124 1660 640 1735 iurisdictiones,
664 1658 895 1742 reliqui
908 1655 1284 1743 Hispaniae,
1312 1655 1617 1730 Siciliam,
1645 1650 2007 1717 Sardiniam
2029 1674 2046 1726 3
2068 1651 2134 1713 in
2160 1648 2462 1713 ulteriore

129 1770 405 1857 quidem
450 1766 771 1853 Hispania
823 1763 899 1830 C.
944 1765 1287 1851 Nigidium
1338 1764 1652 1848 Figulum
1708 1771 2064 1846 praetorem
2120 1758 2244 1822 hoc
2296 1777 2464 1821 anno

126 1881 219 1946 ab
272 1879 565 1945 Viriatho
610 1885 983 1963 superatum
1024 1896 1169 1939 esse
1209 1872 1450 1936 scimus
1494 1874 1692 1955 (auct.
1735 1869 1816 1933 de
1861 1869 1978 1933 vir.
2023 1867 2162 1949 ill.).

309 1990 534 2074 Atque
588 1987 749 2051 haec
798 1985 887 2049 ita
928 1994 1137 2058 erant,
1203 1981 1361 2045 dum
1404 1989 1710 2063 quattuor
1753 1978 2015 2041 fuerunt
2070 1974 2289 2060 populi
2333 1973 2467 2037 Ro-

134 2100 309 2164 mani
356 2095 765 2183 provinciae,
821 2094 886 2157 in
942 2112 1218 2177 quarum
1280 2110 1494 2153 annua
1537 2086 1866 2151 sortitione
1920 2083 2170 2148 nullum
2218 2079 2468 2146 Galliae

139 2208 515 2295 provinciae
554 2205 771 2270 locum
816 2201 1089 2286 relinqui
1127 2197 1550 2263 ostendimus.
1621 2196 1760 2261 Iam
1803 2190 2195 2277 Carthagine
2237 2187 2469 2253 Corin-

141 2319 383 2401 thoque
445 2314 685 2380 dirutis
736 2332 941 2376 novae
996 2308 1367 2395 provinciae
1437 2304 1696 2369 additae
1757 2312 1938 2378 sunt,
2003 2322 2170 2385 quae
2221 2318 2469 2361 annuos

141 2424 481 2511 praesides
506 2420 929 2509 postularent,
978 2417 1092 2483 sed
1120 2439 1251 2480 non
1275 2424 1368 2478 tot
1392 2412 1650 2478 additae
1679 2420 1849 2486 sunt,
1893 2418 2051 2493 quot
2085 2405 2475 2472 existimavit

144 2534 453 2620 Pighius,
504 2531 693 2596 cuius
733 2528 945 2615 opinio
990 2549 1137 2591 cum
1180 2525 1383 2609 vulgo
1424 2520 1828 2607 probaretur,
1875 2538 2254 2600 magnorum
2298 2534 2475 2577 erro·

146 2666 291 2708 rum
342 2664 544 2706 causa
582 2639 813 2704 extitit.
882 2636 1018 2719 Qui
1062 2656 1208 2700 cum
1234 2630 1598 2704 Graeciam,
1643 2649 1838 2713 quam
1875 2647 1990 2689 nos
2022 2624 2088 2687 in
2117 2620 2476 2687 Comment.

150 2750 487 2839 epigraph.
532 2748 683 2813 Vol.
721 2747 788 2811 11
833 2770 892 2832 p.
945 2744 1057 2809 153
1104 2764 1252 2807 cum
1293 2737 1710 2813 Macedonia,
1767 2733 2076 2819 quamdiu
2113 2730 2318 2796 libera
2357 2728 2480 2792 fuit

162 2858 553 2947 respublica,
600 2855 1005 2922 coniunctam
1030 2851 1234 2916 fuisse
1258 2846 1623 2921 docuimus,
1659 2866 1778 2930 pro
1818 2840 2123 2928 peculiari
2147 2834 2482 2923 provincia

156 2969 599 3043 constitueret,
641 2966 791 3029 item
815 2961 1096 3029 Galliam
1126 2955 1548 3044 provinciam,
1594 2974 1758 3037 quae
1783 2950 1986 3014 multo
2018 2958 2166 3032 post
2192 2942 2484 3007 instituta

152 3090 273 3155 est,
322 3088 483 3142 tunc
525 3075 655 3140 iam
682 3073 885 3138 fuisse
924 3069 1337 3141 existimaret,
1383 3061 1688 3147 quoniam
1719 3070 1862 3124 octo
1882 3055 2140 3122 omnino
2166 3049 2486 3117 efficiebat

152 3186 529 3274 provincias
575 3183 642 3247 in
702 3181 833 3246 duo
884 3177 1184 3245 consules
1242 3186 1303 3239 et
1346 3181 1652 3257 quattuor
1691 3176 2018 3253 praetores
2073 3164 2262 3247 (nam
2319 3159 2485 3223 duos

170 3296 420 3379 negotia
463 3294 713 3359 urbana
770 3286 1203 3374 occupabant)
1253 3278 1598 3368 quotannis
1655 3272 2072 3347 dividendas,
2123 3267 2488 3333 necessario

168 3432 243 3475 eo
286 3407 614 3474 deductus
654 3411 771 3476 est,
814 3409 905 3474 ut,
944 3394 1123 3482 quod
1147 3389 1482 3458 Ciceronis
1511 3395 1714 3451 aetate
1757 3380 1949 3447 moris
1995 3389 2149 3454 erat,
2190 3392 2264 3439 ut
2303 3396 2490 3460 prae-

161 3532 341 3586 tores
388 3525 617 3583 exacto
663 3510 1042 3596 magistratu
1104 3502 1172 3567 in
1212 3494 1578 3587 provincias
1623 3491 2212 3579 proficiscerentur,
2252 3482 2322 3546 id
2364 3482 2492 3545 iam

168 3631 298 3695 hoc
355 3638 647 3711 tempore
702 3618 1069 3684 institutum
1117 3632 1261 3677 esse
1306 3606 1671 3673 coniiceret.
1757 3597 1894 3663 Nos
1947 3616 2121 3659 nunc
2176 3593 2298 3655 hoc
2355 3588 2494 3653 ani-

177 3734 642 3804 madvertimus
662 3777 679 3807 ,
724 3730 791 3794 in
832 3721 1309 3813 provinciarum
1354 3713 1616 3799 quidem
1660 3707 1905 3773 ratione
1950 3702 2192 3767 nullam
2228 3712 2498 3785 prorsus

170 3870 321 3914 csse
347 3865 630 3918 causam,
676 3860 793 3904 cur
824 3842 1193 3922 praetorum
1221 3844 1489 3890 munera
1509 3832 1664 3885 tunc
1688 3824 1932 3882 mutata
1965 3833 2108 3876 esse
2149 3822 2500 3889 eorumque

171 3954 523 4042 imperium
593 3943 935 4035 quotannis
994 3932 1332 4027 prorogari
1399 3925 1818 3996 consuevisse
1871 3930 2246 3986 statuamus.
2335 3912 2502 3977 Nam

182 4064 309 4131 etsi
352 4083 521 4129 anno
570 4056 689 4123 145
731 4076 903 4120 nova
940 4045 1209 4115 accessit
1252 4037 1584 4128 provincia
1629 4032 1854 4097 Africa
1897 4026 2286 4112 (Comment.
2334 4020 2504 4106 epig.

178 4174 332 4241 Vol.
375 4172 468 4238 H.
520 4192 587 4256 p.
638 4164 838 4247 164),
901 4169 977 4224 ut
1018 4157 1145 4221 iam
1194 4151 1451 4218 omnino
1499 4154 1712 4210 essent
1767 4138 2084 4225 quinque,
2151 4128 2506 4216 Hispaniae

179 4283 375 4357 duae,
422 4275 665 4351 Sicilia,
718 4268 1037 4343 Sardinia,
1086 4262 1331 4335 Africa,
1375 4255 1565 4322 facile
1605 4262 1812 4317 tamen
1859 4268 1970 4313 eae
2014 4252 2337 4328 quattuor,
2395 4236 2507 4320 qui

180 4403 442 4479 praeter
484 4384 769 4450 urbanas
795 4372 1273 4444 iurisdictiones
1312 4362 1542 4449 reliqui
1586 4370 1784 4434 erant,
1829 4348 2232 4441 praetoribus
2257 4344 2509 4410 divide-
