2917 5017
457 362 580 429 312
1063 364 1148 413 Dc
1183 363 1383 427 legibus
1423 360 1812 426 municipalibus
1848 360 2163 425 Hispanicis.

455 528 828 615 diligentior
865 537 966 593 est
1001 524 1278 591 Plinius.
1360 521 1510 587 Etsi
1556 520 1723 585 enim
1770 520 2049 586 colonias
2088 542 2219 585 non
2244 544 2473 587 omnes
2498 521 2778 586 nominat

455 636 849 725 (Comment.
890 636 925 701 I
981 659 1044 721 p.
1087 633 1277 716 366),
1341 653 1423 695 ex
1480 628 1787 695 tredecim
1840 650 2007 712 quae
2065 630 2417 717 municipia
2474 652 2625 695 esse
2682 630 2777 706 ait,

455 746 742 811 nominat
780 744 1145 819 duodecim,
1193 742 1580 825 Saguntum,
1620 737 2064 813 Baetulonem,
2096 738 2447 815 Iluronem,
2476 737 2777 812 Blandas,

456 854 818 940 Emporias,
841 852 1208 926 Dertosam,
1234 845 1563 934 Bisgargi,
1587 845 1775 921 Belli,
1802 842 2167 931 Calagum-i,
2189 846 2498 922 Ilerdam,
2524 843 2779 920 Oscum,

457 961 880 1026 Turiasonem
901 1008 919 1038 ‚
973 982 1055 1023 ex
1109 956 1366 1044 oppidis
1407 953 1695 1029 Latinis,
1750 974 1915 1037 quae
1975 953 2434 1039 duodeviginti
2488 976 2641 1019 esse
2684 955 2779 1029 ait,
2870 1018 2872 1027 ἶ

455 1069 850 1155 quindecim,
891 1068 1279 1142 Lucentum,
1324 1065 1593 1138 Ansam,
1640 1058 1996 1138 Cerretani,
2036 1061 2333 1138 Edetam‚
2380 1060 2779 1139 Gerundam,

460 1176 856 1253 Gessoriam,
898 1175 1163 1250 Tearos,
1208 1170 1633 1247 Cascantum,
1678 1170 2103 1257 Ergavioam,
2152 1168 2503 1246 Gracurri,
2552 1168 2781 1234 Leoni-

458 1307 619 1362 cam,
665 1281 1068 1360 Osicerdam‚
1109 1280 1550 1356 Castulonem,
1598 1277 1943 1355 Saetabim,
1984 1277 2330 1355 Valeriam,
2372 1288 2452 1341 ut
2488 1279 2621 1343 tria
2654 1290 2783 1343 tan-

457 1402 595 1458 tum
639 1393 727 1457 ad
766 1413 1106 1457 numerum
1149 1389 1543 1475 explendum
1586 1388 1819 1463 desint,
1866 1386 2255 1451 foederatam
2300 1385 2593 1471 denique
2638 1388 2785 1451 civi-
2872 1400 2874 1425 ¹

457 1514 683 1579 tatem,
744 1523 936 1586 quam
976 1521 1172 1563 unam
1217 1519 1362 1563 esse
1405 1496 1597 1573 dicit,
1652 1496 2028 1582 Tarragam.
2125 1494 2528 1559 Accuratam
2582 1506 2787 1559 autem

457 1632 533 1675 ac
570 1610 824 1696 plenam
863 1606 1152 1671 notitiam
1195 1604 1454 1670 exhibet
1482 1603 1882 1679 Lusitaniae,
1924 1604 1991 1667 in
2031 1626 2163 1688 qua
2202 1626 2331 1669 non
2368 1604 2575 1669 modo
2608 1604 2787 1689 quin·
2872 1604 2874 1623 ²

456 1740 584 1803 que
627 1716 932 1791 colonias,
984 1713 1099 1779 sed
1143 1713 1334 1779 etiam
1377 1736 1584 1776 unum
1604 1758 1623 1789 ,
1668 1712 1843 1796 quod
1884 1712 1950 1775 in
1994 1713 2331 1797 provincia
2368 1712 2533 1789 fuit,
2584 1712 2787 1775 muni-

461 1826 723 1912 cipium,
759 1822 1186 1909 Osiliponem,
1230 1822 1384 1886 item
1426 1821 1551 1885 tria
1590 1821 1829 1907 oppida
1869 1820 2125 1897 Latina,
2167 1819 2476 1898 Eboram,
2516 1820 2791 1905 Myrtili,

461 1932 780 1999 Salaciam
823 1931 1128 1995 nominat.
1197 1929 1487 1994 Maxima
1516 1929 1719 2013 igitur
1754 1929 1964 1994 cautio
1996 1930 2063 1993 in
2100 1952 2177 1995 ea
2202 1930 2567 2015 provincia,
2604 1952 2791 2015 quam

463 2042 533 2106 in
574 2040 695 2105 hac
741 2039 1004 2125 quidem
1051 2038 1487 2123 disputatione
1530 2038 1901 2124 plenissime
1945 2038 2251 2124 explicari
2294 2038 2644 2114 vellemus,
2706 2050 2793 2102 est

459 2147 848 2215 adhibenda.
881 2146 1161 2213 Accedit
1182 2156 1394 2211 autem
1417 2146 1616 2210 aliud.
1656 2146 1918 2211 Etenim
1950 2146 2232 2211 Plinium
2257 2146 2324 2210 in
2354 2147 2793 2212 describendo

463 2256 733 2342 imperio
775 2255 1056 2344 pendere
1096 2278 1178 2319 ex
1219 2252 1553 2342 Agrippae
1584 2256 1689 2321 vel
1718 2254 2009 2339 Augusti
2036 2254 2515 2319 commentariis
2542 2267 2793 2321 constat

461 2362 856 2452 (Comment.
894 2364 929 2429 I
973 2388 1033 2449 p.
1077 2364 1264 2447 198),
1331 2385 1495 2447 quos
1547 2364 1639 2429 ita
1694 2364 2019 2448 sequitur,
2077 2374 2153 2427 ut
2189 2386 2355 2449 quae
2396 2363 2483 2429 ab
2532 2364 2793 2429 illorum

467 2484 673 2539 aetate
717 2472 798 2537 ad
840 2494 1024 2549 suam
1068 2481 1312 2538 mutata
1349 2484 1529 2537 erant
1546 2520 1563 2549 ,
1620 2472 1873 2537 silentio
1916 2471 2407 2558 praetermittat,
2454 2472 2615 2539 ideo
2662 2474 2797 2561 opi-

459 2602 580 2645 nor
598 2627 615 2656 ,
679 2580 855 2665 quod
923 2579 1345 2665 scriptoribus
1417 2592 1663 2645 tantum
1730 2581 2066 2656 utebatur,
2128 2591 2547 2647 monumenta
2607 2594 2795 2667 atque

461 2699 601 2753 acta
637 2687 928 2774 publica,
979 2686 1218 2772 quibus
1261 2688 1415 2753 solis
1459 2690 1621 2754 iuris
1668 2688 2049 2753 mutationes
2092 2688 2595 2755 continebantur
2610 2738 2629 2768 ,
2688 2714 2795 2755 ne-

461 2796 769 2883 gligebat.
859 2796 960 2861 Ita
1014 2796 1117 2873 fit,
1177 2808 1251 2861 ut
1306 2818 1471 2880 quae
1530 2796 1611 2861 de
1663 2795 1804 2860 iure
1849 2795 2239 2881 oppidorum
2280 2796 2797 2883 Hispanicorum

459 2906 688 2983 tradit,
753 2905 835 2970 ad
885 2906 1066 2969 initia
1105 2902 1434 2991 Augusti,
1502 2927 1653 2970 cum
1698 2903 2054 2990 Hispaniae
2116 2903 2198 2969 ab
2258 2925 2337 2967 eo
2395 2907 2795 2992 compositae

464 3026 647 3092 sunt,
702 3014 1088 3100 pertineant,
1133 3013 1216 3078 de
1259 3013 1657 3098 reliquorum
1700 3012 2158 3097 imperatorum
2202 3022 2409 3079 aetate
2456 3036 2597 3079 non
2652 3038 2797 3080 vera

465 3123 612 3188 sint.
677 3122 758 3188 Id
795 3123 1106 3208 exemplis
1143 3122 1519 3187 certissimis
1552 3133 1766 3208 potest
1790 3122 2229 3188 demonstrari.
2288 3123 2458 3189 Nam
2504 3121 2793 3191 Cascan-
2878 3104 2880 3151 ³

461 3240 621 3307 tum,
664 3230 1010 3315 Ergavica,
1054 3228 1374 3295 Osicerda
1411 3254 1450 3295 a
1485 3231 1697 3295 Plinio
1739 3230 1884 3296 libr.
1922 3232 2058 3308 III,
2114 3232 2187 3297 18
2224 3254 2317 3315 sq.
2364 3245 2789 3299 recensentur

459 3337 628 3403 inter
666 3336 896 3401 Latina
937 3336 1190 3423 oppida,
1234 3347 1298 3403 at
1338 3339 1587 3404 nummi
1628 3338 1873 3404 Tiberii
1912 3349 1975 3405 et
2000 3340 2483 3426 Ergavicenses
2525 3342 2789 3426 quidem

463 3445 626 3510 adeo
664 3445 952 3530 Augusti
991 3444 1292 3532 (Eekhel.
1336 3447 1565 3511 Doctr.
1604 3469 1845 3511 numm.
1881 3448 1917 3511 I
1961 3471 2022 3532 p.
2066 3448 2145 3513 44
2184 3459 2247 3513 et
2280 3448 2391 3527 50)
2437 3451 2789 3537 municipia

463 3574 540 3618 ea
578 3554 784 3618 fuisse
823 3552 1192 3630 ostendunt,
1237 3564 1312 3617 ut
1336 3555 1686 3639 Augustus
1731 3554 1871 3640 ipse
1912 3578 1988 3621 ea
2024 3566 2173 3641 post
2214 3556 2285 3622 id
2328 3568 2627 3644 tempus,
2670 3583 2789 3646 quo

460 3660 794 3747 Agrippae
839 3661 1276 3726 commentarii
1319 3661 1597 3727 confecti
1644 3673 1796 3727 sunt
1812 3710 1828 3738 ,
1876 3663 2131 3728 civitate
2172 3664 2469 3731 Romana
2512 3667 2789 3735 donasse

459 3768 791 3845 videatur3
839 3778 1084 3833 certum
1121 3769 1291 3834 enim
1332 3791 1475 3835 esse
1510 3770 1875 3847 statuimus,
1918 3773 2091 3856 quod
2120 3775 2427 3839 universa
2458 3774 2589 3841 hac
2624 3800 2787 3842 com-

459 3876 844 3941 mentatione
905 3878 1402 3942 demonstraturi
1455 3858 1687 3943 'sumus
1707 3926 1726 3956 ,
1782 3879 2397 3966 municipium-non
2464 3906 2619 3949 esse
2673 3886 2789 3950 nisi

461 3985 699 4049 civium
743 3986 1196 4051 Romanorum.
1293 3986 1637 4051 Praeterea
1691 3997 1905 4052 autem
1947 3988 2016 4052 in
2060 3991 2340 4053 nummis
2387 3990 2511 4057 tria
2556 3992 2789 4058 Tarra-

459 4094 758 4159 conensis
797 4093 1153 4179 Hispaniae
1194 4094 1543 4180 municipia
1582 4105 2162 4161 commemorantur
2221 4097 2529 4179 (Eckhel.
2580 4102 2671 4167 D.
2714 4102 2789 4167 N.

457 4200 557 4267 IV
599 4224 662 4286 p.
706 4200 894 4283 466),
955 4224 1120 4287 quae
1172 4200 1324 4286 quia
1369 4203 1655 4268 nummis
1710 4204 2111 4290 produntur,
2176 4227 2443 4271 necesse
2498 4219 2606 4274 est
2648 4222 2787 4275 ante

460 4305 826 4394 Caligulam
866 4331 1009 4373 esse
1045 4312 1242 4387 facta3
1298 4334 1446 4377 nam
1490 4313 1687 4379 huius
1728 4322 1932 4379 aetate
1976 4314 2221 4379 nummi
2264 4314 2633 4401 Hispaniae
2677 4319 2783 4383 de·-

463 4414 744 4493 sierunt,
804 4417 1092 4495 Bilbilis,
1153 4418 1581 4497 Ilercavonia,
1647 4421 2035 4487 Visontium.
2140 4422 2389 4487 Eorum
2448 4424 2557 4490 vel
2616 4426 2781 4493 nulla
