<?xml version="1.0" encoding="UTF-8"?>
<!DOCTYPE html PUBLIC "-//W3C//DTD XHTML 1.0 Transitional//EN"
    "http://www.w3.org/TR/xhtml1/DTD/xhtml1-transitional.dtd">
<html xmlns="http://www.w3.org/1999/xhtml" xml:lang="en" lang="en">
 <head>
  <title>
</title>
<meta http-equiv="Content-Type" content="text/html;charset=utf-8" />
  <meta name='ocr-system' content='tesseract 3.04.00' />
  <meta name='ocr-capabilities' content='ocr_page ocr_carea ocr_par ocr_line ocrx_word'/>
</head>
<body>
  <div class='ocr_page' id='page_1' title='image "augustiwilhelmi01unkngoog_0396.png"; bbox 0 0 2917 5017; ppageno 0'>
   <div class='ocr_carea' id='block_1_1' title="bbox 827 1452 1855 1556">
    <p class='ocr_par' dir='ltr' id='par_1_1' title="bbox 827 1452 1855 1556">
     <span class='ocr_line' id='line_1_1' title="bbox 827 1452 1855 1556; baseline 0.002 -4"><span class='ocrx_word' id='word_1_1' title='bbox 827 1452 1274 1553; x_wconf 92' lang='lat' dir='ltr'><strong>INDEX</strong></span> <span class='ocrx_word' id='word_1_2' title='bbox 1341 1453 1855 1556; x_wconf 83' lang='lat' dir='ltr'><strong>RERUM.</strong></span> 
     </span>
    </p>
   </div>
   <div class='ocr_carea' id='block_1_2' title="bbox 177 1804 2506 1948">
    <p class='ocr_par' dir='ltr' id='par_1_2' title="bbox 177 1804 2506 1948">
     <span class='ocr_line' id='line_1_2' title="bbox 177 1804 2506 1885; baseline 0.003 -22"><span class='ocrx_word' id='word_1_3' title='bbox 177 1812 455 1864; x_wconf 77' lang='lat' dir='ltr'><em>Absentem</em></span> <span class='ocrx_word' id='word_1_4' title='bbox 503 1823 676 1881; x_wconf 70' lang='lat' dir='ltr'><strong>petere</strong></span> <span class='ocrx_word' id='word_1_5' title='bbox 731 1807 853 1880; x_wconf 85' lang='lat' dir='ltr'><strong>quid</strong></span> <span class='ocrx_word' id='word_1_6' title='bbox 906 1818 974 1867; x_wconf 88' lang='lat' dir='ltr'><strong>sit</strong></span> <span class='ocrx_word' id='word_1_7' title='bbox 1010 1834 1128 1882; x_wconf 87' lang='lat' dir='ltr'><strong>pag.</strong></span> <span class='ocrx_word' id='word_1_8' title='bbox 1164 1818 1247 1869; x_wconf 88' lang='grc'><strong>88.</strong></span> <span class='ocrx_word' id='word_1_9' title='bbox 1295 1819 1409 1871; x_wconf 89' lang='grc'><strong>172.</strong></span> <span class='ocrx_word' id='word_1_10' title='bbox 1478 1822 1738 1885; x_wconf 90' lang='lat' dir='ltr'><strong>quomodo</strong></span> <span class='ocrx_word' id='word_1_11' title='bbox 1779 1820 1844 1869; x_wconf 87' lang='lat' dir='ltr'><strong>ab</strong></span> <span class='ocrx_word' id='word_1_12' title='bbox 1887 1836 1949 1869; x_wconf 89' lang='lat' dir='ltr'><strong>eo</strong></span> <span class='ocrx_word' id='word_1_13' title='bbox 1986 1804 2191 1871; x_wconf 81' lang='lat' dir='ltr'><strong>differat</strong></span> <span class='ocrx_word' id='word_1_14' title='bbox 2228 1822 2506 1871; x_wconf 85' lang='lat' dir='ltr'><strong>exercitum</strong></span> 
     </span>
     <span class='ocr_line' id='line_1_3' title="bbox 315 1895 697 1948; baseline 0.01 -4"><span class='ocrx_word' id='word_1_15' title='bbox 315 1898 540 1945; x_wconf 85' lang='lat' dir='ltr'><strong>retinere</strong></span> <span class='ocrx_word' id='word_1_16' title='bbox 585 1895 697 1948; x_wconf 97' lang='grc'><strong>174.</strong></span> 
     </span>
    </p>
   </div>
   <div class='ocr_carea' id='block_1_3' title="bbox 173 1976 1763 2047">
    <p class='ocr_par' dir='ltr' id='par_1_3' title="bbox 173 1976 1763 2047">
     <span class='ocr_line' id='line_1_4' title="bbox 173 1976 1763 2047; baseline 0.004 -22"><span class='ocrx_word' id='word_1_17' title='bbox 173 1976 237 2026; x_wconf 83' lang='lat' dir='ltr'><strong>L.</strong></span> <span class='ocrx_word' id='word_1_18' title='bbox 279 1977 474 2027; x_wconf 89' lang='lat' dir='ltr'><strong>Aelius</strong></span> <span class='ocrx_word' id='word_1_19' title='bbox 516 1978 712 2041; x_wconf 81' lang='lat' dir='ltr'><strong>Lamia,</strong></span> <span class='ocrx_word' id='word_1_20' title='bbox 756 1978 956 2029; x_wconf 84' lang='lat' dir='ltr'><strong>Galliae</strong></span> <span class='ocrx_word' id='word_1_21' title='bbox 992 1979 1357 2043; x_wconf 85' lang='lat' dir='ltr'><strong>Lugdunensis</strong></span> <span class='ocrx_word' id='word_1_22' title='bbox 1396 1998 1604 2047; x_wconf 78' lang='lat' dir='ltr'><strong>praeses</strong></span> <span class='ocrx_word' id='word_1_23' title='bbox 1650 1980 1763 2032; x_wconf 88' lang='grc'><strong>123.</strong></span> 
     </span>
    </p>
   </div>
   <div class='ocr_carea' id='block_1_4' title="bbox 176 2058 2509 2367">
    <p class='ocr_par' dir='ltr' id='par_1_4' title="bbox 176 2058 2509 2204">
     <span class='ocr_line' id='line_1_5' title="bbox 176 2058 2509 2128; baseline 0.003 -22"><span class='ocrx_word' id='word_1_24' title='bbox 176 2058 250 2107; x_wconf 89' lang='lat' dir='ltr'><strong>M.</strong></span> <span class='ocrx_word' id='word_1_25' title='bbox 279 2058 543 2110; x_wconf 83' lang='lat' dir='ltr'>Aemilius</span> <span class='ocrx_word' id='word_1_26' title='bbox 569 2060 796 2125; x_wconf 84' lang='lat' dir='ltr'><strong>Lepidus</strong></span> <span class='ocrx_word' id='word_1_27' title='bbox 831 2077 934 2111; x_wconf 87' lang='lat' dir='ltr'><strong>cos.</strong></span> <span class='ocrx_word' id='word_1_28' title='bbox 973 2068 1022 2110; x_wconf 90' lang='lat' dir='ltr'><strong>et</strong></span> <span class='ocrx_word' id='word_1_29' title='bbox 1057 2058 1256 2112; x_wconf 85' lang='lat' dir='ltr'><strong>Galliae</strong></span> <span class='ocrx_word' id='word_1_30' title='bbox 1291 2064 1665 2128; x_wconf 86' lang='lat' dir='ltr'><strong>Transalpinae</strong></span> <span class='ocrx_word' id='word_1_31' title='bbox 1702 2069 1866 2113; x_wconf 89' lang='lat' dir='ltr'><strong>rector</strong></span> <span class='ocrx_word' id='word_1_32' title='bbox 1901 2059 1984 2113; x_wconf 82' lang='lat'><strong>46.</strong></span> <span class='ocrx_word' id='word_1_33' title='bbox 2050 2078 2156 2113; x_wconf 88' lang='lat' dir='ltr'><strong>cos.</strong></span> <span class='ocrx_word' id='word_1_34' title='bbox 2189 2070 2241 2113; x_wconf 88' lang='lat' dir='ltr'><strong>et</strong></span> <span class='ocrx_word' id='word_1_35' title='bbox 2264 2066 2509 2127; x_wconf 84' lang='lat' dir='ltr'><strong>magister</strong></span> 
     </span>
     <span class='ocr_line' id='line_1_6' title="bbox 315 2140 870 2204; baseline 0.007 -16"><span class='ocrx_word' id='word_1_36' title='bbox 315 2142 552 2204; x_wconf 89' lang='lat' dir='ltr'><strong>equitum</strong></span> <span class='ocrx_word' id='word_1_37' title='bbox 593 2140 712 2193; x_wconf 92' lang='grc'><strong>221.</strong></span> <span class='ocrx_word' id='word_1_38' title='bbox 753 2140 870 2192; x_wconf 85' lang='grc'><strong>239.</strong></span> 
     </span>
    </p>

    <p class='ocr_par' dir='ltr' id='par_1_5' title="bbox 178 2220 1140 2273">
     <span class='ocr_line' id='line_1_7' title="bbox 178 2220 1140 2273; baseline 0.005 -5"><span class='ocrx_word' id='word_1_39' title='bbox 178 2220 252 2269; x_wconf 89' lang='lat' dir='ltr'><strong>M.</strong></span> <span class='ocrx_word' id='word_1_40' title='bbox 291 2220 510 2271; x_wconf 85' lang='lat' dir='ltr'><strong>Aemilii</strong></span> <span class='ocrx_word' id='word_1_41' title='bbox 547 2222 726 2273; x_wconf 82' lang='lat' dir='ltr'><strong>Scauri</strong></span> <span class='ocrx_word' id='word_1_42' title='bbox 769 2224 1013 2272; x_wconf 86' lang='lat' dir='ltr'><strong>iudicium</strong></span> <span class='ocrx_word' id='word_1_43' title='bbox 1056 2222 1140 2273; x_wconf 87' lang='grc'><strong>78.</strong></span> 
     </span>
    </p>

    <p class='ocr_par' dir='ltr' id='par_1_6' title="bbox 176 2300 1065 2367">
     <span class='ocr_line' id='line_1_8' title="bbox 176 2300 1065 2367; baseline 0.004 -18"><span class='ocrx_word' id='word_1_44' title='bbox 176 2300 240 2351; x_wconf 89' lang='lat' dir='ltr'><strong>L.</strong></span> <span class='ocrx_word' id='word_1_45' title='bbox 276 2301 532 2354; x_wconf 85' lang='lat' dir='ltr'><strong>Afranius</strong></span> <span class='ocrx_word' id='word_1_46' title='bbox 569 2306 772 2354; x_wconf 88' lang='lat' dir='ltr'><strong>Italiam</strong></span> <span class='ocrx_word' id='word_1_47' title='bbox 811 2306 944 2367; x_wconf 86' lang='lat' dir='ltr'><strong>regit</strong></span> <span class='ocrx_word' id='word_1_48' title='bbox 982 2303 1065 2353; x_wconf 68' lang='lat'><strong>05.</strong></span> 
     </span>
    </p>
   </div>
   <div class='ocr_carea' id='block_1_5' title="bbox 177 2382 2502 2453">
    <p class='ocr_par' dir='ltr' id='par_1_7' title="bbox 177 2382 2502 2453">
     <span class='ocr_line' id='line_1_9' title="bbox 177 2382 2502 2453; baseline 0.003 -22"><span class='ocrx_word' id='word_1_49' title='bbox 177 2382 362 2432; x_wconf 81' lang='lat' dir='ltr'><strong>Africa</strong></span> <span class='ocrx_word' id='word_1_50' title='bbox 397 2385 658 2449; x_wconf 88' lang='lat' dir='ltr'><strong>provincia</strong></span> <span class='ocrx_word' id='word_1_51' title='bbox 695 2384 804 2435; x_wconf 88' lang='lat' dir='ltr'><strong>fere</strong></span> <span class='ocrx_word' id='word_1_52' title='bbox 842 2385 1162 2449; x_wconf 85' lang='lat' dir='ltr'><strong>praetoribus</strong></span> <span class='ocrx_word' id='word_1_53' title='bbox 1201 2388 1371 2450; x_wconf 86' lang='lat' dir='ltr'><strong>paruit</strong></span> <span class='ocrx_word' id='word_1_54' title='bbox 1411 2384 1493 2437; x_wconf 89' lang='grc'><strong>49.</strong></span> <span class='ocrx_word' id='word_1_55' title='bbox 1567 2389 1842 2451; x_wconf 84' lang='lat' dir='ltr'><strong>proconsul</strong></span> <span class='ocrx_word' id='word_1_56' title='bbox 1895 2389 2003 2437; x_wconf 87' lang='lat' dir='ltr'><strong>eius</strong></span> <span class='ocrx_word' id='word_1_57' title='bbox 2056 2404 2149 2453; x_wconf 89' lang='lat' dir='ltr'><strong>per</strong></span> <span class='ocrx_word' id='word_1_58' title='bbox 2195 2405 2287 2439; x_wconf 88' lang='lat' dir='ltr'><strong>sex</strong></span> <span class='ocrx_word' id='word_1_59' title='bbox 2337 2406 2502 2442; x_wconf 86' lang='lat' dir='ltr'><strong>annos</strong></span> 
     </span>
    </p>
   </div>
   <div class='ocr_carea' id='block_1_6' title="bbox 175 2464 2504 2855">
    <p class='ocr_par' dir='ltr' id='par_1_8' title="bbox 175 2464 2504 2855">
     <span class='ocr_line' id='line_1_10' title="bbox 316 2464 2504 2533; baseline 0.002 -18"><span class='ocrx_word' id='word_1_60' title='bbox 316 2464 434 2516; x_wconf 87' lang='lat'><strong>137.</strong></span> <span class='ocrx_word' id='word_1_61' title='bbox 493 2482 585 2529; x_wconf 88' lang='lat' dir='ltr'><strong>per</strong></span> <span class='ocrx_word' id='word_1_62' title='bbox 609 2468 883 2517; x_wconf 81' lang='lat' dir='ltr'><strong>triennium</strong></span> <span class='ocrx_word' id='word_1_63' title='bbox 918 2466 1030 2518; x_wconf 88' lang='grc'><strong>139.</strong></span> <span class='ocrx_word' id='word_1_64' title='bbox 1088 2469 1349 2530; x_wconf 85' lang='lat' dir='ltr'><strong>provincia</strong></span> <span class='ocrx_word' id='word_1_65' title='bbox 1375 2470 1755 2532; x_wconf 86' lang='lat' dir='ltr'><strong>proconsularis</strong></span> <span class='ocrx_word' id='word_1_66' title='bbox 1787 2485 1819 2518; x_wconf 88' lang='lat' dir='ltr'><strong>a</strong></span> <span class='ocrx_word' id='word_1_67' title='bbox 1840 2469 2079 2533; x_wconf 80' lang='lat' dir='ltr'><strong>Caligula</strong></span> <span class='ocrx_word' id='word_1_68' title='bbox 2107 2471 2351 2519; x_wconf 73' lang='lat' dir='ltr'><strong>dividitur</strong></span> <span class='ocrx_word' id='word_1_69' title='bbox 2396 2469 2504 2521; x_wconf 90' lang='grc'><strong>137.</strong></span> 
     </span>
     <span class='ocr_line' id='line_1_11' title="bbox 312 2547 2452 2615; baseline 0.002 -20"><span class='ocrx_word' id='word_1_70' title='bbox 312 2548 372 2595; x_wconf 89' lang='lat' dir='ltr'><strong>in</strong></span> <span class='ocrx_word' id='word_1_71' title='bbox 409 2548 550 2597; x_wconf 91' lang='lat' dir='ltr'><strong>bello</strong></span> <span class='ocrx_word' id='word_1_72' title='bbox 587 2548 898 2612; x_wconf 80' lang='lat' dir='ltr'><strong>Vespasiani</strong></span> <span class='ocrx_word' id='word_1_73' title='bbox 931 2549 1104 2611; x_wconf 88' lang='lat' dir='ltr'><strong>legato</strong></span> <span class='ocrx_word' id='word_1_74' title='bbox 1140 2549 1328 2597; x_wconf 90' lang='lat' dir='ltr'><strong>tradita</strong></span> <span class='ocrx_word' id='word_1_75' title='bbox 1375 2547 1483 2601; x_wconf 87' lang='grc'><strong>141.</strong></span> <span class='ocrx_word' id='word_1_76' title='bbox 1564 2551 1686 2599; x_wconf 89' lang='lat' dir='ltr'><strong>item</strong></span> <span class='ocrx_word' id='word_1_77' title='bbox 1726 2552 1822 2600; x_wconf 88' lang='lat' dir='ltr'><strong>sub</strong></span> <span class='ocrx_word' id='word_1_78' title='bbox 1856 2552 2163 2615; x_wconf 81' lang='lat' dir='ltr'><strong>imperatore</strong></span> <span class='ocrx_word' id='word_1_79' title='bbox 2196 2550 2293 2600; x_wconf 90' lang='lat' dir='ltr'><strong>Pio</strong></span> <span class='ocrx_word' id='word_1_80' title='bbox 2341 2548 2452 2601; x_wconf 90' lang='grc'><strong>142.</strong></span> 
     </span>
     <span class='ocr_line' id='line_1_12' title="bbox 178 2626 2059 2693; baseline 0.003 -18"><span class='ocrx_word' id='word_1_81' title='bbox 178 2626 249 2676; x_wconf 88' lang='lat' dir='ltr'><strong>M.</strong></span> <span class='ocrx_word' id='word_1_82' title='bbox 285 2628 530 2693; x_wconf 85' lang='lat' dir='ltr'><strong>Agrippa</strong></span> <span class='ocrx_word' id='word_1_83' title='bbox 569 2635 730 2678; x_wconf 93' lang='lat' dir='ltr'><strong>totam</strong></span> <span class='ocrx_word' id='word_1_84' title='bbox 769 2628 988 2679; x_wconf 83' lang='lat' dir='ltr'><strong>Galliam</strong></span> <span class='ocrx_word' id='word_1_85' title='bbox 1032 2630 1164 2691; x_wconf 85' lang='lat' dir='ltr'><strong>regit</strong></span> <span class='ocrx_word' id='word_1_86' title='bbox 1203 2627 1285 2678; x_wconf 88' lang='grc'><strong>93.</strong></span> <span class='ocrx_word' id='word_1_87' title='bbox 1335 2628 1447 2681; x_wconf 90' lang='grc'><strong>102.</strong></span> <span class='ocrx_word' id='word_1_88' title='bbox 1524 2640 1704 2681; x_wconf 84' lang='lat' dir='ltr'><strong>auctor</strong></span> <span class='ocrx_word' id='word_1_89' title='bbox 1741 2631 1897 2681; x_wconf 88' lang='lat' dir='ltr'><strong>Plinii</strong></span> <span class='ocrx_word' id='word_1_90' title='bbox 1947 2632 2059 2681; x_wconf 89' lang='grc'><strong>100.</strong></span> 
     </span>
     <span class='ocr_line' id='line_1_13' title="bbox 175 2708 2235 2777; baseline 0.002 -21"><span class='ocrx_word' id='word_1_91' title='bbox 175 2708 525 2759; x_wconf 82' lang='lat' dir='ltr'><strong>Alexandrini</strong></span> <span class='ocrx_word' id='word_1_92' title='bbox 564 2711 618 2758; x_wconf 91' lang='lat' dir='ltr'><strong>in</strong></span> <span class='ocrx_word' id='word_1_93' title='bbox 658 2709 898 2774; x_wconf 83' lang='lat' dir='ltr'><strong>Aegypto</strong></span> <span class='ocrx_word' id='word_1_94' title='bbox 939 2710 1105 2759; x_wconf 89' lang='lat' dir='ltr'><strong>ultimi</strong></span> <span class='ocrx_word' id='word_1_95' title='bbox 1143 2711 1370 2759; x_wconf 89' lang='lat' dir='ltr'><strong>omnium</strong></span> <span class='ocrx_word' id='word_1_96' title='bbox 1408 2713 1487 2761; x_wconf 89' lang='lat' dir='ltr'><strong>ius</strong></span> <span class='ocrx_word' id='word_1_97' title='bbox 1528 2712 1782 2763; x_wconf 85' lang='lat' dir='ltr'><strong>honorum</strong></span> <span class='ocrx_word' id='word_1_98' title='bbox 1820 2714 2076 2777; x_wconf 89' lang='lat' dir='ltr'><strong>accipiunt</strong></span> <span class='ocrx_word' id='word_1_99' title='bbox 2118 2710 2235 2762; x_wconf 80' lang='grc'><strong>341.</strong></span> 
     </span>
     <span class='ocr_line' id='line_1_14' title="bbox 178 2788 1306 2855; baseline 0.002 -18"><span class='ocrx_word' id='word_1_100' title='bbox 178 2789 494 2841; x_wconf 82' lang='lat' dir='ltr'><strong>Ammianus</strong></span> <span class='ocrx_word' id='word_1_101' title='bbox 527 2791 861 2840; x_wconf 84' lang='lat' dir='ltr'><strong>Marcellinus</strong></span> <span class='ocrx_word' id='word_1_102' title='bbox 899 2792 1184 2855; x_wconf 83' lang='lat' dir='ltr'><strong>explicatur</strong></span> <span class='ocrx_word' id='word_1_103' title='bbox 1223 2788 1306 2841; x_wconf 88' lang='grc'><strong>98.</strong></span> 
     </span>
    </p>
   </div>
   <div class='ocr_carea' id='block_1_7' title="bbox 177 2868 2507 3003">
    <p class='ocr_par' dir='ltr' id='par_1_9' title="bbox 177 2868 2507 3003">
     <span class='ocr_line' id='line_1_15' title="bbox 177 2868 2507 2937; baseline 0.002 -20"><span class='ocrx_word' id='word_1_104' title='bbox 177 2884 374 2920; x_wconf 85' lang='lat' dir='ltr'><strong>annum</strong></span> <span class='ocrx_word' id='word_1_105' title='bbox 411 2871 682 2920; x_wconf 89' lang='lat' dir='ltr'><strong>militarem</strong></span> <span class='ocrx_word' id='word_1_106' title='bbox 717 2870 880 2921; x_wconf 85' lang='lat' dir='ltr'><strong>fuisse</strong></span> <span class='ocrx_word' id='word_1_107' title='bbox 916 2873 1116 2921; x_wconf 88' lang='lat' dir='ltr'><strong>nullum</strong></span> <span class='ocrx_word' id='word_1_108' title='bbox 1156 2868 1248 2922; x_wconf 84' lang='grc'><strong>184</strong></span> <span class='ocrx_word' id='word_1_109' title='bbox 1277 2887 1352 2936; x_wconf 86' lang='lat' dir='ltr'><strong>sq.</strong></span> <span class='ocrx_word' id='word_1_110' title='bbox 1424 2888 1588 2923; x_wconf 88' lang='lat' dir='ltr'><strong>annus</strong></span> <span class='ocrx_word' id='word_1_111' title='bbox 1624 2882 1836 2923; x_wconf 77' lang='lat' dir='ltr'><strong>vocatur</strong></span> <span class='ocrx_word' id='word_1_112' title='bbox 1874 2874 2041 2924; x_wconf 89' lang='lat' dir='ltr'><strong>maius</strong></span> <span class='ocrx_word' id='word_1_113' title='bbox 2084 2874 2308 2937; x_wconf 90' lang='lat' dir='ltr'><strong>spatium</strong></span> <span class='ocrx_word' id='word_1_114' title='bbox 2349 2888 2507 2936; x_wconf 89' lang='lat' dir='ltr'><strong>quam</strong></span> 
     </span>
     <span class='ocr_line' id='line_1_16' title="bbox 316 2950 706 3003; baseline 0.005 -3"><span class='ocrx_word' id='word_1_115' title='bbox 316 2966 550 3001; x_wconf 84' lang='lat' dir='ltr'><strong>annuum</strong></span> <span class='ocrx_word' id='word_1_116' title='bbox 589 2950 706 3003; x_wconf 89' lang='grc'><strong>213.</strong></span> 
     </span>
    </p>
   </div>
   <div class='ocr_carea' id='block_1_8' title="bbox 179 3032 2512 4473">
    <p class='ocr_par' dir='ltr' id='par_1_10' title="bbox 179 3032 1648 3095">
     <span class='ocr_line' id='line_1_17' title="bbox 179 3032 1648 3095; baseline 0.002 -14"><span class='ocrx_word' id='word_1_117' title='bbox 179 3032 481 3083; x_wconf 86' lang='lat' dir='ltr'><strong>Antoninus</strong></span> <span class='ocrx_word' id='word_1_118' title='bbox 518 3032 644 3083; x_wconf 87' lang='lat' dir='ltr'><strong>Pius</strong></span> <span class='ocrx_word' id='word_1_119' title='bbox 677 3032 950 3083; x_wconf 88' lang='lat' dir='ltr'><strong>tribunicia</strong></span> <span class='ocrx_word' id='word_1_120' title='bbox 984 3039 1240 3095; x_wconf 86' lang='lat' dir='ltr'><strong>potestate</strong></span> <span class='ocrx_word' id='word_1_121' title='bbox 1276 3040 1490 3081; x_wconf 87' lang='lat' dir='ltr'><strong>ornatur</strong></span> <span class='ocrx_word' id='word_1_122' title='bbox 1530 3032 1648 3084; x_wconf 75' lang='lat'><strong>265.</strong></span> 
     </span>
    </p>

    <p class='ocr_par' dir='ltr' id='par_1_11' title="bbox 181 3112 1728 3177">
     <span class='ocr_line' id='line_1_18' title="bbox 181 3112 1728 3177; baseline 0.001 -16"><span class='ocrx_word' id='word_1_123' title='bbox 181 3114 255 3162; x_wconf 80' lang='lat' dir='ltr'><strong>M.</strong></span> <span class='ocrx_word' id='word_1_124' title='bbox 291 3115 558 3164; x_wconf 88' lang='lat' dir='ltr'><strong>Antonius</strong></span> <span class='ocrx_word' id='word_1_125' title='bbox 598 3122 771 3164; x_wconf 82' lang='lat' dir='ltr'><strong>orator</strong></span> <span class='ocrx_word' id='word_1_126' title='bbox 808 3130 875 3163; x_wconf 87' lang='lat' dir='ltr'><strong>ex</strong></span> <span class='ocrx_word' id='word_1_127' title='bbox 911 3120 1154 3177; x_wconf 84' lang='lat' dir='ltr'><strong>praetura</strong></span> <span class='ocrx_word' id='word_1_128' title='bbox 1191 3113 1365 3161; x_wconf 88' lang='lat' dir='ltr'><strong>domat</strong></span> <span class='ocrx_word' id='word_1_129' title='bbox 1405 3114 1599 3175; x_wconf 83' lang='lat' dir='ltr'><strong>piratas</strong></span> <span class='ocrx_word' id='word_1_130' title='bbox 1644 3112 1728 3163; x_wconf 82' lang='grc'><strong>26.</strong></span> 
     </span>
    </p>

    <p class='ocr_par' dir='ltr' id='par_1_12' title="bbox 179 3192 2511 3501">
     <span class='ocr_line' id='line_1_19' title="bbox 179 3192 2509 3258; baseline 0 -15"><span class='ocrx_word' id='word_1_131' title='bbox 179 3195 251 3244; x_wconf 88' lang='lat' dir='ltr'><strong>M.</strong></span> <span class='ocrx_word' id='word_1_132' title='bbox 297 3196 560 3245; x_wconf 86' lang='lat' dir='ltr'><strong>Antonius</strong></span> <span class='ocrx_word' id='word_1_133' title='bbox 613 3194 774 3244; x_wconf 82' lang='lat' dir='ltr'><strong>IIIvir</strong></span> <span class='ocrx_word' id='word_1_134' title='bbox 824 3195 993 3257; x_wconf 86' lang='lat' dir='ltr'><strong>legem</strong></span> <span class='ocrx_word' id='word_1_135' title='bbox 1044 3194 1233 3243; x_wconf 87' lang='lat' dir='ltr'><strong>tulerat</strong></span> <span class='ocrx_word' id='word_1_136' title='bbox 1281 3193 1342 3242; x_wconf 93' lang='lat' dir='ltr'><strong>de</strong></span> <span class='ocrx_word' id='word_1_137' title='bbox 1387 3196 1790 3258; x_wconf 86' lang='lat' dir='ltr'><strong>proscriptorum</strong></span> <span class='ocrx_word' id='word_1_138' title='bbox 1838 3195 2010 3244; x_wconf 88' lang='lat' dir='ltr'><strong>liberis</strong></span> <span class='ocrx_word' id='word_1_139' title='bbox 2056 3192 2175 3244; x_wconf 88' lang='grc'><strong>202.</strong></span> <span class='ocrx_word' id='word_1_140' title='bbox 2263 3196 2509 3257; x_wconf 88' lang='lat' dir='ltr'><strong>magister</strong></span> 
     </span>
     <span class='ocr_line' id='line_1_20' title="bbox 318 3272 2507 3341; baseline 0.001 -16"><span class='ocrx_word' id='word_1_141' title='bbox 318 3278 550 3341; x_wconf 89' lang='lat' dir='ltr'><strong>equitum</strong></span> <span class='ocrx_word' id='word_1_142' title='bbox 587 3276 752 3325; x_wconf 80' lang='lat' dir='ltr'><strong>factus</strong></span> <span class='ocrx_word' id='word_1_143' title='bbox 793 3276 953 3325; x_wconf 90' lang='lat' dir='ltr'><strong>inscio</strong></span> <span class='ocrx_word' id='word_1_144' title='bbox 993 3274 1212 3325; x_wconf 85' lang='lat' dir='ltr'><strong>Caesare</strong></span> <span class='ocrx_word' id='word_1_145' title='bbox 1249 3272 1365 3321; x_wconf 89' lang='grc'><strong>212.</strong></span> <span class='ocrx_word' id='word_1_146' title='bbox 1441 3276 1549 3324; x_wconf 88' lang='lat' dir='ltr'><strong>eius</strong></span> <span class='ocrx_word' id='word_1_147' title='bbox 1586 3278 1766 3326; x_wconf 88' lang='lat' dir='ltr'><strong>tertius</strong></span> <span class='ocrx_word' id='word_1_148' title='bbox 1804 3277 2101 3326; x_wconf 87' lang='lat' dir='ltr'><strong>consulatus</strong></span> <span class='ocrx_word' id='word_1_149' title='bbox 2144 3292 2233 3325; x_wconf 91' lang='lat' dir='ltr'><strong>cur</strong></span> <span class='ocrx_word' id='word_1_150' title='bbox 2270 3276 2321 3324; x_wconf 90' lang='lat' dir='ltr'><strong>in</strong></span> <span class='ocrx_word' id='word_1_151' title='bbox 2362 3274 2507 3327; x_wconf 83' lang='lat' dir='ltr'><strong>fastis</strong></span> 
     </span>
     <span class='ocr_line' id='line_1_21' title="bbox 315 3353 2511 3419; baseline -0.001 -12"><span class='ocrx_word' id='word_1_152' title='bbox 315 3372 424 3406; x_wconf 89' lang='lat' dir='ltr'><strong>non</strong></span> <span class='ocrx_word' id='word_1_153' title='bbox 463 3365 761 3407; x_wconf 86' lang='lat' dir='ltr'><strong>numeretur</strong></span> <span class='ocrx_word' id='word_1_154' title='bbox 799 3354 914 3405; x_wconf 82' lang='grc'><strong>215.</strong></span> <span class='ocrx_word' id='word_1_155' title='bbox 993 3355 1209 3405; x_wconf 83' lang='lat' dir='ltr'><strong>consilia</strong></span> <span class='ocrx_word' id='word_1_156' title='bbox 1259 3355 1368 3403; x_wconf 92' lang='lat' dir='ltr'><strong>eius</strong></span> <span class='ocrx_word' id='word_1_157' title='bbox 1407 3353 1644 3405; x_wconf 88' lang='lat' dir='ltr'><strong>Caesaris</strong></span> <span class='ocrx_word' id='word_1_158' title='bbox 1684 3358 2021 3407; x_wconf 89' lang='lat' dir='ltr'><strong>interficiendi</strong></span> <span class='ocrx_word' id='word_1_159' title='bbox 2070 3354 2187 3407; x_wconf 78' lang='grc'><strong>226.</strong></span> <span class='ocrx_word' id='word_1_160' title='bbox 2264 3357 2511 3419; x_wconf 86' lang='lat' dir='ltr'><strong>magister</strong></span> 
     </span>
     <span class='ocr_line' id='line_1_22' title="bbox 320 3436 1999 3501; baseline 0.001 -15"><span class='ocrx_word' id='word_1_161' title='bbox 320 3452 401 3501; x_wconf 90' lang='lat' dir='ltr'><strong>eq.</strong></span> <span class='ocrx_word' id='word_1_162' title='bbox 442 3437 677 3489; x_wconf 85' lang='lat' dir='ltr'><strong>Caesaris</strong></span> <span class='ocrx_word' id='word_1_163' title='bbox 713 3436 831 3489; x_wconf 82' lang='grc'><strong>239.</strong></span> <span class='ocrx_word' id='word_1_164' title='bbox 913 3452 1003 3485; x_wconf 89' lang='lat' dir='ltr'><strong>cur</strong></span> <span class='ocrx_word' id='word_1_165' title='bbox 1036 3437 1312 3485; x_wconf 86' lang='lat' dir='ltr'><strong>dictaturae</strong></span> <span class='ocrx_word' id='word_1_166' title='bbox 1351 3450 1541 3485; x_wconf 88' lang='lat' dir='ltr'><strong>nomen</strong></span> <span class='ocrx_word' id='word_1_167' title='bbox 1579 3440 1842 3488; x_wconf 89' lang='lat' dir='ltr'><strong>sustulerit</strong></span> <span class='ocrx_word' id='word_1_168' title='bbox 1882 3436 1999 3489; x_wconf 82' lang='grc'><strong>240.</strong></span> 
     </span>
    </p>

    <p class='ocr_par' dir='ltr' id='par_1_13' title="bbox 182 3514 1691 3584">
     <span class='ocr_line' id='line_1_23' title="bbox 182 3514 1691 3584; baseline 0 -17"><span class='ocrx_word' id='word_1_169' title='bbox 182 3518 454 3583; x_wconf 89' lang='lat' dir='ltr'><strong>Appianus</strong></span> <span class='ocrx_word' id='word_1_170' title='bbox 493 3522 778 3584; x_wconf 85' lang='lat' dir='ltr'><strong>explicatur</strong></span> <span class='ocrx_word' id='word_1_171' title='bbox 813 3517 896 3570; x_wconf 84' lang='lat'><strong>85.</strong></span> <span class='ocrx_word' id='word_1_172' title='bbox 942 3516 1054 3568; x_wconf 81' lang='grc'><strong>162.</strong></span> <span class='ocrx_word' id='word_1_173' title='bbox 1093 3516 1209 3569; x_wconf 84' lang='grc'><strong>207.</strong></span> <span class='ocrx_word' id='word_1_174' title='bbox 1255 3514 1373 3567; x_wconf 87' lang='grc'><strong>239.</strong></span> <span class='ocrx_word' id='word_1_175' title='bbox 1413 3514 1529 3568; x_wconf 82' lang='grc'><strong>293.</strong></span> <span class='ocrx_word' id='word_1_176' title='bbox 1574 3515 1691 3567; x_wconf 92' lang='grc'><strong>371.</strong></span> 
     </span>
    </p>

    <p class='ocr_par' dir='ltr' id='par_1_14' title="bbox 183 3597 1314 3665">
     <span class='ocr_line' id='line_1_24' title="bbox 183 3597 1314 3665; baseline 0.003 -18"><span class='ocrx_word' id='word_1_177' title='bbox 183 3600 242 3650; x_wconf 90' lang='lat' dir='ltr'><strong>L.</strong></span> <span class='ocrx_word' id='word_1_178' title='bbox 280 3600 562 3665; x_wconf 89' lang='lat' dir='ltr'><strong>Apronius,</strong></span> <span class='ocrx_word' id='word_1_179' title='bbox 607 3599 910 3651; x_wconf 86' lang='lat' dir='ltr'><strong>Germaniae</strong></span> <span class='ocrx_word' id='word_1_180' title='bbox 944 3600 1148 3661; x_wconf 85' lang='lat' dir='ltr'><strong>legatus</strong></span> <span class='ocrx_word' id='word_1_181' title='bbox 1195 3597 1314 3650; x_wconf 75' lang='lat'><strong>151.</strong></span> 
     </span>
    </p>

    <p class='ocr_par' dir='ltr' id='par_1_15' title="bbox 189 3676 1266 3745">
     <span class='ocr_line' id='line_1_25' title="bbox 189 3676 1266 3745; baseline -0.002 -16"><span class='ocrx_word' id='word_1_182' title='bbox 189 3683 370 3745; x_wconf 83' lang='lat' dir='ltr'><strong>Aquae</strong></span> <span class='ocrx_word' id='word_1_183' title='bbox 409 3682 617 3731; x_wconf 88' lang='lat' dir='ltr'><strong>Sextiae</strong></span> <span class='ocrx_word' id='word_1_184' title='bbox 657 3680 828 3729; x_wconf 89' lang='lat' dir='ltr'><strong>Latini</strong></span> <span class='ocrx_word' id='word_1_185' title='bbox 863 3682 988 3729; x_wconf 88' lang='lat' dir='ltr'><strong>iuris</strong></span> <span class='ocrx_word' id='word_1_186' title='bbox 1027 3686 1146 3729; x_wconf 89' lang='lat' dir='ltr'><strong>sunt</strong></span> <span class='ocrx_word' id='word_1_187' title='bbox 1185 3676 1266 3729; x_wconf 82' lang='lat'><strong>34.</strong></span> 
     </span>
    </p>

    <p class='ocr_par' dir='ltr' id='par_1_16' title="bbox 186 3755 1466 3826">
     <span class='ocr_line' id='line_1_26' title="bbox 186 3755 1466 3826; baseline -0.002 -16"><span class='ocrx_word' id='word_1_188' title='bbox 186 3761 468 3825; x_wconf 86' lang='lat' dir='ltr'><strong>Aquitania</strong></span> <span class='ocrx_word' id='word_1_189' title='bbox 505 3760 770 3826; x_wconf 85' lang='lat' dir='ltr'><strong>provincia</strong></span> <span class='ocrx_word' id='word_1_190' title='bbox 810 3760 874 3809; x_wconf 90' lang='lat' dir='ltr'><strong>ab</strong></span> <span class='ocrx_word' id='word_1_191' title='bbox 912 3760 1154 3823; x_wconf 86' lang='lat' dir='ltr'><strong>Augusto</strong></span> <span class='ocrx_word' id='word_1_192' title='bbox 1191 3766 1340 3808; x_wconf 83' lang='lat' dir='ltr'><strong>aucta</strong></span> <span class='ocrx_word' id='word_1_193' title='bbox 1381 3755 1466 3807; x_wconf 86' lang='grc'><strong>99.</strong></span> 
     </span>
    </p>

    <p class='ocr_par' dir='ltr' id='par_1_17' title="bbox 188 3835 1400 3906">
     <span class='ocr_line' id='line_1_27' title="bbox 188 3835 1400 3906; baseline -0.003 -15"><span class='ocrx_word' id='word_1_194' title='bbox 188 3842 328 3891; x_wconf 80' lang='lat' dir='ltr'><strong>Arva</strong></span> <span class='ocrx_word' id='word_1_195' title='bbox 361 3842 600 3891; x_wconf 85' lang='lat' dir='ltr'><strong>Baeticae</strong></span> <span class='ocrx_word' id='word_1_196' title='bbox 635 3842 970 3906; x_wconf 89' lang='lat' dir='ltr'><strong>municipium</strong></span> <span class='ocrx_word' id='word_1_197' title='bbox 1003 3841 1242 3891; x_wconf 81' lang='lat' dir='ltr'><strong>Flavium</strong></span> <span class='ocrx_word' id='word_1_198' title='bbox 1284 3835 1400 3889; x_wconf 90' lang='grc'><strong>314.</strong></span> 
     </span>
    </p>

    <p class='ocr_par' dir='ltr' id='par_1_18' title="bbox 190 3917 1385 3986">
     <span class='ocr_line' id='line_1_28' title="bbox 190 3917 1385 3986; baseline -0.003 -15"><span class='ocrx_word' id='word_1_199' title='bbox 190 3924 444 3973; x_wconf 89' lang='lat' dir='ltr'><strong>Asconius</strong></span> <span class='ocrx_word' id='word_1_200' title='bbox 482 3924 535 3971; x_wconf 92' lang='lat' dir='ltr'><strong>in</strong></span> <span class='ocrx_word' id='word_1_201' title='bbox 572 3923 748 3973; x_wconf 86' lang='lat' dir='ltr'><strong>Scaur.</strong></span> <span class='ocrx_word' id='word_1_202' title='bbox 786 3938 836 3985; x_wconf 89' lang='lat' dir='ltr'><strong>p.</strong></span> <span class='ocrx_word' id='word_1_203' title='bbox 871 3920 940 3971; x_wconf 87' lang='grc'><strong>28</strong></span> <span class='ocrx_word' id='word_1_204' title='bbox 977 3923 1260 3986; x_wconf 86' lang='lat' dir='ltr'><strong>explicatur</strong></span> <span class='ocrx_word' id='word_1_205' title='bbox 1302 3917 1385 3968; x_wconf 90' lang='grc'><strong>78.</strong></span> 
     </span>
    </p>

    <p class='ocr_par' dir='ltr' id='par_1_19' title="bbox 189 3998 2512 4150">
     <span class='ocr_line' id='line_1_29' title="bbox 189 3998 2512 4068; baseline -0 -16"><span class='ocrx_word' id='word_1_206' title='bbox 189 4005 315 4054; x_wconf 89' lang='lat' dir='ltr'><strong>Asia</strong></span> <span class='ocrx_word' id='word_1_207' title='bbox 349 4004 606 4068; x_wconf 80' lang='lat' dir='ltr'><strong>provincia</strong></span> <span class='ocrx_word' id='word_1_208' title='bbox 644 4004 848 4068; x_wconf 87' lang='lat' dir='ltr'><strong>quando</strong></span> <span class='ocrx_word' id='word_1_209' title='bbox 886 4000 1020 4051; x_wconf 82' lang='lat' dir='ltr'><strong>facta</strong></span> <span class='ocrx_word' id='word_1_210' title='bbox 1066 3998 1141 4050; x_wconf 79' lang='lat'><strong>14.</strong></span> <span class='ocrx_word' id='word_1_211' title='bbox 1183 4000 1261 4050; x_wconf 85' lang='lat'><strong>15.</strong></span> <span class='ocrx_word' id='word_1_212' title='bbox 1341 4000 1446 4049; x_wconf 84' lang='lat' dir='ltr'><strong>fere</strong></span> <span class='ocrx_word' id='word_1_213' title='bbox 1490 4000 1745 4064; x_wconf 86' lang='lat' dir='ltr'><strong>praetoria</strong></span> <span class='ocrx_word' id='word_1_214' title='bbox 1784 3998 1865 4051; x_wconf 77' lang='grc'><strong>49.</strong></span> <span class='ocrx_word' id='word_1_215' title='bbox 1940 4003 2106 4065; x_wconf 89' lang='lat' dir='ltr'><strong>prima</strong></span> <span class='ocrx_word' id='word_1_216' title='bbox 2138 4003 2512 4065; x_wconf 84' lang='lat' dir='ltr'><strong>provinciarum</strong></span> 
     </span>
     <span class='ocr_line' id='line_1_30' title="bbox 320 4079 1769 4150; baseline -0.004 -15"><span class='ocrx_word' id='word_1_217' title='bbox 320 4088 654 4150; x_wconf 84' lang='lat' dir='ltr'><strong>imperatores</strong></span> <span class='ocrx_word' id='word_1_218' title='bbox 693 4084 878 4133; x_wconf 81' lang='lat' dir='ltr'><strong>divinis</strong></span> <span class='ocrx_word' id='word_1_219' title='bbox 919 4082 1203 4132; x_wconf 83' lang='lat' dir='ltr'><strong>honoribus</strong></span> <span class='ocrx_word' id='word_1_220' title='bbox 1245 4082 1410 4131; x_wconf 87' lang='lat' dir='ltr'><strong>colere</strong></span> <span class='ocrx_word' id='word_1_221' title='bbox 1443 4082 1613 4144; x_wconf 86' lang='lat' dir='ltr'><strong>coepit</strong></span> <span class='ocrx_word' id='word_1_222' title='bbox 1652 4079 1769 4131; x_wconf 90' lang='grc'><strong>375.</strong></span> 
     </span>
    </p>

    <p class='ocr_par' dir='ltr' id='par_1_20' title="bbox 191 4158 2511 4309">
     <span class='ocr_line' id='line_1_31' title="bbox 191 4158 2511 4229; baseline -0.001 -14"><span class='ocrx_word' id='word_1_223' title='bbox 191 4166 400 4215; x_wconf 86' lang='lat' dir='ltr'><strong>Asturia</strong></span> <span class='ocrx_word' id='word_1_224' title='bbox 456 4175 508 4215; x_wconf 87' lang='lat' dir='ltr'><strong>et</strong></span> <span class='ocrx_word' id='word_1_225' title='bbox 544 4165 806 4216; x_wconf 83' lang='lat' dir='ltr'><strong>Gallaecia</strong></span> <span class='ocrx_word' id='word_1_226' title='bbox 851 4163 1114 4229; x_wconf 81' lang='lat' dir='ltr'><strong>provincia</strong></span> <span class='ocrx_word' id='word_1_227' title='bbox 1166 4165 1371 4226; x_wconf 86' lang='lat' dir='ltr'><strong>quando</strong></span> <span class='ocrx_word' id='word_1_228' title='bbox 1420 4162 1657 4211; x_wconf 87' lang='lat' dir='ltr'><strong>instituta</strong></span> <span class='ocrx_word' id='word_1_229' title='bbox 1708 4159 1822 4211; x_wconf 74' lang='grc'><strong>142.</strong></span> <span class='ocrx_word' id='word_1_230' title='bbox 1900 4160 2009 4211; x_wconf 86' lang='lat' dir='ltr'><strong>eius</strong></span> <span class='ocrx_word' id='word_1_231' title='bbox 2047 4161 2247 4210; x_wconf 86' lang='lat' dir='ltr'><strong>iuridici</strong></span> <span class='ocrx_word' id='word_1_232' title='bbox 2295 4158 2412 4223; x_wconf 81' lang='grc'><strong>148,</strong></span> <span class='ocrx_word' id='word_1_233' title='bbox 2460 4171 2511 4213; x_wconf 93' lang='lat' dir='ltr'><strong>et</strong></span> 
     </span>
     <span class='ocr_line' id='line_1_32' title="bbox 321 4240 2137 4309; baseline -0.003 -13"><span class='ocrx_word' id='word_1_234' title='bbox 321 4247 480 4309; x_wconf 87' lang='lat' dir='ltr'><strong>legati</strong></span> <span class='ocrx_word' id='word_1_235' title='bbox 525 4244 636 4295; x_wconf 71' lang='lat'><strong>149.</strong></span> <span class='ocrx_word' id='word_1_236' title='bbox 708 4246 803 4295; x_wconf 86' lang='lat' dir='ltr'><strong>sub</strong></span> <span class='ocrx_word' id='word_1_237' title='bbox 842 4245 1152 4308; x_wconf 83' lang='lat' dir='ltr'><strong>imperatore</strong></span> <span class='ocrx_word' id='word_1_238' title='bbox 1191 4243 1288 4292; x_wconf 89' lang='lat' dir='ltr'><strong>Pio</strong></span> <span class='ocrx_word' id='word_1_239' title='bbox 1329 4245 1431 4292; x_wconf 85' lang='lat' dir='ltr'><strong>iam</strong></span> <span class='ocrx_word' id='word_1_240' title='bbox 1470 4243 1677 4307; x_wconf 90' lang='lat' dir='ltr'><strong>propria</strong></span> <span class='ocrx_word' id='word_1_241' title='bbox 1715 4244 1977 4306; x_wconf 83' lang='lat' dir='ltr'><strong>provincia</strong></span> <span class='ocrx_word' id='word_1_242' title='bbox 2025 4240 2137 4292; x_wconf 79' lang='lat'><strong>150.</strong></span> 
     </span>
    </p>

    <p class='ocr_par' dir='ltr' id='par_1_21' title="bbox 195 4321 2510 4473">
     <span class='ocr_line' id='line_1_33' title="bbox 195 4321 2510 4391; baseline -0.001 -16"><span class='ocrx_word' id='word_1_243' title='bbox 195 4326 414 4391; x_wconf 81' lang='lat' dir='ltr'><strong>Augusti</strong></span> <span class='ocrx_word' id='word_1_244' title='bbox 463 4328 698 4376; x_wconf 86' lang='lat' dir='ltr'><strong>instituta</strong></span> <span class='ocrx_word' id='word_1_245' title='bbox 743 4328 797 4375; x_wconf 87' lang='lat' dir='ltr'><strong>in</strong></span> <span class='ocrx_word' id='word_1_246' title='bbox 848 4324 1018 4375; x_wconf 85' lang='lat' dir='ltr'><strong>Gallia</strong></span> <span class='ocrx_word' id='word_1_247' title='bbox 1061 4321 1144 4375; x_wconf 83' lang='lat'><strong>98.</strong></span> <span class='ocrx_word' id='word_1_248' title='bbox 1215 4334 1394 4376; x_wconf 89' lang='lat' dir='ltr'><strong>auctor</strong></span> <span class='ocrx_word' id='word_1_249' title='bbox 1439 4324 1597 4373; x_wconf 88' lang='lat' dir='ltr'><strong>Plinii</strong></span> <span class='ocrx_word' id='word_1_250' title='bbox 1654 4322 1766 4374; x_wconf 88' lang='grc'><strong>100.</strong></span> <span class='ocrx_word' id='word_1_251' title='bbox 1822 4322 1933 4375; x_wconf 88' lang='grc'><strong>102.</strong></span> <span class='ocrx_word' id='word_1_252' title='bbox 2010 4331 2175 4373; x_wconf 88' lang='lat' dir='ltr'><strong>mutat</strong></span> <span class='ocrx_word' id='word_1_253' title='bbox 2222 4324 2510 4387; x_wconf 84' lang='lat' dir='ltr'><strong>provincias</strong></span> 
     </span>
     <span class='ocr_line' id='line_1_34' title="bbox 325 4401 2510 4473; baseline -0.002 -15"><span class='ocrx_word' id='word_1_254' title='bbox 325 4406 526 4459; x_wconf 86' lang='lat' dir='ltr'><strong>Galliae</strong></span> <span class='ocrx_word' id='word_1_255' title='bbox 566 4406 679 4457; x_wconf 81' lang='lat'><strong>108.</strong></span> <span class='ocrx_word' id='word_1_256' title='bbox 753 4414 1143 4457; x_wconf 85' lang='lat' dir='ltr'><strong>monumentum</strong></span> <span class='ocrx_word' id='word_1_257' title='bbox 1177 4408 1510 4473; x_wconf 82' lang='lat' dir='ltr'><strong>Ancyranum</strong></span> <span class='ocrx_word' id='word_1_258' title='bbox 1534 4401 1839 4455; x_wconf 67' lang='lat' dir='ltr'><strong>&#39;illustratur</strong></span> <span class='ocrx_word' id='word_1_259' title='bbox 1878 4405 1990 4457; x_wconf 79' lang='lat'><strong>115.</strong></span> <span class='ocrx_word' id='word_1_260' title='bbox 2056 4404 2322 4455; x_wconf 83' lang='lat' dir='ltr'><strong>Tiberium</strong></span> <span class='ocrx_word' id='word_1_261' title='bbox 2358 4404 2510 4453; x_wconf 87' lang='lat' dir='ltr'><strong>colle-</strong></span> 
     </span>
    </p>
   </div>
  </div>
 </body>
</html>
