2917 5017
467 315 592 383 282
1075 325 1158 373 Dc
1196 324 1394 387 legibus
1431 326 1821 389 municipalibus
1860 327 2163 391 Hispanicis.

463 488 602 574 ipse
651 498 926 574 agnatus
985 488 1318 574 proximus
1372 488 1660 571 civisque
1700 488 2063 565 Romanus,
2124 490 2179 555 si
2229 491 2595 575 municipes
2638 488 2793 555 Sal-

462 596 730 682 pensani
757 619 976 661 omnes
1005 596 1324 661 civitatem
1349 596 1679 672 haberent,
1718 608 1977 683 apparet
2004 598 2185 683 prius
2214 598 2524 664 debuisse
2552 599 2791 674 omitti,

461 704 698 790 quippe
759 706 936 789 quod
993 715 1164 769 esset
1221 728 1802 790 supervacaneum3
1874 706 1929 769 si
1991 706 2267 771 fuissent
2331 729 2555 771 omnes
2624 707 2791 771 iuris

462 811 701 889 Latini,
741 814 978 898 optime
1023 836 1174 879 sane
1212 814 1565 879 dicebatur.
1642 812 1775 877 Sed
1822 835 1969 879 cum
2013 814 2143 878 duo
2186 814 2409 899 utique
2444 814 2791 879 hominum

463 944 700 1007 genera
741 922 806 985 in
845 922 1194 1006 municipio
1225 923 1438 986 fuisse.
1455 922 1981 998 intellexerimus,
2022 945 2178 987 num
2204 922 2377 1005 quod
2404 921 2489 986 ad
2512 923 2791 987 alteram

463 1040 710 1093 tantum
754 1042 994 1113 partem
1036 1030 1410 1113 pertineret,
1474 1030 1687 1094 minus
1741 1041 1912 1095 recte
1958 1031 2339 1096 dicebatur?
2430 1034 2575 1095 Aut
2618 1053 2793 1114 quae

461 1136 611 1201 hinc
653 1136 1000 1201 deducitur
1045 1138 1454 1222 significatio,
1518 1149 1591 1201 ut
1630 1149 1741 1203 aut
1780 1138 2159 1202 Latinorum
2202 1151 2314 1203 aut
2362 1139 2607 1203 civium
2649 1141 2791 1203 Ro-

463 1268 794 1309 manorum
835 1246 1138 1310 maiorem
1178 1257 1421 1331 partem
1463 1248 1666 1313 fuisse
1710 1246 2189 1331 intelligamus?

627 1353 847 1437 Atque
912 1355 1072 1419 haec
1127 1355 1388 1438 quidem
1453 1367 1605 1421 sunt
1662 1357 1743 1420 de
1801 1356 1943 1419 iure
1999 1356 2286 1441 ipsorum
2348 1356 2789 1441 municipum3

463 1461 692 1546 reliqui
740 1472 891 1525 sunt
934 1462 1066 1527 duo
1103 1464 1226 1529 loci
1267 1463 1350 1529 de
1385 1464 1846 1530 decurionibus
1888 1474 1953 1527 et
1997 1463 2078 1527 de
2128 1463 2388 1541 incolis,
2456 1465 2571 1548 qui
2628 1465 2791 1547 quid

463 1570 546 1635 de
593 1571 879 1636 universi
921 1571 1252 1657 municipii
1294 1573 1432 1637 iure
1475 1573 1768 1645 doceant,
1812 1572 2169 1637 videndum
2210 1584 2326 1637 est.
2402 1572 2577 1637 Nam
2618 1573 2790 1638 aeris

464 1676 842 1764 Salpensani
889 1702 1025 1765 cap.
1049 1681 1261 1744 XXV
1301 1681 1382 1744 de
1427 1682 1751 1765 praefecto
1796 1680 2117 1757 scribitur,
2164 1684 2274 1764 qui
2314 1706 2353 1747 a
2384 1682 2601 1746 IIviro
2644 1684 2791 1746 loco

464 1810 583 1852 suo
623 1788 1032 1872 relinquitur,
1093 1790 1158 1851 in
1219 1812 1350 1873 quo
1391 1790 1559 1853 duae
1596 1812 1699 1854 res
1742 1800 2081 1864 caventur,
2141 1790 2417 1875 primum
2458 1814 2539 1853 ne
2580 1791 2795 1855 minor

463 1896 548 1960 sit
599 1919 792 1981 quam
843 1920 1156 1961 annorum
1199 1899 1508 1973 XXXV,
1566 1897 1798 1963 deinde
1855 1908 1929 1962 ut
1980 1921 2061 1961 ex
2114 1898 2576 1963 decurionibus
2633 1921 2791 1962 con-

465 2006 850 2090 scriptisque
905 2006 1200 2089 eligatur.
1297 2006 1400 2069 De
1457 2007 1597 2069 iure
1638 2016 1851 2069 autem
1900 2006 2039 2071 eius
2088 2006 2247 2071 haec
2290 2007 2641 2091 leguntur:
2714 2011 2796 2067 Ei

460 2121 574 2193 qui
608 2118 700 2175 ita
735 2118 1096 2193 praejectus
1140 2118 1392 2177 relictus
1431 2119 1570 2188 erit,
1614 2117 1802 2177 donec
1838 2118 1905 2175 in
1942 2117 2012 2176 id
2040 2119 2450 2195 municipium
2482 2118 2792 2176 alteruter

459 2244 539 2285 ex
582 2226 794 2284 IIviris
833 2225 1066 2286 adierit
1079 2270 1096 2299 ,
1157 2230 1226 2285 in
1269 2222 1548 2285 omnibus
1589 2222 1764 2284 rebus
1808 2226 1879 2284 id
1919 2226 2016 2283 ius
2056 2229 2122 2297 e(
2122 2246 2161 2283 ιι
2157 2230 2311 2303 )que
2347 2231 2622 2301 potestas
2668 2232 2790 2283 esto

455 2338 894 2411 praeterquam
935 2334 1008 2395 de
1045 2336 1367 2413 praesecto
1409 2333 1809 2409 relinquendo
1852 2340 1913 2390 et
1954 2333 2025 2392 de
2069 2333 2383 2408 cavitate)
2432 2334 2515 2405 lt(
2524 2344 2791 2407 omarus)

461 2442 900 2521 consequenda,
953 2443 1116 2521 quod
1155 2446 1252 2504 ius
1289 2462 1560 2519 quaeque
1591 2448 1859 2519 potestas
1900 2441 2083 2515 Mac)
2126 2441 2185 2514 l(
2182 2444 2321 2518 ege)
2361 2442 2557 2515 Ilvir(
2558 2442 2616 2499 is
2654 2446 2791 2517 qui)

461 2551 599 2608 iure
632 2550 900 2609 dicundo
931 2558 1276 2627 praeerunt
1300 2549 1509 2611 datur.
1578 2543 1926 2610 Civitatem
1954 2545 2155 2629 igitur
2178 2545 2555 2621 Romanam,
2596 2568 2792 2628 quam

463 2653 694 2738 reliqui
716 2654 1128 2739 magistratus
1157 2654 1539 2740 Salpensani
1574 2654 1629 2717 si
1659 2664 1805 2720 ante
1834 2676 1961 2717 non
1988 2652 2372 2728 habuerunt,
2404 2652 2653 2717 honore
2676 2676 2791 2737 ge-

465 2763 668 2827 rendo
699 2763 1044 2849 accipiunt,
1089 2764 1210 2828 soli
1239 2763 1332 2827 illi
1367 2762 1676 2847 praefecti
1710 2783 1825 2846 pro
1853 2761 2081 2825 IIviris
2110 2784 2239 2825 non
2270 2773 2790 2845 consequuntur:

465 2894 596 2957 qua
634 2873 700 2936 in
741 2896 810 2936 re
858 2872 1288 2937 certissimum
1331 2870 1765 2935 testimonium
1814 2880 1941 2945 est,
2002 2892 2147 2933 cum
2194 2870 2503 2957 praefecti
2546 2891 2632 2932 ex
2677 2869 2791 2935 de-

468 2981 842 3046 curionibus
881 2980 1067 3058 fiant,
1118 2991 1362 3066 partem
1399 2978 1824 3043 decurionum
1862 2978 2117 3043 civitate
2147 2979 2439 3043 Romana
2480 2977 2791 3043 caruisse.

467 3090 670 3153 Erant
709 3090 910 3175 igitur
953 3090 1374 3155 decurionum
1408 3088 1541 3153 duo
1572 3110 1831 3173 genera,
1873 3086 2055 3171 prius
2082 3109 2327 3163 eorum,
2372 3086 2485 3171 qui
2512 3085 2790 3149 honores

469 3208 820 3283 gesserant,
869 3199 982 3282 qui
1025 3200 1162 3263 sive
1203 3198 1450 3282 origine
1496 3197 1673 3261 cives
1702 3195 1977 3259 Romani
2016 3206 2215 3272 erant,
2260 3193 2397 3260 sive
2428 3217 2560 3259 non
2590 3208 2791 3270 erant,

469 3306 724 3370 civitate
768 3318 979 3370 tamen
1019 3305 1308 3371 Romana
1347 3315 1702 3381 uterentur,
1748 3305 2021 3371 alterum
2066 3326 2315 3379 eorum,
2360 3302 2473 3387 qui
2512 3303 2789 3368 honores

466 3437 596 3479 non
643 3425 1006 3501 gesserant,
1052 3414 1163 3498 qui
1204 3414 1452 3499 pedarii
1496 3413 1897 3499 appellantur
1942 3410 2335 3493 (Comment.
2382 3410 2723 3497 epigraph.
2759 3411 2792 3475 Ι

468 3547 529 3609 p.
577 3524 762 3606 130);
827 3545 908 3587 ex
951 3522 1054 3587 his
1095 3523 1202 3587 alii
1247 3522 1497 3607 origine
1543 3523 1717 3587 cives
1766 3520 2040 3587 Romani
2088 3530 2287 3595 erant,
2334 3519 2445 3583 alii
2488 3518 2789 3583 carebant
2862 3532 2864 3577 ξ

469 3630 723 3697 civitate
741 3679 758 3708 ,
819 3654 980 3715 quos
1025 3631 1244 3697 Latini
1303 3631 1463 3697 iuris
1525 3631 1729 3696 fuisse
1786 3653 1937 3697 sane
1997 3626 2329 3714 probabile
2388 3636 2506 3691 est.
2615 3626 2789 3709 Quot

469 3751 683 3805 autem
729 3739 970 3803 fuerint
1009 3740 1182 3804 cives
1203 3787 1220 3815 ,
1273 3751 1427 3825 quot
1478 3762 1606 3803 non
1658 3739 1931 3815 fuerint,
1984 3737 2237 3819 definiri
2278 3736 2521 3821 nequit.
2623 3734 2787 3799 Tum

469 3847 552 3915 de
593 3848 822 3913 incolis
873 3860 1094 3933 aperta
1138 3862 1236 3913 est
1277 3848 1343 3911 in
1383 3870 1530 3913 aere
1574 3847 1959 3913 Malacitano
1998 3844 2413 3931 significati03
2459 3866 2613 3907 nam
2654 3865 2787 3927 cap.

469 3957 636 4023 LIII
664 3960 776 4041 qui
807 3957 1065 4022 comitia
1091 3956 1573 4041 magistratibus
1600 3954 1895 4020 creandis
1921 3954 2117 4019 habet
2136 4001 2153 4030 ,
2198 3952 2462 4019 iubetur
2484 3974 2569 4015 ex
2594 3949 2786 4014 curiis

470 4065 709 4130 ducere
751 4088 967 4140 unam,
1017 4071 1084 4127 in
1127 4088 1250 4146 qua
1294 4067 1536 4129 incolae
1573 4068 1686 4145 qui
1724 4068 1879 4127 cives
1922 4065 2261 4140 lt(omam‘)
2300 4064 2599 4123 Latinive
2640 4064 2787 4122 cives
2862 4120 2864 4137 ἶ

469 4184 686 4248 erunt,
733 4174 1186 4255 stqffragimm)
1209 4176 1477 4255 ferant,
1532 4171 1773 4257 quibus
1820 4172 1887 4235 in
1942 4193 2019 4235 ea
2065 4170 2245 4235 curia
2305 4168 2601 4253 suffragii
2642 4166 2785 4232 latio

472 4282 585 4349 sit:
648 4305 728 4349 ex
769 4280 1006 4365 quibus
1053 4282 1268 4347 verbis
1315 4282 1555 4357 elucet,
1606 4302 1771 4364 quae
1814 4279 2115 4345 confusio
2153 4278 2221 4341 in
2264 4277 2535 4361 reliquis
2577 4277 2781 4361 reipu-

471 4390 676 4457 blicae
717 4391 1142 4455 Malacitanae
1189 4388 1479 4474 partibus
1525 4390 1627 4466 sit,
1672 4389 1943 4455 eandem
1978 4387 2047 4451 in
2088 4386 2315 4451 incolis
2358 4384 2647 4472 reperiri.
