2917 5017
842 324 925 375 De
966 324 1137 377 Gallia
1178 329 1530 385 Romanorum
1572 336 1851 399 provincia.
2418 344 2492 409 21

165 503 441 565 perasse
487 493 865 553 statuamus,
939 488 1133 554 Anno
1185 489 1301 557 108
1347 515 1509 577 quas
1547 499 1913 581 provincias
1953 504 2252 570 consules
2293 509 2500 572 sortiti

168 589 326 666 sint,
369 615 603 675 parum
652 606 827 661 certa
870 597 1103 662 mentio
1144 598 1235 662 fit.
1300 598 1405 663 Ex
1448 602 1687 686 quibus
1731 630 1934 675 unum
1960 609 2100 676 Ser.
2131 611 2497 700 Sulpicium

170 695 455 763 Galbam
506 703 839 788 accepisse
881 704 1157 770 arbitror
1191 706 1576 792 Hispaniam
1612 713 2003 782 ulteriorem.
2068 720 2294 806 Neque
2327 724 2498 789 enim

166 805 333 889 quid
401 807 469 872 in
527 809 717 876 Italia
779 812 1054 897 gesserit
1112 829 1648 885 commemoratur
1697 832 1760 887 et
1817 824 1898 889 ab
1959 827 2259 913 Appiano
2301 830 2496 919 Hisp.

169 936 224 977 c.
266 914 350 981 99
406 916 575 982 inter
622 920 979 1004 Hispaniae
1018 921 1349 1007 praesides
1409 940 1812 1009 recensetur,
1872 956 2080 1019 neque
2127 938 2258 1002 ulla
2301 962 2500 1005 causa

167 1032 300 1100 est,
372 1047 493 1089 cur
552 1050 703 1091 eum
756 1050 837 1093 ex
876 1040 1179 1115 praetura
1221 1032 1437 1118 potius
1482 1057 1674 1119 quam
1734 1040 1802 1104 in
1847 1043 2186 1108 consulatu
2229 1068 2306 1111 eo
2347 1070 2495 1133 pro-

160 1131 415 1195 fectum
460 1156 602 1199 esse
647 1136 989 1202 credamus
1033 1139 1267 1225 Pighio
1311 1143 1546 1208 Annal.
1590 1146 1696 1212 III
1746 1170 1810 1232 p.
1863 1151 1996 1235 1¹18.
2095 1152 2302 1218 Immo
2348 1176 2494 1220 cum

164 1237 423 1306 Cimbri
489 1252 647 1309 tunc
704 1245 771 1309 in
813 1246 1198 1332 Hispaniam
1259 1251 1614 1334 profecturi
1668 1277 1811 1320 esse
1854 1269 2266 1343 putarentur,
2318 1261 2502 1327 illam'

162 1350 569 1435 provinciam
632 1355 953 1420 consulari
1020 1358 1307 1422 exercitu
1364 1370 1660 1426 coercere
1717 1365 1921 1431 tutius
1989 1368 2196 1433 videri
2249 1370 2493 1436 debuit.

160 1457 366 1540 Quod
412 1460 468 1525 si
523 1462 614 1526 ita
656 1474 786 1541 est,
848 1463 929 1527 L.
973 1462 1397 1551 Calpurnium
1444 1468 1751 1536 Pisonem
1793 1472 2032 1559 Frugi,
2094 1476 2298 1542 filium
2339 1502 2492 1544 con-

156 1568 325 1634 sulis
372 1572 526 1635 anni
570 1572 707 1649 133,
752 1595 944 1657 quem
986 1574 1265 1659 Appian.
1308 1575 1349 1638 l.
1388 1576 1431 1639 l.
1473 1576 1612 1642 eius
1659 1602 2100 1648 successorem
2137 1586 2341 1652 fuisse
2381 1589 2490 1666 ait,

159 1701 331 1742 anno
385 1679 502 1745 107
542 1680 610 1743 in
652 1692 953 1767 praetura
994 1694 1173 1763 (nam
1215 1706 1368 1748 cum
1417 1682 1556 1750 Cic.
1599 1686 1668 1750 in
1702 1687 1890 1753 Verr.
1929 1691 2062 1768 IV,
2104 1692 2184 1758 25
2238 1707 2491 1780 praeto-

166 1810 307 1850 rem
348 1788 646 1873 appellet,
689 1800 909 1855 utrum
948 1791 1017 1854 in
1062 1792 1209 1877 ipsa
1242 1803 1546 1878 praetura
1591 1818 1672 1859 an
1715 1819 1796 1861 ex
1835 1820 1910 1861 ea
1953 1800 2350 1883 provinciam
2373 1802 2488 1867 ob-

164 1896 464 1973 tinuerit,
524 1896 799 1962 dubium
859 1911 1071 1985 potest
1126 1900 1381 1983 videri)
1434 1902 1792 1987 Hispaniae
1855 1908 2215 1991 praefuisse
2271 1909 2490 1995 ibique

154 2005 481 2071 occidisse
548 2016 923 2072 statuemus.
1016 2005 1353 2095 Collegam
1402 2020 1616 2076 autem
1659 2011 1942 2089 Galbae,
2004 2015 2099 2078 M.
2145 2018 2490 2083 Aurelium

151 2112 485 2180 Scaurum
524 2116 778 2181 Italiam
825 2140 973 2181 cum
1020 2115 1235 2182 Gallia
1279 2118 1568 2183 tenuisse
1616 2120 1767 2185 hinc
1818 2121 2072 2207 collig0,
2119 2126 2296 2209 quod
2342 2148 2490 2191 cum

148 2234 509 2311 prorogato
554 2225 823 2311 imperio
866 2226 933 2288 in
970 2226 1305 2311 provincia
1344 2227 1708 2305 mansisset,
1753 2252 1920 2294 anno
1970 2231 2088 2296 106
2131 2256 2170 2295 a
2206 2230 2488 2299 Cimbris

152 2344 511 2420 superatus
533 2356 608 2399 ac
637 2356 865 2399 caesus
894 2356 1037 2399 esse
1061 2344 1359 2399 narratur
1395 2334 1572 2417 (Liv.
1605 2358 1704 2421 ep.
1733 2336 1962 2415 LV11;
2010 2338 2237 2403 Vellei.
2259 2341 2348 2417 Π,
2377 2342 2486 2418 12;

148 2442 310 2507 Tac.
364 2441 595 2507 Germ.
642 2466 696 2508 c.
740 2444 869 2525 37).
930 2443 1126 2508 Anno
1171 2444 1283 2509 107
1335 2442 1772 2508 consularium
1813 2446 2288 2530 provinciarum
2328 2448 2490 2515 haec

146 2551 395 2617 divisio
454 2551 615 2628 fuit,
674 2562 747 2616 ut
799 2548 875 2616 C.
933 2552 1185 2618 Marius
1256 2562 1435 2616 extra
1505 2562 1741 2617 sortem
1801 2554 2092 2620 Africam
2149 2556 2488 2641 acciperet,

145 2658 229 2723 L.
290 2658 577 2725 Cassius
631 2660 975 2747 Longinus
1035 2660 1285 2725 Italiam
1342 2671 1405 2723 et
1458 2660 1702 2725 bellum
1747 2658 2180 2739 Cimbricum,
2246 2664 2361 2748 qui
2419 2664 2488 2727 in

149 2770 297 2854 ipso
340 2770 692 2835 consulatu
734 2768 803 2833 in
841 2767 1057 2834 Gallia
1096 2766 1524 2853 Transalpina
1565 2792 1604 2833 a
1645 2768 1937 2835 barbaris
1999 2792 2148 2835 cum
2201 2773 2488 2837 exercitu

164 2900 401 2942 caesus
452 2888 553 2943 est
614 2877 808 2963 (Liv.
863 2876 1011 2962 epit.
1075 2874 1275 2940 LXV
1286 2900 1305 2952 3
1373 2874 1564 2943 Caes.
1621 2876 1770 2942 bell.
1839 2875 2007 2942 Gall.
2049 2879 2114 2955 Ι,
2161 2880 2276 2961 7),
2350 2890 2489 2944 tum

150 3010 322 3051 anno
388 2987 507 3052 106
563 2986 687 3050 hoc
744 2994 991 3049 tantum
1048 2983 1287 3049 scimus
1333 2983 1417 3066 Q.
1464 2982 1813 3049 Servilium
1860 2982 2252 3072 Caepionem
2307 2998 2370 3051 et
2419 2988 2487 3053 in

144 3096 313 3161 urbe
359 3096 583 3182 legem
622 3092 1029 3159 iudiciariam
1072 3092 1298 3157 tulisse
1338 3102 1402 3157 et
1440 3093 1508 3157 in
1550 3092 1765 3159 Gallia
1809 3093 2050 3158 crimen
2090 3095 2488 3161 Tolosanum

154 3205 587 3280 commisisse,
634 3213 708 3266 ut
752 3224 901 3266 eum
946 3211 1009 3265 et
1051 3200 1300 3266 Italiam
1346 3211 1409 3265 et
1456 3199 1736 3267 Galliam
1775 3200 2132 3267 obtinuisse
2166 3202 2488 3287 intelliga-

164 3338 340 3391 mus3
402 3315 491 3377 de
536 3312 785 3396 collega
828 3310 967 3375 eius
1010 3306 1087 3373 C.
1133 3305 1336 3373 Atilio
1381 3307 1660 3373 Serrano
1703 3322 1978 3387 tacetur,
2035 3333 2228 3395 quem
2274 3310 2488 3394 potius

160 3434 463 3489 externae
522 3420 727 3485 alicui
776 3418 1178 3505 provinciae,
1234 3439 1426 3502 quam
1471 3418 1625 3484 item
1665 3419 1890 3484 Italiae
1936 3418 2296 3503 praefuisse
2336 3439 2489 3482 con-

148 3533 319 3599 iicio.
430 3529 880 3613 Similiterque
942 3528 1024 3592 de
1092 3548 1259 3591 anno
1319 3526 1435 3591 105
1502 3526 1755 3604 iudice,
1822 3548 1952 3612 quo
2020 3522 2142 3590 Cn.
2191 3525 2492 3590 Mallium

154 3642 529 3707 Maximum
574 3636 858 3704 Cimbris
910 3635 993 3701 ad
1034 3634 1423 3700 Rhodanum
1475 3633 1898 3699 succubuisse
1942 3641 2210 3707 constat,
2252 3632 2327 3695 P.
2351 3632 2490 3697 Ru-

159 3752 367 3815 tilium
410 3748 669 3814 Rufum
709 3750 889 3829 (nam
930 3743 1109 3809 nullo
1153 3752 1532 3829 argumento
1575 3742 1766 3808 allato
1811 3742 1869 3806 ei
1911 3740 2162 3806 Italiam
2204 3740 2494 3825 assignat

150 3860 437 3947 Pighius
500 3856 740 3921 Annal.
790 3853 897 3919 111
959 3875 1023 3938 p.
1084 3852 1279 3934 145),
1344 3852 1496 3936 quia
1566 3859 1825 3937 propter
1889 3848 2182 3935 peritiam
2251 3872 2290 3913 a
2344 3848 2491 3913 Val.

152 3970 329 4035 Max.
376 3968 475 4044 H,
510 3965 570 4041 3,
604 3964 663 4041 2,
710 3970 969 4048 propter
1014 3960 1422 4026 severitatem
1460 3983 1500 4024 a
1537 3958 1826 4022 Frontin.
1861 3955 2140 4043 Strateg.
2162 3955 2286 4033 IV,
2313 3958 2368 4033 1,
2415 3956 2493 4021 12

170 4088 231 4141 et
264 4078 384 4154 IV,
411 4077 478 4153 2,
517 4076 557 4141 2
602 4072 713 4157 (cf.
759 4071 934 4137 Fest.
984 4092 1033 4133 s.
1073 4091 1134 4132 v.
1162 4066 1421 4152 Rufuli)
1467 4066 1787 4142 laudatur,
1833 4076 2012 4131 extra
2052 4064 2304 4129 Italiam
2343 4086 2492 4148 pro-

171 4186 445 4251 vinciam
508 4181 870 4248 obtinuisse
932 4198 1182 4243 censeo·
1273 4174 1365 4239 At
1415 4174 1498 4239 de
1557 4196 1724 4239 anno
1779 4174 1928 4250 104,
1987 4194 2116 4258 quo
2163 4167 2242 4235 C.
2283 4170 2494 4235 Mario

164 4296 403 4361 bellum
428 4290 842 4359 Cimbricum
870 4285 1242 4351 mandatum
1272 4304 1415 4348 esse
1448 4292 1716 4358 constat,
1758 4279 2030 4346 dubium
2067 4279 2206 4354 erit,
2248 4278 2498 4365 collega

162 4404 303 4469 eius
350 4400 433 4469 C.
480 4399 755 4469 Flavius
792 4393 1077 4463 Fimbria
1132 4401 1351 4457 utrum
1402 4399 1729 4455 externam
1779 4388 2055 4475 aliquam
2101 4383 2498 4474 provinciam

1316 4656 1325 4691 1
