2917 5017
776 355 859 404 De
895 356 1095 417 legibus
1129 356 1520 420 municipalibus
1557 357 1866 422 Hispanicis.
2350 357 2470 423 291

160 514 376 577 babile
438 526 553 589 est,
620 516 675 577 si
730 516 1147 589 retinuerunt,
1212 516 1339 580 iam
1394 516 1554 581 haec
1617 517 1824 579 extitit
1878 520 2060 594 ratio,
2119 534 2190 584 ut
2243 522 2481 587 civium

158 623 601 685 Romanorum
646 646 974 696 numerus,
1021 624 1131 707 qui
1175 624 1636 689 Nemausensis
1677 625 1894 709 oppidi
1919 626 2158 691 finibus
2197 630 2482 693 contine-

162 732 373 804 batur,
422 756 459 793 a
486 731 737 795 Latinis
770 731 1137 795 hominibus
1178 733 1243 794 in
1284 732 1571 796 coloniae
1613 734 2074 818 rempublicam
2103 736 2483 801 contributis

156 839 353 924 longe
404 840 784 903 vinceretur.
850 840 1097 903 Eadem
1139 854 1353 903 autem
1397 840 1558 903 ratio
1603 862 1720 904 cur
1759 864 1884 904 non
1931 830 2240 907 in'multis
2271 846 2482 909 muni-

156 948 345 1030 cipiis
394 960 457 1009 et
498 949 784 1031 potuisse
830 949 1122 1011 accidere
1166 961 1227 1011 et
1274 948 1588 1013 accidisse
1627 949 1971 1013 videatur?

329 1055 513 1118 Haec
566 1069 899 1139 postquam
964 1056 1045 1119 de
1095 1056 1491 1141 municipum
1543 1057 1888 1141 generibus
1935 1060 2260 1145 disputata
2307 1073 2476 1138 sunt,

152 1163 568 1227 redeundum
607 1175 705 1227 est
750 1163 829 1227 ad
862 1164 1125 1238 incolae,
1152 1185 1429 1247 quorum
1463 1188 1608 1229 cum
1637 1166 1768 1229 duo
1793 1168 1944 1231 item
1973 1191 2210 1253 genera
2241 1184 2478 1247 essent,

154 1273 401 1335 civium
464 1272 899 1335 Romanorum
946 1286 1007 1335 et
1053 1273 1451 1343 Latinorum,
1509 1288 1852 1359 utrumque
1898 1276 1980 1339 ad
2037 1278 2326 1362 suffragii
2370 1280 2474 1343 ius

154 1380 517 1443 admissum
564 1404 704 1443 esse
752 1403 947 1464 supra
974 1380 1279 1455 diximus,
1324 1382 1406 1443 ad
1444 1382 1718 1445 honores
1759 1406 1884 1446 non
1929 1384 2136 1448 videri
2182 1408 2324 1451 esse
2361 1387 2478 1449 ad-

154 1489 453 1551 missum.
522 1484 649 1550 Cui
689 1488 781 1551 rei
828 1489 1019 1551 etiam
1060 1488 1181 1551 hoc
1220 1500 1601 1571 argumento
1629 1500 1744 1564 est,
1791 1491 1966 1573 quod
2009 1492 2072 1555 in
2118 1517 2247 1557 una
2280 1495 2478 1569 curia,

150 1620 321 1680 quae
355 1608 525 1659 sorte
558 1609 703 1659 ante
732 1596 983 1659 comitia
1006 1595 1301 1659 habenda
1328 1597 1604 1671 ducitur,
1639 1598 2017 1683 suffragium
2045 1601 2212 1663 ferre
2235 1600 2478 1665 incolae

149 1682 489 1780 iubentur,
537 1727 663 1767 non
709 1726 823 1787 per
867 1726 1087 1767 omnes
1130 1706 1480 1787 aequaliter
1523 1705 1796 1789 dispersi
1826 1718 1994 1781 sunt,
2039 1718 2112 1771 ut
2138 1730 2255 1772 nec
2291 1731 2478 1792 prae-

150 1826 487 1876 tereantur
544 1812 803 1875 omnino
848 1824 911 1875 et
955 1824 1275 1888 caveatur,
1332 1836 1411 1875 ne
1466 1814 1734 1877 nimium
1786 1814 1852 1877 in
1903 1816 2108 1879 aliena
2151 1815 2480 1897 republica

152 1923 427 2005 possint.
512 1920 643 1984 Sed
685 1919 838 1983 mihi
878 1920 1137 2002 quidem
1184 1921 1307 1983 hoc
1346 1922 1489 1984 loeo
1527 1922 1588 1984 in
1635 1935 1908 1985 mentem
1949 1923 2122 1987 venit
2167 1924 2478 2007 gravissi-

152 2053 299 2099 mae
342 2028 759 2113 quaestioniS,
806 2050 971 2111 quae
1018 2030 1095 2091 ad
1126 2030 1466 2093 maximam
1499 2028 1890 2113 reipublicae
1919 2043 2156 2116 partem
2182 2032 2476 2116 pertinet,

152 2140 237 2201 de
287 2161 421 2221 qua
467 2160 613 2201 cum
674 2137 825 2201 olim
882 2136 963 2200 ab
1016 2138 1405 2202 doctissimis
1460 2137 1618 2201 viris
1666 2138 1922 2203 diverse
1967 2139 2320 2203 iudicatum
2375 2141 2476 2216 sit,

151 2248 283 2311 iam
332 2270 453 2310 non
496 2246 771 2331 amplius
820 2246 1099 2310 dubitari
1140 2268 1332 2330 posse
1373 2245 1688 2309 videatur.
1756 2248 2010 2309 Etenim
2061 2246 2112 2309 si
2153 2248 2218 2310 in
2265 2249 2478 2311 muni·-

154 2356 351 2439 cipiis
396 2355 637 2418 civium
680 2355 1117 2418 Romanorum
1168 2376 1283 2437 per
1320 2353 1687 2436 provincias
1735 2354 1874 2417 sitis
1925 2335 2168 2418 incolas
2209 2355 2476 2420 Latinos

154 2463 241 2525 de
312 2463 663 2527 honoribus
740 2459 1238 2546 municipalibus
1308 2460 1542 2525 licebat
1613 2460 1996 2545 suffragium
2058 2463 2224 2527 ferre
2299 2469 2476 2549 (nam

152 2571 457 2653 quamvis
500 2592 631 2633 non
671 2570 926 2633 licuerit
970 2570 1035 2633 in
1078 2568 1397 2643 omnibus,
1438 2592 1568 2653 qua
1613 2569 1694 2633 de
1737 2591 1806 2633 re
1833 2592 2008 2633 nunc
2035 2593 2162 2635 non
2195 2572 2476 2657 disputo,

150 2692 371 2743 tamen
434 2690 496 2741 et
542 2678 834 2741 Malacae
886 2678 1147 2741 licuisse
1195 2687 1437 2741 constat
1490 2690 1553 2741 et
1597 2678 1661 2739 in
1705 2702 1836 2741 uno
1879 2679 1947 2741 id
1995 2679 2275 2743 valuisse
2321 2681 2476 2745 satis

152 2789 308 2867 est),
356 2786 515 2868 quid
562 2798 865 2869 putamus
905 2786 1145 2849 Romae
1188 2798 1253 2849 et
1293 2785 1357 2848 in
1402 2797 1612 2849 vetere
1656 2786 1988 2869 republica
2023 2785 2184 2849 iuris
2229 2787 2475 2851 fuisse?

155 2894 359 2959 Unde
414 2904 829 2977 sumpserunt
883 2892 1042 2958 illud
1100 2892 1467 2976 municipia,
1521 2893 1642 2956 nisi
1699 2894 1764 2955 in
1810 2892 2096 2955 Romana
2143 2894 2476 2977 republica

150 3002 605 3067 invenissent?
650 2990 805 3065 'An
861 3001 1129 3065 Latinos
1187 3001 1240 3063 si
1298 3000 1409 3083 qui
1465 3000 1708 3064 Romae
1737 3012 1976 3083 ,essent
2029 3000 2274 3065 incolae
2330 3000 2373 3062 i.
2418 3024 2472 3063 e.

151 3134 285 3174 non
336 3110 735 3173 domicilium
782 3109 872 3173 ibi
914 3132 1103 3172 suum
1148 3094 1650 3183 constituissent,
1689 3109 1804 3172 sed
1843 3108 2248 3192 negotiorum
2280 3129 2476 3172 causa

150 3230 591 3292 versarentur,
632 3218 715 3279 ad
770 3217 1152 3301 suffragium
1194 3215 1534 3281 ferendum
1587 3216 1905 3280 admissos
1950 3238 2092 3280 esse
2147 3214 2474 3279 existima·-

150 3323 441 3402 bimus?s
494 3323 715 3403 Quare
784 3323 997 3387 minus
1052 3336 1225 3389 rect-e
1286 3324 1589 3387 videntur
1645 3324 1896 3399 fecisse,
1951 3324 2081 3407 qui,
2143 3346 2224 3386 ne
2283 3323 2472 3387 nimis

150 3434 259 3496 ius
304 3432 479 3495 Latii
518 3431 979 3515 amplificarent
1020 3432 1522 3513 Latinorumque
1567 3431 1824 3514 aliquod
1867 3452 2014 3494 cum
2061 3429 2313 3495 civibus
2339 3431 2474 3494 Ro-

150 3539 385 3614 manis,
442 3540 617 3622 quod
670 3538 798 3623 ipsi
856 3538 996 3603 sibi·
1023 3538 1353 3621 fingebant
1402 3539 1634 3613 anim0‚
1682 3560 1810 3601 non
1859 3539 1924 3601 in
1977 3538 2112 3600 ullo
2167 3538 2474 3621 scriptore

152 3664 270 3712 aut
315 3659 731 3711 monumento
765 3645 1193 3720 inveniebant,
1240 3645 1584 3708 discrimen
1623 3645 1966 3729 diligenter
2001 3655 2474 3721 conservarent,

152 3755 485 3841 negabant
535 3754 675 3818 ficri
732 3755 1043 3840 potuisse,
1099 3765 1173 3817 ut
1219 3752 1470 3815 Latinis
1522 3752 1762 3817 Romae
1809 3754 1913 3818 ius
1971 3752 2263 3838 suffragii
2317 3773 2472 3817 con-

154 3865 515 3929 cederetur.
604 3862 801 3943 Quod
861 3864 915 3927 si
976 3862 1069 3926 illi
1122 3861 1211 3925 ita
1266 3860 1660 3936 statuissent,
1716 3872 1808 3937 ut,
1867 3884 2012 3925 cum
2057 3872 2350 3926 neutram
2404 3862 2472 3925 in

155 3985 404 4057 partem
452 3982 702 4035 veteres
748 3952 1041 4035 auctores
1086 3968 1431 4043 traderent,
1481 3968 1604 4033 sibi
1645 3968 1736 4033 ita
1775 3969 1980 4033 videri
2020 3968 2327 4043 dicerent,
2373 3968 2472 4032 ni-

154 4081 244 4144 hil
292 4102 447 4143 sane
482 4090 673 4156 esset,
716 4078 891 4163 quod
928 4077 1193 4141 moleste
1234 4079 1550 4141 ferremus
1598 4076 1772 4161 (quis
1809 4077 1978 4139 enim
2014 4076 2079 4140 in
2120 4076 2472 4142 divinando

154 4212 283 4253 non
315 4186 569 4253 aberret
612 4208 1071 4270 nonnunquam
1114 4184 1195 4249 ab
1244 4206 1339 4260 eo,
1386 4184 1562 4268 quod
1611 4207 1836 4248 verum
1863 4195 1961 4249 est
1980 4185 2059 4267 Ρ),
2087 4208 2282 4260 nunc,
2307 4206 2470 4268 quae

155 4305 394 4369 extant,
441 4294 797 4359 certissima
839 4292 1203 4360 testimonia
1244 4303 1355 4357 aut
1398 4291 1480 4356 de
1505 4292 1824 4355 industria
1859 4304 2159 4376 corrupta
2197 4301 2309 4354 aut
2348 4290 2471 4355 im-

157 4404 383 4467 merito
446 4412 658 4487 spreta
712 4424 853 4467 esse
900 4401 1041 4465 iure
1086 4400 1367 4486 quodam
1410 4410 1632 4463 nostro
1673 4422 2036 4484 queramur.
2099 4398 2266 4463 Nam
2293 4399 2470 4485 apud

1938 4508 2068 4573 19*
