2917 5017
421 325 503 391 ’76
1080 330 1161 378 De
1196 329 1367 379 Gallia
1404 330 1755 379 Romanorum
1804 330 2077 393 provincia.

594 494 707 560 Sic
752 496 955 581 igitur
995 497 1119 561 iam
1158 496 1237 563 C.
1285 495 1528 562 Caesar
1574 509 1910 582 utramque
1955 494 2236 560 Galliam
2286 516 2432 557 cum
2475 488 2740 574 Illyrico

420 602 767 678 obtinebat,
814 606 931 670 sed
976 628 1123 671 cum
1160 606 1604 690 quinquennii,
1647 606 1714 669 in
1753 606 1930 690 quod
1954 604 2310 669 citeriorem
2339 598 2742 685 provinciam

420 723 755 796 acceperat
806 715 995 798 (nam
1036 714 1474 779 Narbonensis
1532 736 1680 779 cum
1725 712 1921 777 adimi
1978 723 2231 796 posset,
2291 704 2638 793 quotannis
2674 702 2742 767 in

421 820 561 885 eius
603 820 871 905 imperio
917 822 1451 907 relinquebatur),
1498 822 1648 886 finis
1695 820 2253 906 appropinquaret,
2294 814 2556 901 quidam
2599 811 2742 876 eius

419 925 660 990 inimici
720 951 887 993 anno
951 930 1032 993 56
1082 953 1277 1015 agere
1330 938 1710 1015 coeperunt,
1779 940 1852 991 ut
1918 928 1972 991 si
2031 928 2170 992 dies
2218 924 2386 1011 legis
2444 919 2744 986 Vatiniae

422 1035 685 1113 exisset,
730 1037 787 1100 ei
833 1038 937 1102 vel
974 1049 1247 1122 utraque
1289 1039 1395 1103 vel
1434 1039 1743 1103 alterutra
1782 1033 1999 1100 Gallia
2045 1035 2421 1119 eriperetur,
2463 1050 2744 1115 quorum

418 1142 697 1229 impetus
726 1142 1041 1210 Cicerone
1080 1147 1290 1222 etiam,
1333 1146 1446 1230 qui
1485 1156 1641 1209 tunc
1680 1145 2030 1209 orationem
2070 1142 2152 1207 de
2192 1137 2544 1226 provinciis
2587 1158 2743 1201 con-

424 1251 747 1317 sularibus
806 1252 1061 1331 habuit,
1114 1254 1461 1318 adiuvante
1515 1253 1689 1317 haud
1753 1251 2016 1317 difficile
2068 1249 2309 1335 repulsi
2367 1258 2515 1311 sunt
2567 1242 2744 1325 (Cic.

424 1359 609 1444 epist..
650 1361 719 1437 I,
761 1362 852 1442 7).
930 1359 1065 1427 Sed
1108 1362 1441 1446 quaeritur
1489 1373 1734 1436 tamen,
1791 1384 1956 1445 quae
2001 1359 2214 1425 medio
2255 1368 2542 1441 tempore
2589 1376 2745 1417 con-

422 1467 675 1532 sulibus
737 1469 1104 1553 provinciae
1164 1469 1458 1533 decretae
1525 1469 1682 1544 sint,
1751 1491 2024 1552 quarum
2085 1466 2370 1553 cognitio
2423 1463 2614 1528 etiam
2661 1459 2744 1525 ad

419 1574 625 1660 ipsius
670 1573 969 1641 Caesaris
1013 1577 1351 1662 imperium
1394 1576 1887 1662 intelligendum
1932 1575 2226 1661 pertinet.
2313 1574 2532 1656 Atque
2579 1590 2746 1635 anno

421 1683 501 1749 58
542 1681 622 1745 L.
669 1684 824 1748 Piso
869 1684 1149 1748 obtinuit
1191 1684 1671 1759 Macedoniam,
1717 1683 1802 1747 A.
1851 1682 2172 1748 Gabinius
2227 1681 2520 1765 Syriam,
2575 1700 2746 1743 anno

425 1792 503 1856 57
548 1792 628 1855 P.
670 1792 991 1857 Lentulus
1035 1791 1344 1877 Spinther
1383 1790 1700 1869 Ciliciam,
1748 1792 1831 1873 Q.
1877 1792 2182 1856 Metellus
2230 1790 2449 1874 Nepos
2497 1788 2746 1872 Hispa-

419 1898 587 1963 niam
632 1899 1010 1976 citeriorem,
1057 1923 1223 1965 anno
1258 1900 1339 1965 56
1361 1913 1662 1964 neutrum
1709 1922 1790 1965 ex
1823 1898 2219 1974 consulibus,
2263 1920 2385 1962 nec
2409 1894 2532 1961 Cn.
2565 1897 2745 1961 Len-

424 2007 629 2071 tulum
670 2007 1124 2072 Marcellinum
1170 2029 1290 2072 nec
1312 2008 1391 2071 L.
1429 2007 1822 2093 Philippum,
1864 2007 2058 2071 ullam
2093 2006 2484 2092 provinciam
2527 2004 2744 2068 admi-

424 2114 731 2179 nistrasse
775 2116 926 2180 inde
976 2115 1327 2191 discimus,
1380 2115 1557 2199 quod
1603 2113 1845 2180 Caesar
1889 2113 2038 2179 bell.
2084 2114 2206 2179 civ.
2252 2116 2319 2191 Ι,
2367 2115 2406 2177 6
2445 2114 2526 2177 iis
2571 2136 2744 2178 anno

422 2222 501 2286 49
558 2244 638 2285 ex
699 2222 844 2308 lege
905 2223 1214 2307 Pompeia
1266 2223 1629 2308 provincias
1691 2223 1952 2288 decerni
2019 2222 2328 2288 debuisse
2399 2222 2743 2307 significat.

422 2326 525 2395 Cf.
552 2326 910 2395 Comment.
959 2331 1288 2417 epigraph.
1331 2331 1478 2395 Vol.
1506 2332 1571 2395 II
1621 2356 1685 2417 p.
1709 2332 1853 2408 206,
1898 2353 2028 2415 quo
2071 2332 2214 2396 loco
2261 2354 2424 2415 quae
2473 2331 2556 2395 de
2595 2332 2742 2415 lege

419 2439 726 2522 Pompeia
767 2439 995 2523 iisque,
1044 2440 1153 2523 qui
1196 2439 1486 2505 nondum
1526 2439 1891 2524 provincias
1932 2439 2330 2516 habuissent,
2379 2440 2446 2503 in
2477 2441 2740 2525 provin-

422 2546 550 2610 cias
595 2546 923 2611 mittendis
962 2547 1457 2631 disputavimus,
1504 2570 1584 2611 ex
1626 2547 1747 2611 hac
1792 2548 1873 2611 de
1914 2546 2129 2613 Gallia
2167 2526 2502 2632 Cisalpina
2543 2570 2742 2631 quae-

420 2653 625 2717 stione
660 2655 1151 2740 supplebuntur.
1206 2654 1568 2740 Apparebit
1599 2655 1790 2731 enim,
1823 2678 1970 2719 cum
1999 2666 2144 2718 ante
2171 2655 2384 2739 legem
2411 2655 2746 2721 Vatiniam

412 2760 555 2845 ipsa
595 2761 781 2827 Italia
830 2786 947 2847 pro
990 2762 1325 2848 provincia
1376 2762 1640 2838 fuisset,
1701 2760 2117 2837 Ciceronem,
2185 2764 2297 2847 qui
2353 2774 2416 2827 et
2479 2776 2744 2849 propter

418 2892 569 2935 suas
610 2870 888 2935 rationes
918 2883 983 2935 et
1009 2883 1271 2956 propter
1314 2869 1708 2955 reipublicae
1751 2882 2040 2956 tempora
2079 2894 2238 2948 eam,
2287 2892 2452 2955 quae
2481 2871 2744 2935 decreta

417 2988 571 3054 erat,
613 2979 1012 3063 provinciam
1036 2979 1467 3065 deposuisset,
1508 2978 1712 3043 fuisse
1741 2979 2146 3055 mitt-endum,
2191 2980 2474 3064 itemque
2501 2980 2598 3045 M.
2624 2981 2736 3043 Bi-

417 3084 663 3158 bulum,
710 3086 815 3150 cui
860 3086 928 3149 in
969 3088 1107 3171 ipso
1150 3086 1486 3151 consulatu
1532 3086 1866 3171 provincia
1903 3086 2206 3172 adempta
2243 3100 2434 3164 esset,
2483 3089 2604 3153 sed
2641 3112 2742 3153 re-

414 3192 760 3277 liquorum,
804 3194 913 3277 qui
958 3206 1103 3260 ante
1148 3194 1457 3259 Bibulum
1500 3193 1566 3256 in
1608 3194 1792 3257 Italia
1839 3205 1902 3257 et
1952 3178 2166 3259 Gallia
2210 3193 2546 3281 Cisalpina
2591 3220 2739 3261 cum

416 3301 685 3385 imperio
732 3302 969 3366 versati
1018 3313 1201 3378 sunt,
1246 3302 1399 3385 quia
1442 3313 1599 3366 tunc
1643 3325 1716 3366 ea
1753 3303 2040 3367 exercitu
2085 3315 2149 3368 et
2190 3303 2332 3368 iure
2371 3306 2542 3369 omni
2588 3328 2742 3391 pro-

419 3409 667 3473 vinciae
708 3422 931 3476 ornata
970 3422 1127 3487 erat,
1172 3410 1413 3475 nullam
1448 3410 1708 3475 omnino
1749 3412 1954 3476 fuisse
2002 3411 2314 3475 rationem
2352 3412 2740 3491 habendam,

413 3516 715 3600 quodque
748 3518 899 3581 olim
930 3519 1155 3583 aetatis
1205 3531 1395 3603 atque
1436 3540 1745 3582 annorum
1783 3520 2181 3601 argumentis
2229 3521 2734 3585 demonstratum

414 3625 627 3691 minus
666 3627 935 3691 fortasse
979 3627 1061 3690 ad
1112 3626 1640 3712 persuadendum
1687 3626 2029 3691 videbatur
2069 3650 2214 3692 esse
2263 3628 2610 3707 idoneum,
2672 3630 2741 3693 id

411 3732 539 3797 iam
582 3734 941 3799 certissima
980 3734 1456 3799 ratiocinatione
1488 3734 1987 3800 confirmabitur.
2051 3736 2184 3801 Sed
2217 3738 2298 3803 ab
2335 3759 2410 3801 ea
2440 3760 2532 3815 re,
2574 3760 2742 3822 quae

412 3864 639 3925 parum
681 3841 810 3906 huc
851 3844 1145 3926 pertinet,
1190 3854 1263 3905 ut
1313 3841 1747 3919 discedamus,
1792 3844 1968 3928 quod
2013 3866 2210 3929 supra
2251 3844 2563 3924 diximus,
2609 3848 2742 3913 Ita-

410 3948 563 4012 liam
614 3971 741 4012 non
792 3950 1065 4034 amplius
1110 3950 1314 4013 fuisse
1374 3948 1778 4015 consularem
1837 3952 2235 4037 provinciam
2289 3976 2409 4018 nec
2459 3955 2738 4021 alterum

412 4057 751 4121 consulum
790 4057 856 4121 in
902 4080 979 4123 ea
1018 4057 1370 4123 consistere
1408 4057 1800 4141 oportuisse,
1860 4058 2101 4125 biennii
2155 4061 2336 4146 quod
2397 4064 2736 4131 attulimus

410 4164 655 4229 ratione
697 4187 964 4249 prorsus
1010 4163 1484 4249 comprobatur,
1528 4188 1736 4251 neque
1777 4167 1990 4231 minus
2023 4167 2502 4252 insequentium
2531 4195 2736 4237 anno-

410 4294 557 4337 rum
620 4272 906 4338 historia.
1008 4272 1419 4357 Quamquam
1475 4274 1586 4357 qui
1639 4297 1806 4339 anno
1864 4276 1944 4341 55
2005 4300 2059 4341 a.
2105 4274 2260 4341 Chr.
2323 4279 2737 4345 consulatum

410 4402 527 4467 per
568 4380 696 4443 vim
739 4380 956 4468 adepti
1002 4392 1171 4459 sunt,
1218 4377 1339 4445 Cn.
1384 4381 1736 4469 Pompeius
1775 4393 1839 4447 et
1880 4383 1974 4449 M.
2023 4381 2324 4461 Crassus,
2375 4408 2540 4470 quas
2582 4411 2734 4474 pro-
