2917 5017
469 330 594 397 276
1075 331 1155 380 De
1192 331 1394 393 legibus
1433 332 1825 395 municipalibus
1860 330 2170 395 Hispanieis.

467 496 886 581 municipium
933 494 1168 559 civium
1212 493 1646 557 Romanorum
1693 493 2081 578 appellatur:
2128 492 2239 556 illo
2282 493 2453 555 enim
2497 493 2789 577 genitivo

466 604 688 668 addito
729 603 1111 687 significari,
1165 624 1292 665 non
1333 602 1527 666 modo
1572 602 1811 665 civium
1849 602 2283 666 Romanorum
2324 601 2531 666 fuisse
2574 601 2789 665 muni-

468 714 668 798 cipia,
713 712 831 777 sed
873 711 996 776 alia
1039 709 1356 793 quaedam
1403 710 1615 785 etiam,
1660 732 1824 794 quae
1867 732 1996 773 non
2043 709 2285 773 civium
2327 710 2789 784 Romanorum,

468 822 583 886 sed
611 822 842 886 Latina
881 830 1114 885 essent.
1178 818 1386 899 Quasi
1415 840 1571 881 vero
1602 818 1925 903 genitivus
1956 816 2318 902 explicandi
2346 840 2564 890 causa,
2610 816 2789 900 quod

465 930 798 993 hominum
844 950 1050 1013 genus
1089 928 1154 990 in
1194 925 1559 1009 municipiis
1602 925 1826 1000 fuerit,
1875 925 2031 989 addi
2074 948 2201 989 non
2244 925 2449 1010 possit
2489 948 2791 1009 quaeque

465 1039 570 1102 vel
622 1037 940 1102 adiectivo
1004 1036 1108 1099 vel
1171 1034 1456 1117 genitivo
1514 1034 1919 1098 illustrantur
1981 1034 2169 1118 (haec
2226 1035 2393 1097 enim
2456 1057 2541 1097 ex
2598 1034 2789 1097 simili

466 1167 702 1229 genere
759 1144 938 1227 sunt)
1003 1142 1367 1228 significent
1425 1165 1569 1206 esse
1632 1154 1925 1227 oportere
1988 1142 2088 1205 sui
2148 1142 2407 1205 diversa
2465 1143 2787 1225 quaedam

467 1275 722 1338 genera.
818 1253 952 1317 Sed
1001 1252 1346 1326 faciamus,
1403 1250 1583 1334 quod
1638 1250 1814 1313 credi
1868 1272 1996 1314 non
2050 1261 2295 1333 potest,
2360 1273 2439 1313 ex
2499 1250 2787 1332 genitivo

465 1361 714 1426 adiecto
756 1362 838 1425 de
875 1359 1242 1444 municipiis
1277 1382 1438 1443 quae
1476 1359 1729 1423 civitate
1769 1357 2057 1422 Romana
2098 1370 2374 1433 careant,
2418 1357 2787 1421 necessario

466 1491 608 1534 esse
665 1468 1129 1553 colligendum:
1195 1490 1352 1531 num
1401 1476 1865 1551 consequetur,
1922 1476 1995 1529 ut
2048 1465 2509 1549 imperatorum
2556 1466 2789 1529 Domi-

463 1575 746 1660 tianique
802 1588 1085 1661 tempore
1109 1576 1523 1660 'municipia,
1579 1597 1741 1658 quae
1782 1573 2197 1637 Latinitatem
2257 1573 2603 1649 haberent,
2664 1574 2787 1636 sint

464 1684 822 1769 appellata?
901 1682 1094 1751 Certe
1133 1706 1262 1749 non
1305 1683 1583 1747 videtur.
1658 1681 1823 1747 Nam
1868 1704 2287 1766 quaecunque
2330 1682 2456 1745 fuit
2491 1681 2681 1767 origo
2718 1703 2789 1743 ac

465 1793 902 1857 vetustissima
941 1795 1102 1857 ratio
1143 1791 1659 1877 municipiorum,
1707 1812 1835 1873 qua
1874 1790 1954 1853 de
2000 1812 2071 1853 re
2112 1790 2237 1854 hoc
2278 1790 2419 1853 loco
2464 1789 2789 1875 disputari

461 1900 622 1964 nihil
663 1902 903 1978 attinet,
947 1924 1168 1967 omnes
1195 1900 1569 1967 concedent
1613 1899 1735 1963 viri
1782 1897 1951 1962 docti
1996 1896 2193 1962 fuisse
2242 1897 2595 1982 aliquando
2646 1920 2787 1959 mu-

461 2008 727 2094 nicipia,
789 2031 918 2074 non
977 2032 1144 2093 quae
1198 2008 1545 2073 Latinitate
1602 2018 1937 2071 uterentur
1992 2006 2181 2086 (haec
2234 2006 2399 2069 enim
2452 2028 2787 2088 nunquam

461 2118 786 2199 fuerunt),
848 2117 962 2180 sed
1020 2138 1184 2200 quae
1239 2116 1560 2181 civitatem
1612 2138 1739 2178 non
1794 2114 2103 2179 haberent
2123 2161 2140 2189 ,
2200 2136 2365 2196 quae
2418 2112 2787 2176 existimant

461 2225 766 2309 paulatim
811 2224 1062 2289 civitate
1103 2248 1217 2311 per
1252 2224 1503 2288 Italiam
1534 2232 1889 2307 propagata
1936 2221 2277 2285 evanuisse
2312 2242 2389 2285 ac
2422 2221 2571 2305 lege
2597 2221 2785 2297 Iulia,

461 2355 590 2416 qua
632 2333 932 2398 omnibus
976 2332 1200 2397 Italiae
1246 2331 1505 2417 populis
1551 2332 1777 2395 civitas
1818 2330 2141 2415 impertita
2184 2343 2301 2404 est,
2347 2330 2439 2393 ita
2482 2352 2630 2394 esse
2676 2354 2783 2394 ex·-

461 2440 720 2517 tinctas
751 2452 826 2505 ut
882 2441 1188 2525 deinceps
1245 2439 1420 2523 quod
1469 2439 1891 2524 municipium
1937 2450 2305 2513 vocaretur,
2366 2438 2609 2503 civium
2656 2440 2787 2503 Ro·
2874 2510 2876 2525 Ι

461 2570 794 2612 manorum
853 2571 998 2612 esse
1053 2548 1539 2631 intelligeretur.
1643 2546 2051 2631 Quamquam
2116 2546 2187 2609 r'e
2244 2558 2489 2612 mutata
2546 2570 2783 2611 nomen

461 2656 829 2721 conservari
880 2655 1122 2741 potuit,
1183 2678 1332 2731 nec,
1393 2655 1569 2738 quod
1616 2655 1987 2719 Domitiano
2032 2655 2381 2740 imperante
2432 2656 2789 2741 municipia

461 2764 702 2829 civium
739 2762 1175 2828 Romanorum
1218 2762 1617 2839 dicebantur,
1674 2762 1971 2838 efficitur,
2017 2775 2092 2826 ut
2134 2775 2291 2827 tunc
2331 2762 2524 2827 etiam
2564 2763 2789 2828 Latini

459 2872 618 2938 iuris
655 2870 1006 2957 municipia
1043 2871 1303 2936 fuerint.
1385 2870 1572 2953 Quid
1606 2871 1821 2935 enim?
1900 2868 2207 2936 Coloniae
2244 2872 2298 2935 si
2324 2872 2787 2957 imperatorum

459 2992 664 3048 aetate
725 2981 1024 3045 dicantur
1076 2978 1313 3043 civium
1353 2978 1791 3044 Romanorum
1846 2982 1953 3061 (ac
1994 2979 2291 3043 dicantur
2328 3002 2518 3055 sane,
2571 3002 2786 3064 neque
2870 3048 2872 3055 ,

460 3090 630 3153 enim
671 3087 990 3153 eiusmodi
1035 3087 1212 3151 locos
1231 3134 1250 3162 ‚
1313 3088 1368 3152 si
1419 3089 1531 3172 qui
1584 3100 1765 3164 sunt,
1828 3088 2301 3172 conquirendos
2340 3110 2485 3152 esse
2524 3091 2789 3173 putavi-

459 3197 670 3279 mus),
729 3219 886 3259 num
940 3195 1086 3279 quis
1144 3196 1331 3259 etiam
1373 3196 1639 3259 Latinas
1694 3196 1975 3260 colonias
2028 3196 2229 3259 fuisse
2266 3206 2440 3259 recte
2480 3195 2787 3281 colligat?

461 3300 598 3369 Sed
660 3312 830 3366 certe
883 3303 1138 3365 fuerant
1190 3303 1372 3377 olim,
1433 3303 1587 3367 inde
1638 3315 1859 3368 natum
1922 3316 2019 3367 est
2073 3303 2329 3387 generis
2374 3305 2787 3389 nominisque
2868 3374 2870 3383 ¹

459 3410 828 3486 discrimen,
869 3432 998 3495 quo
1043 3409 1294 3474 sublato
1336 3412 1571 3475 mansit
1607 3423 1815 3475 tamen
1862 3425 2049 3477 vetus
2090 3413 2451 3497 appellatio.
2541 3412 2785 3477 Affinis
2868 3442 2870 3469 a

459 3528 670 3584 autem
737 3540 1004 3604 prorsus
1069 3529 1167 3582 est
1223 3518 1719 3603 municipiorum
1782 3522 1961 3585 ratio.
2069 3521 2160 3585 At
2203 3520 2329 3584 alia
2366 3533 2789 3585 monumenta

459 3626 688 3712 prioris
741 3627 964 3691 aetatis
1017 3649 1144 3691 non
1192 3628 1402 3691 minus
1449 3628 1531 3692 de
1578 3628 1837 3694 duobus
1884 3629 2375 3714 municipiorum
2431 3629 2787 3714 generibus

460 3734 858 3820 significant3
923 3756 1072 3797 nam
1129 3734 1304 3819 quod
1361 3736 1427 3799 in
1486 3736 1630 3821 lege
1676 3736 1915 3801 Thoria
1967 3738 2221 3823 agraria
2263 3752 2361 3801 est
2407 3761 2507 3801 vs.
2548 3737 2619 3801 31
2670 3760 2787 3818 pro
2867 3740 2868 3744 ’

457 3846 860 3923 mainel-rpem&
923 3845 1054 3919 col(
1051 3846 1242 3905 Ombis
1311 3848 1537 3906 cim‘um
1600 3847 2027 3909 Romanorum
2097 3850 2469 3925 n)om2‘nisve
2534 3849 2787 3917 Latini,

457 3972 668 4015 nonne
705 3950 856 4014 item
897 3950 980 4013 ad
1021 3950 1370 4036 municipia
1398 3952 1633 4017 Latina
1673 3953 1986 4037 pertinet?
2056 3953 2262 4018 Nobis
2300 3953 2569 4041 quidem
2610 3956 2787 4019 colo·
2864 3990 2866 3993 ⁴

454 4057 707 4122 niarum
751 4067 998 4121 tantum
1045 4056 1176 4121 duo
1221 4080 1479 4143 genera,
1530 4082 1695 4143 quae
1736 4072 1895 4155 tunc
1935 4071 2148 4138 erant,
2196 4061 2550 4145 significari
2572 4110 2591 4139 ,
2644 4086 2786 4127 mu-

455 4165 837 4251 nicipiorum
898 4165 1060 4229 ratio
1123 4164 1298 4230 nullo
1349 4178 1539 4252 pacto
1584 4171 1762 4255 tangi
1806 4171 2082 4235 videtur.
2171 4172 2263 4233 At
2308 4169 2375 4234 in
2420 4170 2569 4255 lege
2616 4172 2787 4236 Iulia
2862 4234 2864 4248 ἶ

454 4272 845 4359 municipali,
890 4296 1054 4357 quae
1095 4273 1350 4351 dicitur,
1398 4277 1736 4363 multiplex
1774 4289 1873 4343 est
1908 4277 2367 4343 testimonium.
2442 4278 2617 4342 Nam
2658 4278 2779 4343 tab.

449 4380 541 4456 Π,
583 4381 622 4445 9
670 4392 768 4445 est
807 4386 1242 4463 queiquomque
1273 4387 1344 4445 in
1377 4389 1764 4467 municepieis
1804 4390 2065 4450 cotoneis
2088 4388 2549 4468 praefecturas
2566 4391 2779 4464 foreis
