2917 5017
594 329 676 379 Dc
709 327 878 379 Gallia
912 330 1260 379 Romanorum
1299 330 1561 393 provincia
1598 330 1871 394 appendix.
2268 328 2386 395 193

93 495 202 559 cim
245 494 554 579 exempla,
599 515 748 559 cum
787 492 1055 577 profecti
1099 514 1242 558 esse
1289 494 1589 559 consules
1629 504 1986 573 narrantur,
2030 518 2195 580 quae
2238 497 2389 563 licet

92 614 432 686 temporum
493 602 868 667 necessitate
921 601 1218 665 excusari
1269 602 1476 677 dicat,
1535 603 1744 667 facere
1798 615 2007 669 tamen
2044 604 2387 683 debebant,

93 733 159 773 ne
203 707 446 775 Caesar
502 732 832 795 nunquam
891 707 960 771 id
1015 708 1254 774 factum
1315 732 1458 774 esse
1515 708 1839 775 scriberet.
1932 710 2005 777 Si
2046 713 2215 778 enim
2255 715 2389 779 ulla

91 840 350 901 unquam
420 819 630 883 fuerat
701 817 768 880 in
831 816 1162 901 republica
1227 819 1611 894 necessitas,
1684 820 1811 885 fuit
1868 820 2035 887 bello
2089 816 2387 887 Caesaris

91 926 263 989 illato.

241 1031 374 1098 Sed
416 1032 577 1099 haec
611 1043 675 1098 et
715 1033 882 1108 talia,
927 1055 1008 1097 ne
1051 1056 1090 1097 a
1123 1034 1454 1118 proposito
1500 1043 1721 1099 nostro
1763 1034 2155 1113 aberremus,
2200 1050 2387 1123 prae-

95 1142 476 1206 termittenda
533 1164 675 1207 esse
736 1150 1073 1225 putamusz
1143 1141 1306 1207 illud
1365 1152 1586 1207 notare
1649 1144 1975 1222 volebam,
2043 1168 2171 1230 quo
2232 1169 2387 1211 con·-

95 1252 342 1315 iecturas
401 1273 630 1336 parum
680 1249 1046 1334 probabiles
1101 1252 1549 1335 persequendo
1612 1253 2044 1337 perveniatur.
2140 1254 2389 1321 Verum

99 1382 188 1425 cur
237 1359 498 1423 tandem
555 1370 766 1423 tantae
817 1359 936 1423 hae
999 1357 1224 1423 turbae
1277 1358 1677 1424 excitantur?
1757 1360 2079 1427 Nimirum
2126 1372 2201 1427 ut
2246 1360 2385 1429 Cal.

99 1468 332 1533 Martiae
373 1467 630 1553 imperii
673 1465 972 1531 Caesaris
1020 1466 1473 1544 defendantur,
1516 1490 1789 1552 quarum
1829 1490 1959 1533 una
1996 1469 2157 1537 haec
2192 1494 2389 1537 causa

102 1588 190 1652 est,
228 1577 404 1661 quod
447 1599 596 1641 oum
634 1576 844 1661 legem
877 1574 1198 1639 Vatiniam
1239 1574 1322 1639 ad
1348 1572 1489 1639 Cal.
1513 1576 1706 1640 Mart.
1754 1578 2073 1661 pertinere
2116 1591 2388 1657 constet,

101 1686 273 1770 legem
302 1684 705 1770 Pompeiam,
751 1706 880 1768 qua
922 1685 1194 1749 alterum
1230 1680 1529 1749 Caesaris
1568 1684 1838 1771 imperio
1878 1686 2389 1771 quinquennium

103 1794 358 1858 additum
406 1803 544 1869 est,
587 1791 672 1855 ad
715 1791 973 1857 easdam
1019 1792 1423 1857 referendam
1472 1814 1613 1858 esse
1660 1793 2045 1859 existimant.
2127 1795 2279 1879 Qua
2320 1798 2388 1862 in

105 1926 152 1965 re
187 1902 524 1988 negligunt
567 1911 964 1967 constantem
1006 1902 1183 1966 illam
1225 1902 1761 1966 consuetudinem
1804 1902 2183 1980 Romanam,
2222 1926 2389 1988 quae

107 2034 254 2096 saepe
298 2036 336 2077 a
375 2011 566 2077 nobis
610 2011 1058 2077 animadversa
1101 2020 1218 2088 est,
1262 2011 1541 2096 primum
1582 2020 1657 2073 ut
1702 2010 1989 2075 omnium
2032 2012 2389 2077 extraordi-

105 2120 390 2184 nariorum
446 2120 861 2206 imperiorum
913 2142 990 2185 ac
1035 2129 1423 2204 potestatum
1469 2119 1608 2184 dies
1652 2119 1733 2185 ab
1780 2142 1855 2184 eo
1903 2120 2043 2197 die,
2104 2143 2233 2204 quo
2278 2121 2386 2185 lex

107 2227 166 2291 de
197 2229 265 2293 iis
304 2230 724 2314 perferretur,
773 2239 1152 2293 sumeretur.
1229 2229 1308 2294 Id
1351 2230 1419 2293 in
1464 2228 1803 2305 dictatura,
1844 2229 2023 2315 quod
2064 2251 2389 2295 summum

85 2349 180 2403 ⁴est
212 2337 398 2403 huius
440 2338 700 2424 generis
740 2338 1102 2423 imperium,
1151 2337 1271 2401 etsi
1315 2359 1430 2422 per
1472 2337 1856 2423 scriptorum
1898 2337 2221 2403 silentium
2257 2360 2388 2403 non

107 2456 277 2530 potest
320 2446 780 2523 demonstrari,
825 2458 1088 2532 apparet
1129 2456 1340 2511 tamen
1387 2446 1527 2510 fieri
1569 2445 1912 2522 debuisse3
1973 2445 2041 2510 in
2088 2442 2387 2511 Caesaris

87 2608 91 2647 3
111 2555 328 2637 quidem
367 2556 732 2632 dictaturis,
775 2577 1046 2645 quarum
1073 2556 1436 2620 memoriam
1464 2556 1829 2620 accuratius
1872 2554 2175 2639 persequi
2216 2553 2387 2630 licet,

109 2664 260 2728 certis
313 2664 698 2731 testimoniis
749 2686 790 2727 a
839 2663 1026 2729 nobis
1077 2664 1246 2728 infra
1299 2662 1595 2749 pluribus
1646 2674 2019 2748 exponetur.
2102 2660 2387 2728 Eodem-

86 2792 204 2853 3que
243 2773 476 2838 multae
521 2772 680 2839 aliae
723 2781 1068 2856 potestates
1112 2772 1458 2857 pertinent,
1520 2770 1697 2834 velut
1740 2790 1997 2846 eorum,
2054 2769 2167 2854 qui
2212 2769 2387 2855 agris

88 2878 302 2946 «dandis
356 2880 769 2966 assignandis
817 2879 1090 2955 fiebant3
1152 2879 1223 2943 id
1277 2880 1342 2943 in
1397 2879 1545 2943 XX
1600 2878 1788 2953 viris,
1849 2876 1961 2961 qui
2018 2877 2165 2963 lege
2220 2878 2389 2945 Iulia

115 2989 394 3069 constituti
445 2999 629 3065 sunt,
698 3000 943 3054 certum
997 2988 1255 3053 videtur
1315 3010 1458 3052 esse
1521 2984 1911 3073 (Comment.
1966 2985 2300 3072 epigraph.
2353 2988 2389 3050 Ι

88 3118 156 3178 ;ρ.
194 3096 334 3180 286)
389 3097 854 3182 transferrique
916 3097 1110 3163 debet
1163 3096 1248 3163 ad
1295 3095 1571 3161 IIIviros
1628 3094 1793 3179 legis
1850 3091 2265 3179 Semproniae
2324 3104 2389 3159 et

88 3261 96 3283 ,Γ
117 3203 165 3265 Χ
199 3205 379 3283 viros,
417 3228 582 3291 quos
623 3206 732 3271 lex
771 3204 1048 3272 Servilia
1081 3206 1149 3269 in
1175 3203 1685 3289 quinquennium
1716 3202 1855 3267 fieri
1890 3201 2154 3267 iubebat
2198 3201 2386 3289 (ibid.

90 3286 160 3401 ἐρ.
192 3314 366 3401 272),
423 3326 490 3380 et
527 3315 686 3380 alios
725 3314 995 3391 multos,
1045 3314 1156 3399 qui
1201 3323 1346 3378 ante
1393 3334 1469 3377 ea
1509 3322 1795 3396 tempora
1833 3310 2025 3377 simili
2068 3311 2149 3376 de
2194 3334 2391 3377 causa

90 3402 234 3497 {facti
269 3434 460 3487 erant.
560 3422 842 3509 Imperia
881 3422 1382 3489 extraordinaria
1427 3420 1689 3505 antiquo
1736 3430 2019 3505 tempore
2068 3420 2173 3485 vel
2214 3420 2389 3485 nulla

90 3528 328 3611 fffuerant
380 3533 484 3597 vel
537 3530 847 3617 quamdiu
901 3531 1204 3615 quodque
1259 3529 1669 3617 pertinuerit,
1732 3527 1946 3593 minus
1998 3528 2185 3593 nobis
2236 3538 2390 3594 nota

91 3628 266 3767 T*sunu
325 3642 436 3707 sed
493 3664 572 3707 ex
617 3663 746 3725 quo
788 3651 1072 3726 tempore
1113 3638 1371 3705 uberior
1416 3638 1797 3722 scriptorum
1842 3636 2148 3700 memoria
2192 3645 2385 3712 extat,

93 3745 206 3811 ffla
249 3773 429 3833 quam
491 3750 628 3815 dixi
685 3748 1086 3815 consuetudo
1139 3768 1268 3812 non
1320 3746 1585 3812 difficile
1643 3744 2043 3830 intelligitur.
2128 3743 2387 3808 Etenim

127 3850 218 3918 Cn.
255 3857 590 3944 Pompeius
643 3859 790 3943 lege
835 3854 1114 3922 Gabinia
1177 3877 1326 3921 cum
1382 3854 1697 3919 adversus
1752 3852 1989 3938 piratas
2048 3851 2389 3936 imperium

129 3960 174 4024 in
208 3966 528 4033 triennium
565 3966 904 4051 acciperet,
945 3964 1248 4031 continuo
1284 3961 1508 4028 habuit
1546 3961 1628 4027 ab
1668 3982 1743 4025 eo
1775 3960 1901 4037 die,
1940 3980 2069 4045 quo
2100 3958 2205 4024 lex
2240 3980 2388 4044 per-

131 4069 226 4136 lata
271 4086 380 4140 est.
485 4074 652 4141 Nam
705 4074 902 4139 latam
960 4094 1102 4138 esse
1161 4071 1375 4158 legem
1433 4070 1674 4135 scimus
1732 4070 1993 4133 ineunte
2058 4088 2225 4131 anno
2284 4066 2388 4145 67,

135 4175 426 4267 Pompeius
467 4194 680 4248 autem
723 4180 964 4246 bellum
1003 4190 1280 4244 extrema
1325 4182 1519 4242 hieme
1556 4180 1918 4260 apparavit,
1966 4179 2219 4239 ineunte
2256 4196 2393 4238 vere

139 4294 360 4368 suscepit,
401 4292 599 4355 media
638 4298 872 4355 aestate
911 4290 1182 4372 confecit
1223 4286 1394 4376 (Cic.
1433 4286 1517 4353 de
1556 4286 1709 4372 imp.
1741 4284 1971 4370 Pomp.
2004 4282 2133 4367 12).
2216 4280 2393 4347 Num

142 4388 294 4474 igitur
325 4397 591 4483 aliquem
629 4399 798 4463 diem
844 4418 1000 4463 casu
1042 4396 1318 4463 electum
1363 4418 1507 4461 esse
1546 4393 1949 4481 putabimus,
2006 4414 2045 4455 a
2089 4412 2219 4476 quo
2270 4389 2391 4454 im-

1917 4500 1989 4566 13
