2917 5017
746 316 830 367 De
864 316 1064 381 legibus
1103 318 1493 381 municipalibus
1530 318 1849 383 Hispanicis:
2328 318 2451 384 319

129 478 490 567 probabilis
533 480 696 543 ratio
733 479 921 543 reddi
955 502 1084 544 non
1123 490 1352 565 potest.
1423 479 1558 544 Nos
1598 503 1772 557 vero,
1810 484 2105 566 quamvis
2138 483 2203 547 in
2243 485 2459 549 multis

134 612 330 675 saepe
389 588 620 653 litteris
678 610 754 652 ac
814 588 1148 652 vocabulis
1205 588 1561 672 sculptores
1618 589 1845 653 harum
1892 591 2111 675 legum
2157 613 2459 675 peccasse

134 697 512 772 videamus,
569 695 636 759 in
689 707 864 761 tanta
920 709 1130 759 tamen
1184 717 1286 771 re,
1343 696 1424 759 de
1478 719 1605 780 qua
1657 697 1999 781 peculiaris
2055 698 2139 763 sit
2180 698 2459 777 rubrica,

132 805 394 891 peccari
458 804 745 889 potuisse
805 802 1188 888 negabimus
1245 814 1731 889 statuemusque
1790 806 2005 869 eximii
2060 806 2345 879 honoris,
2376 807 2459 872 ab

135 910 560 997 Salpensanis
613 911 816 975 habiti
871 934 1132 975 causam
1184 911 1384 975 fuisse
1442 912 1757 998 imprimis
1810 914 1877 976 in
1931 914 2285 979 Domitiani
2339 916 2460 979 im-

131 1020 468 1084 moderata
503 1019 871 1094 ambitione,
913 1019 1151 1105 quippe
1193 1019 1302 1101 qui
1352 1032 1603 1104 praeter
1638 1044 1859 1086 omnes
1900 1022 2317 1107 imperatores
2358 1046 2460 1089 ar·

131 1129 438 1213 rogantia
479 1139 670 1212 atque
707 1126 1068 1191 incredibili
1111 1127 1426 1191 honorum
1472 1127 1823 1213 cupiditate
1849 1130 2223 1195 excelluerit
2247 1128 2458 1217 (Suet.

127 1236 386 1299 Domit.
444 1258 498 1299 c.
547 1236 674 1317 13).
771 1234 1104 1299 Accedere
1153 1246 1397 1311 tamen,
1461 1246 1536 1299 ut
1586 1248 1763 1299 tanto
1818 1237 2058 1302 honore
2108 1249 2461 1315 ornaretur,

130 1342 476 1429 oportebat
521 1342 815 1409 beneficii
861 1342 1107 1428 accepti
1165 1344 1602 1419 occasionem,
1660 1345 1834 1427 quod
1876 1344 2257 1431 Salpensani
2312 1369 2462 1411 eum

128 1464 463 1536 tamquam
511 1450 788 1515 civitatis
834 1448 1181 1525 Romanae,
1229 1473 1418 1535 quam
1461 1451 1676 1535 adepti
1720 1465 1930 1528 erant,
1977 1466 2305 1519 auctorem
2348 1478 2461 1519 ve-

130 1560 354 1625 nerari
399 1559 718 1623 volebant..
806 1558 1002 1639 Quod
1059 1568 1274 1623 autem
1333 1558 1400 1622 in
1445 1559 1875 1644 Salpensanos
1930 1561 2201 1637 valebat,
2260 1562 2329 1625 id
2378 1561 2462 1627 ad

127 1690 364 1731 omnes
401 1667 752 1751 Hispaniae
796 1667 1155 1731 foederatas
1201 1666 1491 1731 civitates
1533 1669 1875 1731 transferre
1915 1691 2105 1754 posse
2146 1670 2461 1735 videmur.

307 1776 567 1839 Etenim
607 1774 732 1839 iam
777 1773 1182 1837 redeundum
1229 1787 1326 1839 est
1355 1776 1436 1840 ad
1468 1776 1889 1841 Malacitanos
1918 1788 1983 1841 et
2009 1777 2461 1863 Salpensanos,

135 1884 226 1947 de
286 1883 525 1967 quibus
584 1883 894 1947 vellemus
947 1881 1132 1967 plura
1185 1905 1264 1947 ac
1315 1883 1589 1948 certiora
1632 1884 1883 1950 tradere
1938 1886 2177 1951 liceret.
2264 1886 2457 1951 Nunc

130 1993 266 2055 hoc
305 2014 509 2055 unum
553 1990 742 2055 docet
791 1990 958 2053 Plin.
1004 2001 1132 2053 nat.
1174 1989 1321 2054 hist.
1365 1991 1490 2067 III,
1538 1994 1576 2057 8
1622 1992 1939 2057 Malacam
1982 2016 2124 2059 esse
2168 1993 2462 2059 foedera-

130 2113 376 2175 torum,
431 2098 604 2183 quod
651 2098 754 2162 ius
801 2121 948 2161 cum
995 2098 1230 2161 fuisset
1279 2098 1613 2185 principiis
1658 2101 1951 2185 Augusti
1996 2104 2173 2183 (nam
2221 2101 2381 2167 haec
2426 2124 2465 2165 a

133 2208 358 2271 Plinio
420 2207 642 2271 referri
703 2206 1038 2287 diximus),
1105 2205 1276 2271 idem
1343 2208 1657 2273 mansisse
1714 2231 2049 2274 censemus
2104 2232 2313 2294 usque
2380 2209 2463 2273 ad

135 2315 624 2390 Domitianum,
684 2314 796 2398 qui
855 2311 1178 2377 civitatem
1242 2313 1601 2379 Romanam
1656 2316 1899 2381 tribuit.
1986 2318 2091 2381 De
2152 2318 2467 2401 Salpensa

133 2434 360 2488 autem
403 2422 560 2507 quid
607 2422 1010 2487 statuemus?
1075 2422 1176 2486 Ea
1221 2444 1370 2487 sane
1413 2436 1951 2489 commemoratur
1992 2448 2031 2489 a
2075 2425 2241 2489 Plin.
2277 2426 2329 2499 I,
2368 2425 2464 2499 14,

135 2532 262 2596 scd
303 2531 480 2595 nulla
518 2530 678 2594 iuris
719 2529 1186 2613 significatione
1233 2530 1503 2595 adiecta.
1587 2531 1783 2597 Unde
1827 2534 1941 2617 qui
1984 2533 2467 2619 stipendiariam

133 2640 351 2705 fuisse
413 2639 676 2725 colligit,
733 2638 909 2714 dicit,
965 2638 1141 2722 quod
1199 2639 1625 2703 demonstrari
1680 2640 1903 2725 nequit
1964 2642 2467 2725 tantundemque

137 2747 616 2834 probabilitatis
660 2746 872 2823 habet,
920 2769 1066 2809 cum
1105 2746 1358 2809 Plinius
1394 2746 1753 2813 foederatas
1796 2758 1860 2811 et
1890 2746 2159 2813 Latinas
2208 2762 2269 2813 et
2304 2747 2467 2813 libe-

137 2880 250 2921 ras
297 2856 612 2931 civitates,
651 2879 814 2941 quas
854 2856 920 2919 in
964 2854 1226 2919 Baetica
1268 2877 1411 2919 esse
1455 2855 1565 2929 ait,
1608 2878 1735 2919 non
1762 2856 2063 2931 nominet,
2090 2856 2295 2921 fuisse
2328 2878 2468 2921 eam

139 2988 228 3027 ex
273 2964 404 3029 illis
445 2964 814 3049 generibus,
859 2964 1056 3047 idque
1103 2962 1264 3026 adeo
1307 2962 1503 3046 longe
1548 2962 1817 3027 similius
1864 2975 1962 3029 est
2005 2965 2178 3039 veri3
2223 2986 2367 3027 nam
2412 2963 2467 3029 si

137 3072 560 3157 stipendiaria
589 3072 840 3147 fuisset,
865 3094 993 3135 non
1023 3070 1511 3155 intelligeretur,
1550 3070 1708 3155 quid
1738 3080 1985 3135 tantum
2014 3071 2225 3137 subito
2254 3094 2467 3135 meru-

131 3181 341 3256 isset,
401 3192 474 3244 ut
543 3179 912 3244 Latinitatis
987 3179 1172 3263 quasi
1251 3178 1461 3263 gradu
1526 3179 1763 3243 omisso
1831 3180 2165 3265 municipii
2225 3179 2467 3243 honore

139 3289 352 3373 digna
391 3311 534 3353 esse
573 3288 922 3353 videretur.
1008 3286 1228 3369 Quare
1272 3286 1671 3351 foederatam
1714 3288 1919 3352 fuisse
1967 3288 2291 3353 oredimus
2338 3310 2468 3351 non

138 3396 364 3459 minus
431 3419 620 3479 quam
674 3394 992 3459 Malacam
1051 3395 1118 3458 in
1183 3417 1386 3479 eaque
1447 3395 1867 3459 similitudine
1926 3396 2218 3461 umbram
2280 3394 2468 3479 quasi

137 3504 476 3589 quandam
517 3526 748 3568 causae
795 3502 1274 3587 deprehendere
1319 3502 1507 3567 nobis
1554 3503 1871 3578 videmur,
1913 3526 2029 3567 cur
2077 3502 2235 3567 haec
2278 3502 2467 3568 tabu-

134 3615 354 3677 larum
403 3613 780 3697 fragmenta,
824 3634 988 3696 quae
1031 3612 1212 3696 leges
1258 3611 1533 3675 duarum
1576 3611 1730 3699 satis
1771 3612 1937 3675 inter
1981 3634 2049 3675 se
2092 3610 2467 3675 distantium

137 3722 411 3786 urbium
469 3720 814 3795 continent,
870 3742 998 3783 uno
1055 3720 1198 3801 loco
1252 3720 1515 3785 inventa
1560 3742 1702 3783 esse
1760 3719 2077 3795 dicantur,
2134 3719 2320 3783 cuius
2375 3720 2469 3783 rei

137 3828 435 3893 nondum
485 3828 681 3891 ullam
733 3850 1028 3901 causam,
1082 3849 1248 3908 quae
1302 3849 1430 3891 non
1485 3828 1567 3892 ab
1631 3828 1804 3892 omni
1858 3828 2275 3893 similitudine
2331 3827 2469 3892 veri

141 3937 542 4012 abhorreret,
589 3936 864 4000 inveniri
901 3936 1192 4021 potuisse
1233 3935 1442 4014 video.
1523 3936 1741 4021 Epora
1794 3936 2057 4019 quidem
2096 3938 2273 4016 (nam
2312 3936 2470 4001 haec

141 4046 398 4129 reliqua
441 4056 540 4108 est
587 4066 669 4108 ex
717 4044 924 4109 tribus
975 4044 1271 4109 Baeticae
1331 4044 1586 4129 oppidis
1641 4044 2008 4121 foederatis,
2052 4045 2220 4109 Plin.
2259 4044 2315 4120 I,
2368 4044 2469 4126 10)

143 4155 300 4217 item
354 4151 780 4237 municipium
829 4153 1069 4217 sactum
1123 4164 1221 4216 est
1273 4152 1649 4239 eodemque,
1699 4166 1771 4217 ut
1820 4155 2110 4230 coniici0,
2164 4165 2469 4238 tempore,

143 4260 446 4347 quamvis
501 4259 568 4322 in
629 4260 814 4327 titulo
873 4262 1049 4347 apud
1111 4258 1308 4327 Cean.
1363 4262 1753 4327 Bermudez.
1816 4264 1858 4327 l.
1908 4264 1951 4327 l.
2007 4286 2066 4349 p.
2113 4262 2234 4327 369
2290 4260 2469 4327 nullo
