<?xml version="1.0" encoding="UTF-8"?>
<!DOCTYPE html PUBLIC "-//W3C//DTD XHTML 1.0 Transitional//EN"
    "http://www.w3.org/TR/xhtml1/DTD/xhtml1-transitional.dtd">
<html xmlns="http://www.w3.org/1999/xhtml" xml:lang="en" lang="en">
 <head>
  <title>
</title>
<meta http-equiv="Content-Type" content="text/html;charset=utf-8" />
  <meta name='ocr-system' content='tesseract 3.04.00' />
  <meta name='ocr-capabilities' content='ocr_page ocr_carea ocr_par ocr_line ocrx_word'/>
</head>
<body>
  <div class='ocr_page' id='page_1' title='image "augustiwilhelmi01unkngoog_0058.png"; bbox 0 0 2917 5017; ppageno 0'>
   <div class='ocr_carea' id='block_1_1' title="bbox 712 315 2374 389">
    <p class='ocr_par' dir='ltr' id='par_1_1' title="bbox 712 315 2374 389">
     <span class='ocr_line' id='line_1_1' title="bbox 712 315 2374 389; baseline -0.004 -13"><span class='ocrx_word' id='word_1_1' title='bbox 712 327 795 376; x_wconf 82' lang='lat' dir='ltr'><strong>De</strong></span> <span class='ocrx_word' id='word_1_2' title='bbox 830 326 1003 376; x_wconf 70' lang='lat' dir='ltr'><strong>Gallia</strong></span> <span class='ocrx_word' id='word_1_3' title='bbox 1038 316 1387 374; x_wconf 82' lang='lat' dir='ltr'><strong>Romanorum</strong></span> <span class='ocrx_word' id='word_1_4' title='bbox 1428 324 1706 389; x_wconf 80' lang='lat' dir='ltr'><strong>provincia.</strong></span> <span class='ocrx_word' id='word_1_5' title='bbox 2294 315 2374 381; x_wconf 77' lang='grc'><strong>43</strong></span> 
     </span>
    </p>
   </div>
   <div class='ocr_carea' id='block_1_2' title="bbox 122 481 2420 4455">
    <p class='ocr_par' dir='ltr' id='par_1_2' title="bbox 122 481 2420 4455">
     <span class='ocr_line' id='line_1_2' title="bbox 142 481 2376 571; baseline -0.005 -13"><span class='ocrx_word' id='word_1_6' title='bbox 142 494 322 559; x_wconf 74' lang='lat' dir='ltr'><strong>Italiam</strong></span> <span class='ocrx_word' id='word_1_7' title='bbox 363 500 421 555; x_wconf 90' lang='lat' dir='ltr'><strong>et</strong></span> <span class='ocrx_word' id='word_1_8' title='bbox 464 488 741 555; x_wconf 79' lang='lat' dir='ltr'><strong>Galliam</strong></span> <span class='ocrx_word' id='word_1_9' title='bbox 786 486 1135 563; x_wconf 88' lang='lat' dir='ltr'><strong>obtineret,</strong></span> <span class='ocrx_word' id='word_1_10' title='bbox 1194 507 1389 571; x_wconf 88' lang='lat' dir='ltr'><strong>opera</strong></span> <span class='ocrx_word' id='word_1_11' title='bbox 1430 481 1552 549; x_wconf 91' lang='lat' dir='ltr'><strong>Cn.</strong></span> <span class='ocrx_word' id='word_1_12' title='bbox 1596 485 1888 571; x_wconf 91' lang='lat' dir='ltr'><strong>Pompeii</strong></span> <span class='ocrx_word' id='word_1_13' title='bbox 1945 485 2200 549; x_wconf 86' lang='lat' dir='ltr'><strong>occisus</strong></span> <span class='ocrx_word' id='word_1_14' title='bbox 2259 492 2376 547; x_wconf 85' lang='lat' dir='ltr'><strong>est.</strong></span> 
     </span>
     <span class='ocr_line' id='line_1_3' title="bbox 142 589 2378 670; baseline -0.004 -6"><span class='ocrx_word' id='word_1_15' title='bbox 142 603 284 665; x_wconf 84' lang='lat' dir='ltr'><strong>Anno</strong></span> <span class='ocrx_word' id='word_1_16' title='bbox 318 599 388 663; x_wconf 81' lang='lat'><strong>87</strong></span> <span class='ocrx_word' id='word_1_17' title='bbox 424 596 737 662; x_wconf 89' lang='lat' dir='ltr'><strong>ambobus</strong></span> <span class='ocrx_word' id='word_1_18' title='bbox 781 594 1181 670; x_wconf 71' lang='lat' dir='ltr'><strong>consulibua,</strong></span> <span class='ocrx_word' id='word_1_19' title='bbox 1228 590 1349 657; x_wconf 92' lang='lat' dir='ltr'><strong>Cn.</strong></span> <span class='ocrx_word' id='word_1_20' title='bbox 1392 590 1673 657; x_wconf 86' lang='lat' dir='ltr'><strong>Octavio</strong></span> <span class='ocrx_word' id='word_1_21' title='bbox 1717 604 1780 657; x_wconf 93' lang='lat' dir='ltr'><strong>et</strong></span> <span class='ocrx_word' id='word_1_22' title='bbox 1817 593 1897 656; x_wconf 88' lang='lat' dir='ltr'><strong>L.</strong></span> <span class='ocrx_word' id='word_1_23' title='bbox 1941 589 2190 656; x_wconf 83' lang='lat' dir='ltr'>Cinnae</span> <span class='ocrx_word' id='word_1_24' title='bbox 2227 612 2378 656; x_wconf 88' lang='lat' dir='ltr'><strong>suc-</strong></span> 
     </span>
     <span class='ocr_line' id='line_1_4' title="bbox 131 698 2378 788; baseline -0.004 -17"><span class='ocrx_word' id='word_1_25' title='bbox 131 705 429 788; x_wconf 84' lang='lat' dir='ltr'><strong>cessorique</strong></span> <span class='ocrx_word' id='word_1_26' title='bbox 470 705 610 769; x_wconf 88' lang='lat' dir='ltr'><strong>eius</strong></span> <span class='ocrx_word' id='word_1_27' title='bbox 637 704 719 767; x_wconf 89' lang='lat' dir='ltr'><strong>L.</strong></span> <span class='ocrx_word' id='word_1_28' title='bbox 761 699 1059 766; x_wconf 90' lang='lat' dir='ltr'><strong>Cornelio</strong></span> <span class='ocrx_word' id='word_1_29' title='bbox 1098 700 1411 776; x_wconf 81' lang='lat' dir='ltr'><strong>Merulae,</strong></span> <span class='ocrx_word' id='word_1_30' title='bbox 1460 700 1712 765; x_wconf 88' lang='lat' dir='ltr'><strong>Italiam</strong></span> <span class='ocrx_word' id='word_1_31' title='bbox 1751 700 2096 765; x_wconf 81' lang='lat' dir='ltr'>obvenisse</span> <span class='ocrx_word' id='word_1_32' title='bbox 2135 698 2378 774; x_wconf 89' lang='lat' dir='ltr'><strong>iudico,</strong></span> 
     </span>
     <span class='ocr_line' id='line_1_5' title="bbox 127 806 2382 898; baseline -0.005 -19"><span class='ocrx_word' id='word_1_33' title='bbox 127 828 401 898; x_wconf 84' lang='lat' dir='ltr'><strong>utramque</strong></span> <span class='ocrx_word' id='word_1_34' title='bbox 464 822 633 876; x_wconf 90' lang='lat' dir='ltr'><strong>certe</strong></span> <span class='ocrx_word' id='word_1_35' title='bbox 688 812 861 875; x_wconf 88' lang='lat' dir='ltr'><strong>intra</strong></span> <span class='ocrx_word' id='word_1_36' title='bbox 917 809 1169 874; x_wconf 85' lang='lat' dir='ltr'><strong>Italiam</strong></span> <span class='ocrx_word' id='word_1_37' title='bbox 1230 807 1600 873; x_wconf 77' lang='lat' dir='ltr'><strong>substitisse</strong></span> <span class='ocrx_word' id='word_1_38' title='bbox 1670 808 1929 873; x_wconf 87' lang='lat' dir='ltr'><strong>scimus.</strong></span> <span class='ocrx_word' id='word_1_39' title='bbox 2037 806 2240 889; x_wconf 88' lang='lat' dir='ltr'><strong>quue</strong></span> <span class='ocrx_word' id='word_1_40' title='bbox 2303 826 2382 869; x_wconf 91' lang='lat' dir='ltr'><strong>eo</strong></span> 
     </span>
     <span class='ocr_line' id='line_1_6' title="bbox 128 912 2383 1004; baseline -0.005 -18"><span class='ocrx_word' id='word_1_41' title='bbox 128 923 328 987; x_wconf 78' lang='lat' dir='ltr'><strong>facilius</strong></span> <span class='ocrx_word' id='word_1_42' title='bbox 366 931 513 995; x_wconf 86' lang='lat' dir='ltr'><strong>erat,</strong></span> <span class='ocrx_word' id='word_1_43' title='bbox 555 919 731 1004; x_wconf 92' lang='lat' dir='ltr'><strong>quod</strong></span> <span class='ocrx_word' id='word_1_44' title='bbox 770 942 919 983; x_wconf 91' lang='lat' dir='ltr'><strong>cum</strong></span> <span class='ocrx_word' id='word_1_45' title='bbox 961 917 1129 981; x_wconf 87' lang='lat' dir='ltr'><strong>duae</strong></span> <span class='ocrx_word' id='word_1_46' title='bbox 1169 915 1538 1001; x_wconf 87' lang='lat' dir='ltr'><strong>provinciae</strong></span> <span class='ocrx_word' id='word_1_47' title='bbox 1581 915 1664 979; x_wconf 89' lang='lat' dir='ltr'><strong>ab</strong></span> <span class='ocrx_word' id='word_1_48' title='bbox 1708 912 1894 981; x_wconf 87' lang='lat' dir='ltr'><strong>Sulla</strong></span> <span class='ocrx_word' id='word_1_49' title='bbox 1941 914 2383 980; x_wconf 89' lang='lat' dir='ltr'><strong>obtinerentur</strong></span> 
     </span>
     <span class='ocr_line' id='line_1_7' title="bbox 128 1022 2380 1112; baseline -0.005 -18"><span class='ocrx_word' id='word_1_50' title='bbox 128 1026 635 1112; x_wconf 88' lang='lat' dir='ltr'><strong>(cf.Com1nentat.</strong></span> <span class='ocrx_word' id='word_1_51' title='bbox 680 1026 1011 1112; x_wconf 88' lang='lat' dir='ltr'><strong>epigraph.</strong></span> <span class='ocrx_word' id='word_1_52' title='bbox 1042 1023 1186 1087; x_wconf 89' lang='lat' dir='ltr'><strong>Vol.</strong></span> <span class='ocrx_word' id='word_1_53' title='bbox 1209 1022 1276 1086; x_wconf 93' lang='lat' dir='ltr'><strong>II</strong></span> <span class='ocrx_word' id='word_1_54' title='bbox 1316 1045 1380 1108; x_wconf 92' lang='lat' dir='ltr'><strong>p.</strong></span> <span class='ocrx_word' id='word_1_55' title='bbox 1410 1024 1580 1106; x_wconf 82' lang='lat'><strong>175),</strong></span> <span class='ocrx_word' id='word_1_56' title='bbox 1622 1044 1736 1086; x_wconf 88' lang='lat' dir='ltr'><strong>sex</strong></span> <span class='ocrx_word' id='word_1_57' title='bbox 1763 1024 1942 1108; x_wconf 91' lang='lat' dir='ltr'><strong>ipsae</strong></span> <span class='ocrx_word' id='word_1_58' title='bbox 1985 1044 2148 1107; x_wconf 86' lang='lat' dir='ltr'><strong>quae</strong></span> <span class='ocrx_word' id='word_1_59' title='bbox 2195 1042 2380 1106; x_wconf 80' lang='lat' dir='ltr'><strong>prae-</strong></span> 
     </span>
     <span class='ocr_line' id='line_1_8' title="bbox 127 1126 2380 1217; baseline -0.003 -17"><span class='ocrx_word' id='word_1_60' title='bbox 127 1136 321 1200; x_wconf 87' lang='lat' dir='ltr'><strong>toribus</strong></span> <span class='ocrx_word' id='word_1_61' title='bbox 358 1135 825 1211; x_wconf 78' lang='lat' dir='ltr'><strong>dividerent-ur,</strong></span> <span class='ocrx_word' id='word_1_62' title='bbox 867 1132 1149 1217; x_wconf 87' lang='lat' dir='ltr'><strong>reliquae</strong></span> <span class='ocrx_word' id='word_1_63' title='bbox 1194 1140 1395 1195; x_wconf 90' lang='lat' dir='ltr'><strong>erant.</strong></span> <span class='ocrx_word' id='word_1_64' title='bbox 1489 1130 1623 1195; x_wconf 88' lang='lat' dir='ltr'><strong>Sed</strong></span> <span class='ocrx_word' id='word_1_65' title='bbox 1664 1130 1780 1194; x_wconf 90' lang='lat' dir='ltr'><strong>hos</strong></span> <span class='ocrx_word' id='word_1_66' title='bbox 1823 1130 2121 1195; x_wconf 90' lang='lat' dir='ltr'><strong>consules</strong></span> <span class='ocrx_word' id='word_1_67' title='bbox 2168 1126 2380 1194; x_wconf 86' lang='lat' dir='ltr'><strong>Gallia</strong></span> 
     </span>
     <span class='ocr_line' id='line_1_9' title="bbox 127 1236 2381 1328; baseline -0.004 -21"><span class='ocrx_word' id='word_1_68' title='bbox 127 1267 329 1327; x_wconf 87' lang='lat' dir='ltr'><strong>quoque</strong></span> <span class='ocrx_word' id='word_1_69' title='bbox 350 1242 677 1328; x_wconf 81' lang='lat' dir='ltr'><strong>Cisalpina</strong></span> <span class='ocrx_word' id='word_1_70' title='bbox 700 1254 1025 1325; x_wconf 77' lang='lat' dir='ltr'><strong>tamquam</strong></span> <span class='ocrx_word' id='word_1_71' title='bbox 1072 1263 1189 1305; x_wconf 89' lang='lat' dir='ltr'><strong>sua</strong></span> <span class='ocrx_word' id='word_1_72' title='bbox 1221 1237 1554 1324; x_wconf 88' lang='lat' dir='ltr'><strong>provincia</strong></span> <span class='ocrx_word' id='word_1_73' title='bbox 1578 1260 1735 1303; x_wconf 92' lang='lat' dir='ltr'><strong>usos</strong></span> <span class='ocrx_word' id='word_1_74' title='bbox 1765 1260 1911 1303; x_wconf 86' lang='lat' dir='ltr'><strong>esse</strong></span> <span class='ocrx_word' id='word_1_75' title='bbox 1949 1238 2158 1313; x_wconf 88' lang='lat' dir='ltr'><strong>docet,</strong></span> <span class='ocrx_word' id='word_1_76' title='bbox 2203 1236 2381 1321; x_wconf 92' lang='lat' dir='ltr'><strong>quod</strong></span> 
     </span>
     <span class='ocr_line' id='line_1_10' title="bbox 127 1345 2380 1437; baseline -0.004 -22"><span class='ocrx_word' id='word_1_77' title='bbox 127 1374 277 1437; x_wconf 88' lang='lat' dir='ltr'><strong>supra</strong></span> <span class='ocrx_word' id='word_1_78' title='bbox 322 1374 394 1415; x_wconf 85' lang='lat' dir='ltr'><strong>ex</strong></span> <span class='ocrx_word' id='word_1_79' title='bbox 436 1349 714 1435; x_wconf 81' lang='lat' dir='ltr'><strong>Appian.</strong></span> <span class='ocrx_word' id='word_1_80' title='bbox 772 1348 921 1413; x_wconf 92' lang='lat' dir='ltr'><strong>bell.</strong></span> <span class='ocrx_word' id='word_1_81' title='bbox 964 1349 1088 1413; x_wconf 87' lang='lat' dir='ltr'><strong>civ.</strong></span> <span class='ocrx_word' id='word_1_82' title='bbox 1132 1348 1200 1425; x_wconf 94' lang='lat' dir='ltr'><strong>I,</strong></span> <span class='ocrx_word' id='word_1_83' title='bbox 1260 1346 1341 1412; x_wconf 87' lang='grc'><strong>66</strong></span> <span class='ocrx_word' id='word_1_84' title='bbox 1386 1357 1451 1411; x_wconf 87' lang='lat' dir='ltr'><strong>et</strong></span> <span class='ocrx_word' id='word_1_85' title='bbox 1494 1345 1574 1412; x_wconf 87' lang='lat'><strong>74</strong></span> <span class='ocrx_word' id='word_1_86' title='bbox 1636 1356 2203 1412; x_wconf 88' lang='lat' dir='ltr'><strong>commemoratum</strong></span> <span class='ocrx_word' id='word_1_87' title='bbox 2261 1354 2380 1419; x_wconf 85' lang='lat' dir='ltr'><strong>est,</strong></span> 
     </span>
     <span class='ocr_line' id='line_1_11' title="bbox 125 1452 2380 1542; baseline -0.003 -21"><span class='ocrx_word' id='word_1_88' title='bbox 125 1459 257 1542; x_wconf 87' lang='lat' dir='ltr'><strong>quod</strong></span> <span class='ocrx_word' id='word_1_89' title='bbox 275 1459 409 1523; x_wconf 89' lang='lat' dir='ltr'><strong>inde</strong></span> <span class='ocrx_word' id='word_1_90' title='bbox 434 1458 697 1535; x_wconf 85' lang='lat' dir='ltr'><strong>auxilia,</strong></span> <span class='ocrx_word' id='word_1_91' title='bbox 735 1457 974 1541; x_wconf 88' lang='lat' dir='ltr'><strong>quibus</strong></span> <span class='ocrx_word' id='word_1_92' title='bbox 998 1456 1223 1521; x_wconf 90' lang='lat' dir='ltr'><strong>urbem</strong></span> <span class='ocrx_word' id='word_1_93' title='bbox 1250 1465 1605 1531; x_wconf 88' lang='lat' dir='ltr'><strong>tuerentur,</strong></span> <span class='ocrx_word' id='word_1_94' title='bbox 1630 1454 2125 1519; x_wconf 84' lang='lat' dir='ltr'><strong>arcessiverunt.</strong></span> <span class='ocrx_word' id='word_1_95' title='bbox 2175 1452 2380 1517; x_wconf 91' lang='lat' dir='ltr'><strong>Aliud</strong></span> 
     </span>
     <span class='ocr_line' id='line_1_12' title="bbox 124 1561 2380 1652; baseline -0.002 -23"><span class='ocrx_word' id='word_1_96' title='bbox 124 1566 359 1631; x_wconf 84' lang='lat' dir='ltr'><strong>eiusdem</strong></span> <span class='ocrx_word' id='word_1_97' title='bbox 399 1566 489 1630; x_wconf 90' lang='lat' dir='ltr'><strong>rei</strong></span> <span class='ocrx_word' id='word_1_98' title='bbox 534 1576 831 1652; x_wconf 88' lang='lat' dir='ltr'><strong>apertum</strong></span> <span class='ocrx_word' id='word_1_99' title='bbox 870 1563 1308 1629; x_wconf 88' lang='lat' dir='ltr'><strong>testimonium</strong></span> <span class='ocrx_word' id='word_1_100' title='bbox 1350 1562 1612 1627; x_wconf 81' lang='lat' dir='ltr'><strong>exhibet</strong></span> <span class='ocrx_word' id='word_1_101' title='bbox 1655 1561 1802 1627; x_wconf 91' lang='lat' dir='ltr'><strong>Val.</strong></span> <span class='ocrx_word' id='word_1_102' title='bbox 1841 1562 2018 1626; x_wconf 84' lang='lat' dir='ltr'><strong>Max.</strong></span> <span class='ocrx_word' id='word_1_103' title='bbox 2067 1561 2185 1637; x_wconf 88' lang='lat' dir='ltr'><strong>IV,</strong></span> <span class='ocrx_word' id='word_1_104' title='bbox 2227 1561 2288 1636; x_wconf 84' lang='lat'><strong>7,</strong></span> <span class='ocrx_word' id='word_1_105' title='bbox 2319 1561 2380 1637; x_wconf 87' lang='lat'><strong>5,</strong></span> 
     </span>
     <span class='ocr_line' id='line_1_13' title="bbox 125 1668 2382 1756; baseline -0.002 -21"><span class='ocrx_word' id='word_1_106' title='bbox 125 1674 210 1755; x_wconf 87' lang='lat' dir='ltr'><strong>qui</strong></span> <span class='ocrx_word' id='word_1_107' title='bbox 238 1672 304 1737; x_wconf 89' lang='lat' dir='ltr'><strong>ab</strong></span> <span class='ocrx_word' id='word_1_108' title='bbox 330 1672 597 1738; x_wconf 88' lang='lat' dir='ltr'><strong>Octavio</strong></span> <span class='ocrx_word' id='word_1_109' title='bbox 639 1696 771 1737; x_wconf 86' lang='lat' dir='ltr'><strong>cos.</strong></span> <span class='ocrx_word' id='word_1_110' title='bbox 801 1672 873 1735; x_wconf 89' lang='lat' dir='ltr'><strong>P.</strong></span> <span class='ocrx_word' id='word_1_111' title='bbox 910 1673 1231 1756; x_wconf 87' lang='lat' dir='ltr'><strong>quendam</strong></span> <span class='ocrx_word' id='word_1_112' title='bbox 1252 1668 1552 1735; x_wconf 91' lang='lat' dir='ltr'><strong>Caelium</strong></span> <span class='ocrx_word' id='word_1_113' title='bbox 1575 1669 1942 1735; x_wconf 83' lang='lat' dir='ltr'><strong>Placentiae</strong></span> <span class='ocrx_word' id='word_1_114' title='bbox 1983 1669 2382 1754; x_wconf 85' lang='lat' dir='ltr'><strong>praefectum</strong></span> 
     </span>
     <span class='ocr_line' id='line_1_14' title="bbox 132 1773 2384 1845; baseline -0.002 -2"><span class='ocrx_word' id='word_1_115' title='bbox 132 1803 241 1844; x_wconf 81' lang='lat' dir='ltr'><strong>esse</strong></span> <span class='ocrx_word' id='word_1_116' title='bbox 279 1792 483 1845; x_wconf 86' lang='lat' dir='ltr'><strong>narrat.</strong></span> <span class='ocrx_word' id='word_1_117' title='bbox 583 1780 755 1845; x_wconf 87' lang='lat' dir='ltr'><strong>Tum</strong></span> <span class='ocrx_word' id='word_1_118' title='bbox 816 1803 983 1845; x_wconf 88' lang='lat' dir='ltr'><strong>anno</strong></span> <span class='ocrx_word' id='word_1_119' title='bbox 1027 1780 1109 1845; x_wconf 86' lang='grc'><strong>86</strong></span> <span class='ocrx_word' id='word_1_120' title='bbox 1162 1801 1293 1844; x_wconf 75' lang='lat' dir='ltr'><strong>coe.</strong></span> <span class='ocrx_word' id='word_1_121' title='bbox 1353 1778 1550 1843; x_wconf 88' lang='lat' dir='ltr'><strong>creati</strong></span> <span class='ocrx_word' id='word_1_122' title='bbox 1609 1791 1761 1842; x_wconf 87' lang='lat' dir='ltr'><strong>sunt</strong></span> <span class='ocrx_word' id='word_1_123' title='bbox 1813 1777 1892 1840; x_wconf 78' lang='lat' dir='ltr'><strong>L.</strong></span> <span class='ocrx_word' id='word_1_124' title='bbox 1939 1773 2150 1841; x_wconf 85' lang='lat' dir='ltr'><strong>Cinna</strong></span> <span class='ocrx_word' id='word_1_125' title='bbox 2197 1776 2266 1840; x_wconf 90' lang='grc' dir='ltr'>Π</span> <span class='ocrx_word' id='word_1_126' title='bbox 2319 1786 2384 1839; x_wconf 86' lang='lat' dir='ltr'><strong>et</strong></span> 
     </span>
     <span class='ocr_line' id='line_1_15' title="bbox 134 1883 2382 1971; baseline -0 -22"><span class='ocrx_word' id='word_1_127' title='bbox 134 1884 195 1949; x_wconf 86' lang='lat' dir='ltr'><strong>C.</strong></span> <span class='ocrx_word' id='word_1_128' title='bbox 212 1887 415 1953; x_wconf 86' lang='lat' dir='ltr'><strong>Marius</strong></span> <span class='ocrx_word' id='word_1_129' title='bbox 434 1890 593 1965; x_wconf 89' lang='lat' dir='ltr'><strong>VII,</strong></span> <span class='ocrx_word' id='word_1_130' title='bbox 638 1889 791 1953; x_wconf 91' lang='lat' dir='ltr'><strong>huic</strong></span> <span class='ocrx_word' id='word_1_131' title='bbox 826 1888 997 1953; x_wconf 87' lang='lat' dir='ltr'><strong>Idib.</strong></span> <span class='ocrx_word' id='word_1_132' title='bbox 1021 1887 1339 1952; x_wconf 85' lang='lat' dir='ltr'><strong>Ianuariis</strong></span> <span class='ocrx_word' id='word_1_133' title='bbox 1382 1898 1632 1951; x_wconf 89' lang='lat' dir='ltr'><strong>mortuo</strong></span> <span class='ocrx_word' id='word_1_134' title='bbox 1675 1886 1855 1970; x_wconf 84' lang='lat' dir='ltr'><strong>(Liv.</strong></span> <span class='ocrx_word' id='word_1_135' title='bbox 1893 1887 2040 1971; x_wconf 88' lang='lat' dir='ltr'><strong>epit.</strong></span> <span class='ocrx_word' id='word_1_136' title='bbox 2063 1883 2382 1966; x_wconf 89' lang='lat' dir='ltr'>LXXX)</span> 
     </span>
     <span class='ocr_line' id='line_1_16' title="bbox 126 1992 2380 2078; baseline -0.001 -21"><span class='ocrx_word' id='word_1_137' title='bbox 126 1996 375 2061; x_wconf 84' lang='lat' dir='ltr'><strong>suffectus</strong></span> <span class='ocrx_word' id='word_1_138' title='bbox 420 2008 516 2061; x_wconf 90' lang='lat' dir='ltr'><strong>est</strong></span> <span class='ocrx_word' id='word_1_139' title='bbox 556 1998 641 2060; x_wconf 92' lang='lat' dir='ltr'><strong>L.</strong></span> <span class='ocrx_word' id='word_1_140' title='bbox 685 1997 987 2062; x_wconf 87' lang='lat' dir='ltr'><strong>Valerius</strong></span> <span class='ocrx_word' id='word_1_141' title='bbox 1030 1996 1333 2060; x_wconf 78' lang='lat' dir='ltr'><strong>Flaccus.</strong></span> <span class='ocrx_word' id='word_1_142' title='bbox 1420 1994 1512 2057; x_wconf 89' lang='lat' dir='ltr'><strong>Hi</strong></span> <span class='ocrx_word' id='word_1_143' title='bbox 1563 1994 1928 2078; x_wconf 87' lang='lat' dir='ltr'><strong>provincias</strong></span> <span class='ocrx_word' id='word_1_144' title='bbox 1974 1994 2064 2057; x_wconf 89' lang='lat' dir='ltr'><strong>ita</strong></span> <span class='ocrx_word' id='word_1_145' title='bbox 2097 1992 2267 2056; x_wconf 90' lang='lat' dir='ltr'><strong>inter</strong></span> <span class='ocrx_word' id='word_1_146' title='bbox 2311 2014 2380 2055; x_wconf 86' lang='lat' dir='ltr'><strong>se</strong></span> 
     </span>
     <span class='ocr_line' id='line_1_17' title="bbox 124 2098 2386 2187; baseline -0 -23"><span class='ocrx_word' id='word_1_147' title='bbox 124 2116 529 2187; x_wconf 85' lang='lat' dir='ltr'><strong>compararunt,</strong></span> <span class='ocrx_word' id='word_1_148' title='bbox 584 2114 659 2168; x_wconf 92' lang='lat' dir='ltr'><strong>ut</strong></span> <span class='ocrx_word' id='word_1_149' title='bbox 687 2104 769 2167; x_wconf 92' lang='lat' dir='ltr'><strong>L.</strong></span> <span class='ocrx_word' id='word_1_150' title='bbox 793 2104 1030 2169; x_wconf 87' lang='lat' dir='ltr'><strong>Flacco</strong></span> <span class='ocrx_word' id='word_1_151' title='bbox 1055 2104 1299 2168; x_wconf 89' lang='lat' dir='ltr'><strong>bellum</strong></span> <span class='ocrx_word' id='word_1_152' title='bbox 1322 2101 1862 2179; x_wconf 84' lang='lat' dir='ltr'><strong>Mithridaticum,</strong></span> <span class='ocrx_word' id='word_1_153' title='bbox 1897 2102 2071 2186; x_wconf 91' lang='lat' dir='ltr'><strong>quod</strong></span> <span class='ocrx_word' id='word_1_154' title='bbox 2094 2101 2176 2165; x_wconf 91' lang='lat' dir='ltr'><strong>L.</strong></span> <span class='ocrx_word' id='word_1_155' title='bbox 2199 2098 2386 2165; x_wconf 88' lang='lat' dir='ltr'><strong>Sulla</strong></span> 
     </span>
     <span class='ocr_line' id='line_1_18' title="bbox 126 2207 2382 2296; baseline -0.001 -24"><span class='ocrx_word' id='word_1_156' title='bbox 126 2208 333 2292; x_wconf 81' lang='lat' dir='ltr'><strong>gerebat</strong></span> <span class='ocrx_word' id='word_1_157' title='bbox 368 2214 573 2296; x_wconf 89' lang='lat' dir='ltr'><strong>(App.</strong></span> <span class='ocrx_word' id='word_1_158' title='bbox 618 2212 661 2275; x_wconf 92' lang='lat' dir='ltr'><strong>l.</strong></span> <span class='ocrx_word' id='word_1_159' title='bbox 708 2212 751 2275; x_wconf 95' lang='lat' dir='ltr'><strong>l.</strong></span> <span class='ocrx_word' id='word_1_160' title='bbox 794 2234 848 2275; x_wconf 93' lang='lat' dir='ltr'><strong>c.</strong></span> <span class='ocrx_word' id='word_1_161' title='bbox 891 2212 1012 2287; x_wconf 78' lang='lat'><strong>753</strong></span> <span class='ocrx_word' id='word_1_162' title='bbox 1056 2210 1208 2275; x_wconf 83' lang='lat' dir='ltr'><strong>Liv.</strong></span> <span class='ocrx_word' id='word_1_163' title='bbox 1252 2210 1405 2295; x_wconf 93' lang='lat' dir='ltr'><strong>epit.</strong></span> <span class='ocrx_word' id='word_1_164' title='bbox 1442 2209 1832 2287; x_wconf 83' lang='lat' dir='ltr'><strong>LXXX11;</strong></span> <span class='ocrx_word' id='word_1_165' title='bbox 1873 2209 2048 2295; x_wconf 87' lang='lat' dir='ltr'><strong>App.</strong></span> <span class='ocrx_word' id='word_1_166' title='bbox 2087 2207 2382 2272; x_wconf 87' lang='lat' dir='ltr'><strong>Mithrid.</strong></span> 
     </span>
     <span class='ocr_line' id='line_1_19' title="bbox 125 2314 2386 2403; baseline 0 -23"><span class='ocrx_word' id='word_1_167' title='bbox 125 2338 162 2380; x_wconf 90' lang='lat' dir='ltr'><strong>c.</strong></span> <span class='ocrx_word' id='word_1_168' title='bbox 196 2317 253 2379; x_wconf 83' lang='lat'><strong>51</strong></span> <span class='ocrx_word' id='word_1_169' title='bbox 294 2320 435 2403; x_wconf 88' lang='lat' dir='ltr'><strong>sq.),</strong></span> <span class='ocrx_word' id='word_1_170' title='bbox 493 2320 534 2383; x_wconf 90' lang='lat' dir='ltr'><strong>i.</strong></span> <span class='ocrx_word' id='word_1_171' title='bbox 586 2342 641 2384; x_wconf 91' lang='lat' dir='ltr'><strong>e.</strong></span> <span class='ocrx_word' id='word_1_172' title='bbox 693 2319 1081 2383; x_wconf 87' lang='lat' dir='ltr'><strong>Macedonia</strong></span> <span class='ocrx_word' id='word_1_173' title='bbox 1136 2329 1201 2383; x_wconf 90' lang='lat' dir='ltr'><strong>et</strong></span> <span class='ocrx_word' id='word_1_174' title='bbox 1244 2318 1437 2395; x_wconf 89' lang='lat' dir='ltr'><strong>Asia,</strong></span> <span class='ocrx_word' id='word_1_175' title='bbox 1497 2319 1985 2394; x_wconf 84' lang='lat' dir='ltr'><strong>decerneretur,</strong></span> <span class='ocrx_word' id='word_1_176' title='bbox 2042 2316 2127 2381; x_wconf 88' lang='lat' dir='ltr'><strong>L.</strong></span> <span class='ocrx_word' id='word_1_177' title='bbox 2175 2314 2386 2381; x_wconf 86' lang='lat' dir='ltr'><strong>Cinna</strong></span> 
     </span>
     <span class='ocr_line' id='line_1_20' title="bbox 122 2424 2383 2513; baseline -0 -26"><span class='ocrx_word' id='word_1_178' title='bbox 122 2424 317 2489; x_wconf 81' lang='lat' dir='ltr'><strong>Italiam</strong></span> <span class='ocrx_word' id='word_1_179' title='bbox 350 2427 689 2512; x_wconf 82' lang='lat' dir='ltr'><strong>accip-eret,</strong></span> <span class='ocrx_word' id='word_1_180' title='bbox 732 2427 1015 2510; x_wconf 90' lang='lat' dir='ltr'><strong>reliquae</strong></span> <span class='ocrx_word' id='word_1_181' title='bbox 1054 2449 1169 2491; x_wconf 87' lang='lat' dir='ltr'><strong>sex</strong></span> <span class='ocrx_word' id='word_1_182' title='bbox 1194 2426 1565 2511; x_wconf 88' lang='lat' dir='ltr'><strong>provinciae</strong></span> <span class='ocrx_word' id='word_1_183' title='bbox 1599 2426 2004 2513; x_wconf 88' lang='lat' dir='ltr'><strong>praetoribus</strong></span> <span class='ocrx_word' id='word_1_184' title='bbox 2029 2424 2178 2488; x_wconf 90' lang='lat' dir='ltr'><strong>anni</strong></span> <span class='ocrx_word' id='word_1_185' title='bbox 2200 2444 2383 2510; x_wconf 87' lang='lat' dir='ltr'><strong>prae-</strong></span> 
     </span>
     <span class='ocr_line' id='line_1_21' title="bbox 124 2531 2384 2617; baseline 0.001 -25"><span class='ocrx_word' id='word_1_186' title='bbox 124 2532 249 2595; x_wconf 86' lang='lat' dir='ltr'><strong>teriti</strong></span> <span class='ocrx_word' id='word_1_187' title='bbox 283 2534 698 2599; x_wconf 85' lang='lat' dir='ltr'><strong>traderentur.</strong></span> <span class='ocrx_word' id='word_1_188' title='bbox 793 2534 931 2598; x_wconf 88' lang='lat' dir='ltr'><strong>Sed</strong></span> <span class='ocrx_word' id='word_1_189' title='bbox 974 2531 1249 2598; x_wconf 86' lang='lat' dir='ltr'><strong>Cinnam</strong></span> <span class='ocrx_word' id='word_1_190' title='bbox 1292 2534 1484 2599; x_wconf 85' lang='lat' dir='ltr'><strong>etiam</strong></span> <span class='ocrx_word' id='word_1_191' title='bbox 1541 2536 1610 2598; x_wconf 89' lang='lat' dir='ltr'><strong>in</strong></span> <span class='ocrx_word' id='word_1_192' title='bbox 1649 2533 1866 2599; x_wconf 77' lang='lat' dir='ltr'><strong>Gallia</strong></span> <span class='ocrx_word' id='word_1_193' title='bbox 1921 2554 2070 2597; x_wconf 89' lang='lat' dir='ltr'><strong>cum</strong></span> <span class='ocrx_word' id='word_1_194' title='bbox 2113 2532 2384 2617; x_wconf 89' lang='lat' dir='ltr'><strong>imperio</strong></span> 
     </span>
     <span class='ocr_line' id='line_1_22' title="bbox 126 2638 2384 2725; baseline 0.002 -26"><span class='ocrx_word' id='word_1_195' title='bbox 126 2638 277 2703; x_wconf 81' lang='lat' dir='ltr'><strong>fuisse</strong></span> <span class='ocrx_word' id='word_1_196' title='bbox 316 2640 496 2706; x_wconf 89' lang='lat' dir='ltr'><strong>docet</strong></span> <span class='ocrx_word' id='word_1_197' title='bbox 519 2642 671 2707; x_wconf 88' lang='lat' dir='ltr'><strong>Val.</strong></span> <span class='ocrx_word' id='word_1_198' title='bbox 692 2642 871 2706; x_wconf 82' lang='lat' dir='ltr'><strong>Max.</strong></span> <span class='ocrx_word' id='word_1_199' title='bbox 910 2640 1031 2717; x_wconf 90' lang='lat' dir='ltr'><strong>IV,</strong></span> <span class='ocrx_word' id='word_1_200' title='bbox 1058 2642 1119 2717; x_wconf 86' lang='lat'><strong>7,</strong></span> <span class='ocrx_word' id='word_1_201' title='bbox 1148 2642 1207 2717; x_wconf 86' lang='lat'><strong>5,</strong></span> <span class='ocrx_word' id='word_1_202' title='bbox 1250 2641 1361 2725; x_wconf 91' lang='lat' dir='ltr'><strong>qui</strong></span> <span class='ocrx_word' id='word_1_203' title='bbox 1402 2642 1794 2706; x_wconf 84' lang='lat' dir='ltr'><strong>Placentiam</strong></span> <span class='ocrx_word' id='word_1_204' title='bbox 1817 2638 2113 2705; x_wconf 90' lang='lat' dir='ltr'><strong>Cinnano</strong></span> <span class='ocrx_word' id='word_1_205' title='bbox 2157 2650 2384 2706; x_wconf 88' lang='lat' dir='ltr'><strong>senatu</strong></span> 
     </span>
     <span class='ocr_line' id='line_1_23' title="bbox 133 2746 2386 2832; baseline 0.001 -24"><span class='ocrx_word' id='word_1_206' title='bbox 133 2759 434 2831; x_wconf 80' lang='lat' dir='ltr'><strong>occupatam</strong></span> <span class='ocrx_word' id='word_1_207' title='bbox 477 2772 631 2815; x_wconf 87' lang='lat' dir='ltr'><strong>esse</strong></span> <span class='ocrx_word' id='word_1_208' title='bbox 690 2748 945 2825; x_wconf 89' lang='lat' dir='ltr'><strong>scribit,</strong></span> <span class='ocrx_word' id='word_1_209' title='bbox 998 2748 1069 2812; x_wconf 92' lang='lat' dir='ltr'><strong>id</strong></span> <span class='ocrx_word' id='word_1_210' title='bbox 1126 2749 1300 2832; x_wconf 88' lang='lat' dir='ltr'><strong>quod</strong></span> <span class='ocrx_word' id='word_1_211' title='bbox 1357 2750 1482 2815; x_wconf 91' lang='lat' dir='ltr'><strong>hoc</strong></span> <span class='ocrx_word' id='word_1_212' title='bbox 1529 2749 1803 2815; x_wconf 86' lang='lat' dir='ltr'><strong>maxime</strong></span> <span class='ocrx_word' id='word_1_213' title='bbox 1855 2771 2023 2813; x_wconf 89' lang='lat' dir='ltr'><strong>anno</strong></span> <span class='ocrx_word' id='word_1_214' title='bbox 2075 2746 2386 2815; x_wconf 82' lang='lat' dir='ltr'><strong>acciderit</strong></span> 
     </span>
     <span class='ocr_line' id='line_1_24' title="bbox 137 2854 2384 2941; baseline 0.004 -30"><span class='ocrx_word' id='word_1_215' title='bbox 137 2872 335 2919; x_wconf 79' lang='lat' dir='ltr'><strong>neccsse</strong></span> <span class='ocrx_word' id='word_1_216' title='bbox 376 2870 489 2921; x_wconf 90' lang='lat' dir='ltr'><strong>est.</strong></span> <span class='ocrx_word' id='word_1_217' title='bbox 590 2856 963 2941; x_wconf 88' lang='lat' dir='ltr'><strong>Insequenti</strong></span> <span class='ocrx_word' id='word_1_218' title='bbox 1018 2879 1187 2921; x_wconf 88' lang='lat' dir='ltr'><strong>anno</strong></span> <span class='ocrx_word' id='word_1_219' title='bbox 1237 2857 1316 2921; x_wconf 76' lang='lat'><strong>85</strong></span> <span class='ocrx_word' id='word_1_220' title='bbox 1370 2857 1449 2921; x_wconf 92' lang='lat' dir='ltr'><strong>L.</strong></span> <span class='ocrx_word' id='word_1_221' title='bbox 1499 2854 1712 2923; x_wconf 88' lang='lat' dir='ltr'><strong>Cinna</strong></span> <span class='ocrx_word' id='word_1_222' title='bbox 1771 2868 1835 2922; x_wconf 89' lang='lat' dir='ltr'><strong>et</strong></span> <span class='ocrx_word' id='word_1_223' title='bbox 1895 2854 2018 2921; x_wconf 90' lang='lat' dir='ltr'><strong>Cn.</strong></span> <span class='ocrx_word' id='word_1_224' title='bbox 2077 2855 2384 2941; x_wconf 85' lang='lat' dir='ltr'><strong>Papirius</strong></span> 
     </span>
     <span class='ocr_line' id='line_1_25' title="bbox 137 2954 2382 3052; baseline 0.003 -32"><span class='ocrx_word' id='word_1_225' title='bbox 137 2954 297 3025; x_wconf 85' lang='lat' dir='ltr'><strong>Carbo</strong></span> <span class='ocrx_word' id='word_1_226' title='bbox 332 2986 447 3029; x_wconf 89' lang='lat' dir='ltr'><strong>cos.</strong></span> <span class='ocrx_word' id='word_1_227' title='bbox 490 2988 629 3050; x_wconf 91' lang='lat' dir='ltr'><strong>quo</strong></span> <span class='ocrx_word' id='word_1_228' title='bbox 671 2975 861 3052; x_wconf 87' lang='lat' dir='ltr'><strong>pacto</strong></span> <span class='ocrx_word' id='word_1_229' title='bbox 904 2965 1269 3051; x_wconf 87' lang='lat' dir='ltr'><strong>provincias</strong></span> <span class='ocrx_word' id='word_1_230' title='bbox 1314 2965 1674 3041; x_wconf 88' lang='lat' dir='ltr'><strong>diviserint,</strong></span> <span class='ocrx_word' id='word_1_231' title='bbox 1720 2988 1852 3030; x_wconf 89' lang='lat' dir='ltr'><strong>non</strong></span> <span class='ocrx_word' id='word_1_232' title='bbox 1888 2965 2183 3029; x_wconf 88' lang='lat' dir='ltr'><strong>traditur.</strong></span> <span class='ocrx_word' id='word_1_233' title='bbox 2245 2961 2382 3028; x_wconf 88' lang='lat' dir='ltr'><strong>Sed</strong></span> 
     </span>
     <span class='ocr_line' id='line_1_26' title="bbox 130 3067 2384 3159; baseline 0.004 -30"><span class='ocrx_word' id='word_1_234' title='bbox 130 3067 217 3131; x_wconf 83' lang='lat' dir='ltr'><strong>etsi</strong></span> <span class='ocrx_word' id='word_1_235' title='bbox 252 3080 573 3157; x_wconf 87' lang='lat' dir='ltr'><strong>utrumque</strong></span> <span class='ocrx_word' id='word_1_236' title='bbox 612 3073 681 3137; x_wconf 90' lang='lat' dir='ltr'><strong>in</strong></span> <span class='ocrx_word' id='word_1_237' title='bbox 701 3073 887 3139; x_wconf 87' lang='lat' dir='ltr'><strong>Italia</strong></span> <span class='ocrx_word' id='word_1_238' title='bbox 929 3072 1243 3137; x_wconf 90' lang='lat' dir='ltr'><strong>mansisse</strong></span> <span class='ocrx_word' id='word_1_239' title='bbox 1286 3084 1555 3149; x_wconf 86' lang='lat' dir='ltr'><strong>constat,</strong></span> <span class='ocrx_word' id='word_1_240' title='bbox 1596 3084 1671 3138; x_wconf 91' lang='lat' dir='ltr'><strong>ut</strong></span> <span class='ocrx_word' id='word_1_241' title='bbox 1709 3072 1926 3159; x_wconf 90' lang='lat' dir='ltr'><strong>copias</strong></span> <span class='ocrx_word' id='word_1_242' title='bbox 1968 3082 2159 3157; x_wconf 89' lang='lat' dir='ltr'><strong>atque</strong></span> <span class='ocrx_word' id='word_1_243' title='bbox 2200 3094 2384 3137; x_wconf 85' lang='lat' dir='ltr'><strong>exer-</strong></span> 
     </span>
     <span class='ocr_line' id='line_1_27' title="bbox 130 3174 2382 3267; baseline 0.004 -33"><span class='ocrx_word' id='word_1_244' title='bbox 130 3174 251 3241; x_wconf 84' lang='lat' dir='ltr'><strong>citus</strong></span> <span class='ocrx_word' id='word_1_245' title='bbox 288 3180 359 3243; x_wconf 86' lang='lat' dir='ltr'><strong>ad</strong></span> <span class='ocrx_word' id='word_1_246' title='bbox 400 3181 481 3244; x_wconf 93' lang='lat' dir='ltr'><strong>L.</strong></span> <span class='ocrx_word' id='word_1_247' title='bbox 530 3181 757 3245; x_wconf 87' lang='lat' dir='ltr'><strong>Sullae</strong></span> <span class='ocrx_word' id='word_1_248' title='bbox 802 3180 1153 3246; x_wconf 88' lang='lat' dir='ltr'><strong>adventum</strong></span> <span class='ocrx_word' id='word_1_249' title='bbox 1192 3192 1635 3267; x_wconf 85' lang='lat' dir='ltr'><strong>compararent</strong></span> <span class='ocrx_word' id='word_1_250' title='bbox 1651 3228 1670 3256; x_wconf 88' lang='lat'><strong>,</strong></span> <span class='ocrx_word' id='word_1_251' title='bbox 1722 3180 1952 3246; x_wconf 89' lang='lat' dir='ltr'><strong>dubito</strong></span> <span class='ocrx_word' id='word_1_252' title='bbox 1979 3192 2206 3245; x_wconf 84' lang='lat' dir='ltr'><strong>tamen</strong></span> <span class='ocrx_word' id='word_1_253' title='bbox 2223 3228 2242 3259; x_wconf 91' lang='lat'><strong>,</strong></span> <span class='ocrx_word' id='word_1_254' title='bbox 2302 3204 2382 3245; x_wconf 89' lang='lat' dir='ltr'><strong>an</strong></span> 
     </span>
     <span class='ocr_line' id='line_1_28' title="bbox 140 3272 2384 3355; baseline 0.003 -8"><span class='ocrx_word' id='word_1_255' title='bbox 140 3276 313 3351; x_wconf 83' lang='lat' dir='ltr'><strong>Cinnae</strong></span> <span class='ocrx_word' id='word_1_256' title='bbox 356 3272 632 3354; x_wconf 83' lang='lat' dir='ltr'><strong>exeunte</strong></span> <span class='ocrx_word' id='word_1_257' title='bbox 673 3310 839 3353; x_wconf 90' lang='lat' dir='ltr'><strong>anno</strong></span> <span class='ocrx_word' id='word_1_258' title='bbox 880 3288 1268 3355; x_wconf 87' lang='lat' dir='ltr'><strong>Macedonia</strong></span> <span class='ocrx_word' id='word_1_259' title='bbox 1312 3298 1375 3354; x_wconf 87' lang='lat' dir='ltr'><strong>et</strong></span> <span class='ocrx_word' id='word_1_260' title='bbox 1414 3289 1580 3355; x_wconf 89' lang='lat' dir='ltr'><strong>Asia</strong></span> <span class='ocrx_word' id='word_1_261' title='bbox 1630 3288 1892 3353; x_wconf 88' lang='lat' dir='ltr'><strong>decreta</strong></span> <span class='ocrx_word' id='word_1_262' title='bbox 1945 3291 2046 3353; x_wconf 87' lang='lat' dir='ltr'><strong>sit.</strong></span> <span class='ocrx_word' id='word_1_263' title='bbox 2125 3288 2384 3353; x_wconf 88' lang='lat' dir='ltr'><strong>Etenim</strong></span> 
     </span>
     <span class='ocr_line' id='line_1_29' title="bbox 140 3395 2385 3482; baseline 0.006 -34"><span class='ocrx_word' id='word_1_264' title='bbox 140 3409 253 3467; x_wconf 85' lang='lat' dir='ltr'><strong>eum,</strong></span> <span class='ocrx_word' id='word_1_265' title='bbox 270 3395 363 3477; x_wconf 91' lang='lat' dir='ltr'><strong>qui</strong></span> <span class='ocrx_word' id='word_1_266' title='bbox 380 3418 551 3461; x_wconf 90' lang='lat' dir='ltr'><strong>anno</strong></span> <span class='ocrx_word' id='word_1_267' title='bbox 579 3396 906 3482; x_wconf 89' lang='lat' dir='ltr'><strong>superiore</strong></span> <span class='ocrx_word' id='word_1_268' title='bbox 932 3396 999 3460; x_wconf 91' lang='lat' dir='ltr'><strong>in</strong></span> <span class='ocrx_word' id='word_1_269' title='bbox 1020 3418 1129 3461; x_wconf 86' lang='lat' dir='ltr'><strong>eas</strong></span> <span class='ocrx_word' id='word_1_270' title='bbox 1150 3396 1518 3482; x_wconf 85' lang='lat' dir='ltr'><strong>provincias</strong></span> <span class='ocrx_word' id='word_1_271' title='bbox 1547 3397 1786 3461; x_wconf 89' lang='lat' dir='ltr'><strong>missus</strong></span> <span class='ocrx_word' id='word_1_272' title='bbox 1811 3396 2058 3471; x_wconf 87' lang='lat' dir='ltr'><strong>erat,L.</strong></span> <span class='ocrx_word' id='word_1_273' title='bbox 2075 3396 2385 3463; x_wconf 83' lang='lat' dir='ltr'><strong>Flaccum</strong></span> 
     </span>
     <span class='ocr_line' id='line_1_30' title="bbox 133 3500 2383 3591; baseline 0.005 -32"><span class='ocrx_word' id='word_1_274' title='bbox 133 3500 253 3583; x_wconf 81' lang='lat' dir='ltr'><strong>turpi</strong></span> <span class='ocrx_word' id='word_1_275' title='bbox 286 3504 588 3570; x_wconf 89' lang='lat' dir='ltr'><strong>seditione</strong></span> <span class='ocrx_word' id='word_1_276' title='bbox 625 3527 684 3569; x_wconf 89' lang='lat' dir='ltr'><strong>a.</strong></span> <span class='ocrx_word' id='word_1_277' title='bbox 714 3502 791 3569; x_wconf 95' lang='lat' dir='ltr'><strong>C.</strong></span> <span class='ocrx_word' id='word_1_278' title='bbox 817 3504 1047 3569; x_wconf 84' lang='lat' dir='ltr'><strong>Flavio</strong></span> <span class='ocrx_word' id='word_1_279' title='bbox 1075 3504 1365 3570; x_wconf 88' lang='lat' dir='ltr'><strong>Fimbria</strong></span> <span class='ocrx_word' id='word_1_280' title='bbox 1404 3505 1694 3571; x_wconf 89' lang='lat' dir='ltr'><strong>occisum</strong></span> <span class='ocrx_word' id='word_1_281' title='bbox 1735 3526 1878 3569; x_wconf 86' lang='lat' dir='ltr'><strong>esse</strong></span> <span class='ocrx_word' id='word_1_282' title='bbox 1919 3528 2002 3569; x_wconf 88' lang='lat' dir='ltr'><strong>ne</strong></span> <span class='ocrx_word' id='word_1_283' title='bbox 2039 3506 2383 3591; x_wconf 77' lang='lat' dir='ltr'><strong>populares</strong></span> 
     </span>
     <span class='ocr_line' id='line_1_31' title="bbox 127 3605 2384 3697; baseline 0.004 -31"><span class='ocrx_word' id='word_1_284' title='bbox 127 3605 357 3686; x_wconf 87' lang='lat' dir='ltr'><strong>quidem,</strong></span> <span class='ocrx_word' id='word_1_285' title='bbox 411 3612 524 3697; x_wconf 87' lang='lat' dir='ltr'><strong>qui</strong></span> <span class='ocrx_word' id='word_1_286' title='bbox 583 3612 651 3676; x_wconf 91' lang='lat' dir='ltr'><strong>in</strong></span> <span class='ocrx_word' id='word_1_287' title='bbox 708 3612 869 3678; x_wconf 91' lang='lat' dir='ltr'><strong>urbe</strong></span> <span class='ocrx_word' id='word_1_288' title='bbox 916 3625 1073 3677; x_wconf 90' lang='lat' dir='ltr'><strong>tunc</strong></span> <span class='ocrx_word' id='word_1_289' title='bbox 1130 3612 1660 3688; x_wconf 83' lang='lat' dir='ltr'><strong>dominabantur,</strong></span> <span class='ocrx_word' id='word_1_290' title='bbox 1723 3634 1930 3697; x_wconf 87' lang='lat' dir='ltr'><strong>aequo</strong></span> <span class='ocrx_word' id='word_1_291' title='bbox 1977 3612 2191 3676; x_wconf 89' lang='lat' dir='ltr'><strong>animo</strong></span> <span class='ocrx_word' id='word_1_292' title='bbox 2249 3610 2384 3696; x_wconf 87' lang='lat' dir='ltr'><strong>pati</strong></span> 
     </span>
     <span class='ocr_line' id='line_1_32' title="bbox 126 3718 2383 3806; baseline 0.004 -31"><span class='ocrx_word' id='word_1_293' title='bbox 126 3723 406 3793; x_wconf 88' lang='lat' dir='ltr'><strong>potuerunt</strong></span> <span class='ocrx_word' id='word_1_294' title='bbox 443 3720 951 3806; x_wconf 88' lang='lat' dir='ltr'><strong>exercitumque,</strong></span> <span class='ocrx_word' id='word_1_295' title='bbox 995 3742 1191 3805; x_wconf 90' lang='lat' dir='ltr'><strong>quem</strong></span> <span class='ocrx_word' id='word_1_296' title='bbox 1210 3719 1500 3785; x_wconf 87' lang='lat' dir='ltr'><strong>Fimbria</strong></span> <span class='ocrx_word' id='word_1_297' title='bbox 1526 3722 1591 3785; x_wconf 87' lang='lat' dir='ltr'><strong>vi</strong></span> <span class='ocrx_word' id='word_1_298' title='bbox 1617 3718 1891 3798; x_wconf 89' lang='lat' dir='ltr'><strong>tenebat,</strong></span> <span class='ocrx_word' id='word_1_299' title='bbox 1935 3720 2194 3784; x_wconf 86' lang='lat' dir='ltr'><strong>decreto</strong></span> <span class='ocrx_word' id='word_1_300' title='bbox 2235 3741 2383 3805; x_wconf 90' lang='lat' dir='ltr'><strong>per-</strong></span> 
     </span>
     <span class='ocr_line' id='line_1_33' title="bbox 128 3819 2381 3915; baseline 0.004 -32"><span class='ocrx_word' id='word_1_301' title='bbox 128 3819 377 3889; x_wconf 84' lang='lat' dir='ltr'><strong>miserunt</strong></span> <span class='ocrx_word' id='word_1_302' title='bbox 398 3824 668 3904; x_wconf 88' lang='lat' dir='ltr'><strong>Cinnae,</strong></span> <span class='ocrx_word' id='word_1_303' title='bbox 708 3828 822 3912; x_wconf 88' lang='lat' dir='ltr'><strong>qui</strong></span> <span class='ocrx_word' id='word_1_304' title='bbox 866 3850 1015 3893; x_wconf 92' lang='lat' dir='ltr'><strong>cum</strong></span> <span class='ocrx_word' id='word_1_305' title='bbox 1042 3828 1111 3893; x_wconf 90' lang='lat' dir='ltr'><strong>in</strong></span> <span class='ocrx_word' id='word_1_306' title='bbox 1156 3828 1538 3915; x_wconf 87' lang='lat' dir='ltr'><strong>colligendis</strong></span> <span class='ocrx_word' id='word_1_307' title='bbox 1579 3828 1780 3914; x_wconf 90' lang='lat' dir='ltr'><strong>copiis</strong></span> <span class='ocrx_word' id='word_1_308' title='bbox 1823 3827 2113 3893; x_wconf 87' lang='lat' dir='ltr'><strong>severius</strong></span> <span class='ocrx_word' id='word_1_309' title='bbox 2141 3838 2381 3913; x_wconf 85' lang='lat' dir='ltr'><strong>ageret,</strong></span> 
     </span>
     <span class='ocr_line' id='line_1_34' title="bbox 132 3933 2382 4019; baseline 0.003 -25"><span class='ocrx_word' id='word_1_310' title='bbox 132 3948 254 3994; x_wconf 79' lang='lat' dir='ltr'><strong>anno</strong></span> <span class='ocrx_word' id='word_1_311' title='bbox 302 3933 373 3998; x_wconf 79' lang='lat'><strong>84</strong></span> <span class='ocrx_word' id='word_1_312' title='bbox 426 3935 743 4001; x_wconf 86' lang='lat' dir='ltr'><strong>Anconae</strong></span> <span class='ocrx_word' id='word_1_313' title='bbox 812 3960 853 4001; x_wconf 91' lang='lat' dir='ltr'><strong>a</strong></span> <span class='ocrx_word' id='word_1_314' title='bbox 916 3935 1229 4001; x_wconf 89' lang='lat' dir='ltr'><strong>militibus</strong></span> <span class='ocrx_word' id='word_1_315' title='bbox 1298 3936 1551 4001; x_wconf 88' lang='lat' dir='ltr'><strong>occisus</strong></span> <span class='ocrx_word' id='word_1_316' title='bbox 1614 3947 1714 4001; x_wconf 88' lang='lat' dir='ltr'><strong>est</strong></span> <span class='ocrx_word' id='word_1_317' title='bbox 1777 3935 2014 4019; x_wconf 89' lang='lat' dir='ltr'><strong>(Auct.</strong></span> <span class='ocrx_word' id='word_1_318' title='bbox 2077 3934 2160 3999; x_wconf 89' lang='lat' dir='ltr'><strong>de</strong></span> <span class='ocrx_word' id='word_1_319' title='bbox 2225 3934 2382 4001; x_wconf 88' lang='lat' dir='ltr'><strong>viris</strong></span> 
     </span>
     <span class='ocr_line' id='line_1_35' title="bbox 132 4032 2386 4130; baseline 0.007 -36"><span class='ocrx_word' id='word_1_320' title='bbox 132 4032 302 4103; x_wconf 79' lang='lat' dir='ltr'><strong>illustr.</strong></span> <span class='ocrx_word' id='word_1_321' title='bbox 338 4042 465 4125; x_wconf 89' lang='grc'>69).</span> <span class='ocrx_word' id='word_1_322' title='bbox 531 4043 781 4109; x_wconf 88' lang='lat' dir='ltr'><strong>Verum</strong></span> <span class='ocrx_word' id='word_1_323' title='bbox 808 4040 929 4107; x_wconf 90' lang='lat' dir='ltr'><strong>Cn.</strong></span> <span class='ocrx_word' id='word_1_324' title='bbox 952 4038 1319 4107; x_wconf 88' lang='lat' dir='ltr'><strong>Carbonem</strong></span> <span class='ocrx_word' id='word_1_325' title='bbox 1344 4044 1592 4110; x_wconf 87' lang='lat' dir='ltr'><strong>Italiam</strong></span> <span class='ocrx_word' id='word_1_326' title='bbox 1639 4044 1946 4111; x_wconf 86' lang='lat' dir='ltr'><strong>habuisse</strong></span> <span class='ocrx_word' id='word_1_327' title='bbox 1986 4043 2386 4130; x_wconf 85' lang='lat' dir='ltr'><strong>provinciam</strong></span> 
     </span>
     <span class='ocr_line' id='line_1_36' title="bbox 144 4148 2420 4247; baseline 0.006 -45"><span class='ocrx_word' id='word_1_328' title='bbox 144 4154 344 4247; x_wconf 77' lang='lat' dir='ltr'><strong>constat,</strong></span> <span class='ocrx_word' id='word_1_329' title='bbox 390 4151 669 4216; x_wconf 88' lang='lat' dir='ltr'><strong>eundem</strong></span> <span class='ocrx_word' id='word_1_330' title='bbox 714 4162 927 4217; x_wconf 89' lang='lat' dir='ltr'><strong>tamen</strong></span> <span class='ocrx_word' id='word_1_331' title='bbox 970 4150 1039 4215; x_wconf 93' lang='lat' dir='ltr'><strong>in</strong></span> <span class='ocrx_word' id='word_1_332' title='bbox 1088 4148 1363 4217; x_wconf 86' lang='lat' dir='ltr'><strong>Gallia</strong></span> <span class='ocrx_word' id='word_1_333' title='bbox 1345 4173 1699 4236; x_wconf 78' lang='lat' dir='ltr'><strong>imperasse</strong></span> <span class='ocrx_word' id='word_1_334' title='bbox 1743 4174 1822 4217; x_wconf 88' lang='lat' dir='ltr'><strong>ex</strong></span> <span class='ocrx_word' id='word_1_335' title='bbox 1854 4152 1970 4228; x_wconf 91' lang='lat' dir='ltr'><strong>iis,</strong></span> <span class='ocrx_word' id='word_1_336' title='bbox 2027 4173 2193 4237; x_wconf 90' lang='lat' dir='ltr'><strong>quae</strong></span> <span class='ocrx_word' id='word_1_337' title='bbox 2238 4149 2382 4216; x_wconf 90' lang='lat' dir='ltr'><strong>Val.</strong></span> <span class='ocrx_word' id='word_1_338' title='bbox 2415 4224 2420 4227; x_wconf 53' lang='grc'><strong>,</strong></span> 
     </span>
     <span class='ocr_line' id='line_1_37' title="bbox 136 4220 2382 4345; baseline 0.002 -27"><span class='ocrx_word' id='word_1_339' title='bbox 136 4244 265 4314; x_wconf 73' lang='lat' dir='ltr'><strong>Max.</strong></span> <span class='ocrx_word' id='word_1_340' title='bbox 262 4220 383 4332; x_wconf 93' lang='lat' dir='ltr'><strong>VI</strong></span> <span class='ocrx_word' id='word_1_341' title='bbox 411 4258 583 4335; x_wconf 86' lang='lat'><strong>2,10</strong></span> <span class='ocrx_word' id='word_1_342' title='bbox 608 4258 691 4325; x_wconf 89' lang='lat' dir='ltr'><strong>de</strong></span> <span class='ocrx_word' id='word_1_343' title='bbox 714 4255 1054 4335; x_wconf 87' lang='lat' dir='ltr'><strong>Castricio,</strong></span> <span class='ocrx_word' id='word_1_344' title='bbox 1089 4258 1455 4325; x_wconf 87' lang='lat' dir='ltr'><strong>Placentiae</strong></span> <span class='ocrx_word' id='word_1_345' title='bbox 1487 4260 1836 4345; x_wconf 84' lang='lat' dir='ltr'><strong>praefecto,</strong></span> <span class='ocrx_word' id='word_1_346' title='bbox 1869 4270 2103 4335; x_wconf 84' lang='lat' dir='ltr'><strong>narrat,</strong></span> <span class='ocrx_word' id='word_1_347' title='bbox 2147 4258 2382 4323; x_wconf 89' lang='lat' dir='ltr'><strong>intelli-</strong></span> 
     </span>
     <span class='ocr_line' id='line_1_38' title="bbox 138 4355 2386 4455; baseline -0.003 -18"><span class='ocrx_word' id='word_1_348' title='bbox 138 4355 329 4439; x_wconf 65' lang='lat' dir='ltr'><strong>gimus,</strong></span> <span class='ocrx_word' id='word_1_349' title='bbox 381 4388 538 4450; x_wconf 88' lang='lat' dir='ltr'><strong>quae</strong></span> <span class='ocrx_word' id='word_1_350' title='bbox 594 4368 679 4433; x_wconf 86' lang='lat' dir='ltr'><strong>ad</strong></span> <span class='ocrx_word' id='word_1_351' title='bbox 729 4368 854 4433; x_wconf 90' lang='lat' dir='ltr'><strong>hoc</strong></span> <span class='ocrx_word' id='word_1_352' title='bbox 910 4378 1165 4455; x_wconf 85' lang='lat' dir='ltr'><strong>tempus</strong></span> <span class='ocrx_word' id='word_1_353' title='bbox 1222 4366 1563 4437; x_wconf 81' lang='lat' dir='ltr'><strong>referenda</strong></span> <span class='ocrx_word' id='word_1_354' title='bbox 1618 4377 1788 4437; x_wconf 73' lang='lat' dir='ltr'><strong>sunt.</strong></span> <span class='ocrx_word' id='word_1_355' title='bbox 1871 4367 2076 4435; x_wconf 87' lang='lat' dir='ltr'><strong>Paulo</strong></span> <span class='ocrx_word' id='word_1_356' title='bbox 2135 4366 2386 4454; x_wconf 84' lang='lat' dir='ltr'><strong>plenior</strong></span> 
     </span>
    </p>
   </div>
  </div>
 </body>
</html>
