2917 5017
0 2328 22 2367 Ι»

225 1547 464 1676 Quod
526 1588 596 1652 in
647 1586 956 1652 universo
999 1585 1271 1672 imperio
1313 1585 1606 1652 Romano
1658 1595 1909 1652 veteres
1962 1585 2308 1671 scriptores
2355 1585 2563 1650 solent

223 1694 627 1784 praedicare,
671 1694 754 1760 ab
779 1695 1036 1781 'exiguis
1075 1693 1144 1759 id
1170 1694 1534 1779 profectum
1566 1693 1766 1758 initii·
1800 1693 2111 1780 paulatim
2141 1692 2232 1758 ita
2256 1691 2560 1768 crevisse,

225 1815 305 1870 ut
345 1827 616 1890 magnas
665 1813 866 1868 terras
907 1803 1412 1885 innumerosque
1453 1822 1655 1885 prope
1691 1801 1966 1886 populos
2014 1800 2561 1885 complecteretur,

229 1913 414 1980 idem
465 1911 680 1978 dicere
722 1912 868 1976 licet
917 1911 1000 1976 de
1046 1908 1296 1984 Gallia,
1347 1907 1787 1973 Romanorum
1847 1907 2200 1994 provincia.
2304 1907 2382 1972 In
2435 1927 2566 1991 qua

225 2045 398 2109 quae
442 2031 674 2108 gentes
717 2019 1108 2094 habitabant,
1153 2040 1304 2082 cum
1345 2016 1627 2081 maxima
1669 2039 1859 2102 saepe
1899 2015 2189 2102 pericula
2227 2013 2565 2100 ipsamque

224 2154 432 2219 prope
488 2128 840 2218 perniciem
887 2127 1194 2192 Romanis
1247 2124 1650 2202 attulissent,
1717 2124 2025 2212 paulatim
2092 2124 2181 2189 ita
2240 2119 2565 2188 subiectae

230 2251 418 2317 sunt,
474 2250 550 2303 ut
591 2260 757 2323 quae
801 2236 954 2302 olim
993 2235 1280 2301 accessio
1324 2233 1513 2319 quasi
1565 2233 1884 2319 quaedam
1919 2232 2143 2298 Italiae
2184 2231 2427 2305 fuerat,
2490 2249 2569 2292 ea
2592 2266 2624 2308 -·

229 2372 474 2436 magna
510 2370 664 2434 pars
703 2346 886 2412 fieret
916 2344 1171 2431 imperii
1215 2343 1580 2427 multasque
1624 2342 1693 2407 in
1720 2339 2088 2428 provincias
2115 2338 2326 2404 divisa
2350 2336 2569 2421 ipsum

232 2457 636 2544 reipublicae
697 2455 1025 2522 Romanae
1084 2452 1286 2518 robur
1343 2451 1645 2516 efficeret.
1746 2448 1927 2513 Nulli
1987 2445 2207 2532 populi
2262 2442 2569 2510 Romanis

237 2577 587 2652 antequam
657 2563 1114 2649 subigerentur
1173 2561 1416 2626 maiora
1470 2571 1583 2625 aut
1649 2559 1839 2644 plura
1897 2556 2253 2621 intulerunt
2316 2551 2569 2627 damna,

233 2674 397 2740 nulli
460 2683 804 2760 postquam
863 2670 1240 2735 servitutem
1312 2669 1483 2732 ferre
1554 2666 1952 2742 didicerunt,
2016 2662 2329 2728 firmiores
2400 2656 2571 2722 vires

241 2782 659 2849 addiderunt.
749 2779 876 2844 Est
925 2777 1129 2864 igitur
1184 2798 1417 2862 operae
1473 2775 1753 2862 pretium
1808 2773 1977 2838 hanc
2029 2771 2573 2834 incrementorum

250 2892 556 2956 rationem
598 2886 922 2975 persequi.
1025 2885 1255 2969 Neque
1309 2907 1386 2950 ea
1441 2908 1481 2949 a
1523 2882 1679 2948 viris
1730 2881 1939 2947 doctis
1958 2927 1977 2957 ,
2038 2877 2151 2964 qui
2210 2871 2573 2958 antiquitati

240 3001 570 3067 Romanae
617 2995 982 3071 studerent,
1035 3003 1148 3056 aut
1192 2991 1447 3056 silentio
1490 2989 1945 3075 praetermissa
2000 2994 2113 3049 aut
2160 2982 2387 3047 leviter
2443 2990 2574 3045 tra-

242 3120 412 3177 ctata
436 3119 556 3184 est,
601 3105 714 3191 qui
747 3105 801 3170 si
837 3124 968 3168 non
1005 3099 1214 3186 ipsius
1259 3096 1625 3184 argumenti
1670 3094 1854 3181 copia
1888 3116 1965 3159 ac
2006 3090 2321 3178 grav-itate
2357 3087 2573 3154 allice-

241 3231 488 3294 rentur,
537 3215 694 3302 quia
728 3212 922 3278 hodie
964 3211 1109 3276 illos
1148 3208 1426 3296 populos
1470 3203 1862 3271 humanitate
1902 3224 1979 3268 ac
2024 3199 2309 3286 potentia
2348 3195 2576 3260 florere

253 3327 558 3394 videbant
573 3369 592 3400 ,
650 3320 1106 3396 movebantur,
1175 3329 1249 3382 ut
1291 3337 1456 3402 quae
1511 3335 1736 3379 eorum
1796 3311 1919 3376 sub
1977 3306 2248 3392 imperio
2288 3302 2579 3368 Romano

249 3439 513 3504 fortuna
553 3430 811 3506 fuisset,
863 3447 1257 3512 cognoscere
1301 3432 1631 3508 cuperent.
1707 3420 2150 3486 Veruntamen
2195 3410 2372 3498 quod
2418 3408 2581 3474 solet

247 3544 388 3612 fieri
449 3544 520 3608 in
583 3538 780 3606 rebus
852 3533 1194 3604 cotidianis
1262 3529 1678 3614 omniumque
1738 3523 2027 3612 aspectui
2093 3517 2403 3606 expositis
2422 3563 2439 3593 ‚
2506 3524 2581 3578 ut

256 3664 518 3720 externa
563 3671 786 3715 earum
837 3645 1087 3732 species
1135 3667 1284 3710 cum
1339 3641 1422 3706 sit
1467 3637 1831 3708 notissima,
1886 3653 2113 3697 causas
2170 3627 2581 3707 rationesque

259 3763 368 3848 qui
410 3757 793 3845 diligentius
830 3762 1293 3839 perscrutetur,
1338 3743 1833 3813 obscurissimas
1876 3760 2020 3805 esse
2065 3733 2369 3809 inveniat,
2410 3730 2585 3796 idem

256 3869 536 3938 dixerim
577 3863 874 3930 accidere
901 3861 970 3926 in
1009 3857 1223 3926 Gallia
1255 3853 1607 3944 provincia.
1663 3849 1831 3915 Nam
1874 3845 2033 3932 quid
2077 3842 2353 3908 nobilius
2392 3839 2587 3924 quam

259 3979 604 4048 Gallorum
628 3973 696 4038 in
718 3970 971 4038 Italiam
993 3966 1319 4054 impetus?
1359 3962 1518 4050 quid
1553 3956 1869 4027 celebrius
1903 3975 2097 4040 quam
2128 3973 2279 4016 cum
2314 3947 2589 4014 aliorum

267 4107 650 4177 magnorum
693 4081 1150 4167 imperatorum
1203 4086 1340 4139 tum
1403 4066 1735 4136 dictatoris
1781 4060 2081 4129 Caesaris
2120 4056 2289 4122 bella
2337 4052 2592 4136 Gallica

263 4198 790 4283 reliquorumque
833 4189 1310 4273 imperatorum,
1353 4177 1469 4266 qui
1510 4175 1629 4242 soli
1668 4173 1762 4239 rei
1783 4172 2110 4238 Romanae
2151 4163 2588 4251 praefuerunt,

269 4303 704 4400 expeditiones
749 4298 817 4363 in
861 4292 1278 4364 Germaniam
1321 4283 1700 4372 susceptae?
1790 4277 1925 4345 Sed
1982 4275 2038 4342 si
2078 4293 2371 4360 quaeras,
2415 4264 2592 4352 quod

271 4413 468 4482 fuerit
507 4406 877 4499 provinciae
921 4402 1210 4478 initium,
1271 4393 1533 4484 quando
1570 4415 1647 4457 ea
1679 4391 1750 4453 in
1806 4387 1969 4451 duas
1986 4430 2005 4460 ,
2066 4391 2205 4444 tum
2258 4378 2329 4444 in
2370 4375 2592 4462 plures

2106 4491 2138 4552 1
2156 4489 2193 4524 Ο
