<?xml version="1.0" encoding="UTF-8"?>
<!DOCTYPE html PUBLIC "-//W3C//DTD XHTML 1.0 Transitional//EN"
    "http://www.w3.org/TR/xhtml1/DTD/xhtml1-transitional.dtd">
<html xmlns="http://www.w3.org/1999/xhtml" xml:lang="en" lang="en">
 <head>
  <title>
</title>
<meta http-equiv="Content-Type" content="text/html;charset=utf-8" />
  <meta name='ocr-system' content='tesseract 3.04.00' />
  <meta name='ocr-capabilities' content='ocr_page ocr_carea ocr_par ocr_line ocrx_word'/>
</head>
<body>
  <div class='ocr_page' id='page_1' title='image "augustiwilhelmi01unkngoog_0148.png"; bbox 0 0 2917 5017; ppageno 0'>
   <div class='ocr_carea' id='block_1_1' title="bbox 753 354 2501 430">
    <p class='ocr_par' dir='ltr' id='par_1_1' title="bbox 753 354 2501 430">
     <span class='ocr_line' id='line_1_1' title="bbox 753 354 2501 430; baseline 0.003 -25"><span class='ocrx_word' id='word_1_1' title='bbox 753 423 763 430; x_wconf 41' lang='lat'><strong>·</strong></span> <span class='ocrx_word' id='word_1_2' title='bbox 857 357 940 406; x_wconf 84' lang='lat' dir='ltr'>De</span> <span class='ocrx_word' id='word_1_3' title='bbox 975 355 1150 407; x_wconf 80' lang='lat' dir='ltr'>Gallia</span> <span class='ocrx_word' id='word_1_4' title='bbox 1181 357 1535 407; x_wconf 83' lang='lat' dir='ltr'>Romanorum</span> <span class='ocrx_word' id='word_1_5' title='bbox 1580 356 1857 422; x_wconf 79' lang='lat' dir='ltr'>provincia.</span> <span class='ocrx_word' id='word_1_6' title='bbox 2164 361 2171 367; x_wconf 91' lang='grc'><em>“</em></span> <span class='ocrx_word' id='word_1_7' title='bbox 2380 354 2501 420; x_wconf 85' lang='grc'>133</span> 
     </span>
    </p>
   </div>
   <div class='ocr_carea' id='block_1_2' title="bbox 178 517 2553 3530">
    <p class='ocr_par' dir='ltr' id='par_1_2' title="bbox 178 517 2553 3530">
     <span class='ocr_line' id='line_1_2' title="bbox 187 517 2503 608; baseline -0.002 -17"><span class='ocrx_word' id='word_1_8' title='bbox 187 525 553 591; x_wconf 82' lang='lat' dir='ltr'>Germanos</span> <span class='ocrx_word' id='word_1_9' title='bbox 601 547 730 590; x_wconf 89' lang='lat' dir='ltr'>non</span> <span class='ocrx_word' id='word_1_10' title='bbox 771 520 1214 608; x_wconf 78' lang='lat' dir='ltr'>complectitur</span> <span class='ocrx_word' id='word_1_11' title='bbox 1257 517 1511 585; x_wconf 87' lang='lat' dir='ltr'>Galliae</span> <span class='ocrx_word' id='word_1_12' title='bbox 1556 543 1820 595; x_wconf 89' lang='lat' dir='ltr'>nomen,</span> <span class='ocrx_word' id='word_1_13' title='bbox 1881 519 1963 584; x_wconf 90' lang='lat' dir='ltr'>de</span> <span class='ocrx_word' id='word_1_14' title='bbox 2015 520 2255 606; x_wconf 87' lang='lat' dir='ltr'>quibus</span> <span class='ocrx_word' id='word_1_15' title='bbox 2302 521 2503 586; x_wconf 89' lang='lat' dir='ltr'>simil-</span> 
     </span>
     <span class='ocr_line' id='line_1_3' title="bbox 185 626 2504 715; baseline -0.001 -16"><span class='ocrx_word' id='word_1_16' title='bbox 185 635 334 700; x_wconf 85' lang='lat' dir='ltr'><strong>lime</strong></span> <span class='ocrx_word' id='word_1_17' title='bbox 377 635 638 698; x_wconf 86' lang='lat' dir='ltr'>omnino</span> <span class='ocrx_word' id='word_1_18' title='bbox 673 633 1080 698; x_wconf 81' lang='lat' dir='ltr'><strong>Ptolemaeus</strong></span> <span class='ocrx_word' id='word_1_19' title='bbox 1119 629 1337 694; x_wconf 88' lang='lat' dir='ltr'>statuit</span> <span class='ocrx_word' id='word_1_20' title='bbox 1371 651 1448 694; x_wconf 90' lang='lat' dir='ltr'>ac</span> <span class='ocrx_word' id='word_1_21' title='bbox 1485 629 1617 692; x_wconf 90' lang='lat' dir='ltr'>Dio</span> <span class='ocrx_word' id='word_1_22' title='bbox 1645 626 1914 694; x_wconf 78' lang='lat' dir='ltr'>Cassius</span> <span class='ocrx_word' id='word_1_23' title='bbox 1944 627 2133 706; x_wconf 90' lang='lat' dir='ltr'>LIII,</span> <span class='ocrx_word' id='word_1_24' title='bbox 2179 629 2273 708; x_wconf 83' lang='lat'>12,</span> <span class='ocrx_word' id='word_1_25' title='bbox 2312 653 2504 715; x_wconf 91' lang='lat' dir='ltr'>quem</span> 
     </span>
     <span class='ocr_line' id='line_1_4' title="bbox 182 734 2503 829; baseline -0.002 -22"><span class='ocrx_word' id='word_1_26' title='bbox 182 745 402 807; x_wconf 90' lang='lat' dir='ltr'>locum</span> <span class='ocrx_word' id='word_1_27' title='bbox 448 765 643 829; x_wconf 90' lang='lat' dir='ltr'>supra</span> <span class='ocrx_word' id='word_1_28' title='bbox 686 740 1055 816; x_wconf 78' lang='lat' dir='ltr'>citavimus,</span> <span class='ocrx_word' id='word_1_29' title='bbox 1114 738 1223 823; x_wconf 89' lang='lat' dir='ltr'>qui</span> <span class='ocrx_word' id='word_1_30' title='bbox 1265 737 1675 822; x_wconf 86' lang='lat' dir='ltr'>distinguens</span> <span class='ocrx_word' id='word_1_31' title='bbox 1730 734 2089 802; x_wconf 84' lang='lat' dir='ltr'>Germanos</span> <span class='ocrx_word' id='word_1_32' title='bbox 2134 734 2503 803; x_wconf 86' lang='lat' dir='ltr'>Gallorum-</span> 
     </span>
     <span class='ocr_line' id='line_1_5' title="bbox 185 844 2503 933; baseline -0 -21"><span class='ocrx_word' id='word_1_33' title='bbox 185 875 308 926; x_wconf 85' lang='lat' dir='ltr'>que</span> <span class='ocrx_word' id='word_1_34' title='bbox 367 853 556 928; x_wconf 88' lang='lat' dir='ltr'>quasi</span> <span class='ocrx_word' id='word_1_35' title='bbox 607 852 866 916; x_wconf 86' lang='lat' dir='ltr'>colonos</span> <span class='ocrx_word' id='word_1_36' title='bbox 911 847 1223 933; x_wconf 89' lang='lat' dir='ltr'>quosdam</span> <span class='ocrx_word' id='word_1_37' title='bbox 1267 845 1595 931; x_wconf 85' lang='lat' dir='ltr'>appellans</span> <span class='ocrx_word' id='word_1_38' title='bbox 1642 844 1891 910; x_wconf 89' lang='lat' dir='ltr'>Galliae</span> <span class='ocrx_word' id='word_1_39' title='bbox 1933 855 2146 911; x_wconf 89' lang='lat' dir='ltr'>tamen</span> <span class='ocrx_word' id='word_1_40' title='bbox 2186 846 2503 932; x_wconf 84' lang='lat' dir='ltr'>adiungit.</span> 
     </span>
     <span class='ocr_line' id='line_1_6' title="bbox 191 951 2503 1040; baseline 0.003 -26"><span class='ocrx_word' id='word_1_41' title='bbox 191 951 498 1035; x_wconf 90' lang='lat' dir='ltr'>Denique</span> <span class='ocrx_word' id='word_1_42' title='bbox 549 959 722 1020; x_wconf 88' lang='lat' dir='ltr'>unde</span> <span class='ocrx_word' id='word_1_43' title='bbox 781 958 1036 1023; x_wconf 87' lang='lat' dir='ltr'>tandem</span> <span class='ocrx_word' id='word_1_44' title='bbox 1091 965 1372 1030; x_wconf 89' lang='lat' dir='ltr'>constat,</span> <span class='ocrx_word' id='word_1_45' title='bbox 1440 953 1567 1017; x_wconf 89' lang='lat' dir='ltr'>nisi</span> <span class='ocrx_word' id='word_1_46' title='bbox 1623 976 1789 1037; x_wconf 88' lang='lat' dir='ltr'>quae</span> <span class='ocrx_word' id='word_1_47' title='bbox 1846 977 2035 1018; x_wconf 90' lang='lat' dir='ltr'>suum</span> <span class='ocrx_word' id='word_1_48' title='bbox 2090 965 2284 1040; x_wconf 89' lang='lat' dir='ltr'>caput</span> <span class='ocrx_word' id='word_1_49' title='bbox 2330 956 2503 1040; x_wconf 84' lang='lat' dir='ltr'>apud</span> 
     </span>
     <span class='ocr_line' id='line_1_7' title="bbox 181 1059 2502 1147; baseline 0.003 -25"><span class='ocrx_word' id='word_1_50' title='bbox 181 1061 629 1126; x_wconf 84' lang='lat' dir='ltr'><strong>Ptolemaeum</strong></span> <span class='ocrx_word' id='word_1_51' title='bbox 671 1062 1016 1147; x_wconf 87' lang='lat' dir='ltr'>compleat,</span> <span class='ocrx_word' id='word_1_52' title='bbox 1057 1084 1184 1125; x_wconf 91' lang='lat' dir='ltr'>non</span> <span class='ocrx_word' id='word_1_53' title='bbox 1223 1084 1364 1126; x_wconf 91' lang='lat' dir='ltr'>esse</span> <span class='ocrx_word' id='word_1_54' title='bbox 1401 1061 1845 1147; x_wconf 83' lang='lat' dir='ltr'>provinciam?</span> <span class='ocrx_word' id='word_1_55' title='bbox 1908 1061 2075 1126; x_wconf 90' lang='lat' dir='ltr'>Nam</span> <span class='ocrx_word' id='word_1_56' title='bbox 2114 1073 2188 1125; x_wconf 91' lang='lat' dir='ltr'>ut</span> <span class='ocrx_word' id='word_1_57' title='bbox 2214 1059 2502 1128; x_wconf 82' lang='lat' dir='ltr'>Orientis</span> 
     </span>
     <span class='ocr_line' id='line_1_8' title="bbox 181 1168 2504 1258; baseline 0.003 -27"><span class='ocrx_word' id='word_1_58' title='bbox 181 1169 588 1253; x_wconf 86' lang='lat' dir='ltr'>provincias,</span> <span class='ocrx_word' id='word_1_59' title='bbox 651 1191 922 1254; x_wconf 84' lang='lat' dir='ltr'>quarum</span> <span class='ocrx_word' id='word_1_60' title='bbox 975 1168 1136 1232; x_wconf 86' lang='lat' dir='ltr'>ratio</span> <span class='ocrx_word' id='word_1_61' title='bbox 1194 1169 1548 1234; x_wconf 80' lang='lat' dir='ltr'>certissime</span> <span class='ocrx_word' id='word_1_62' title='bbox 1602 1170 1775 1233; x_wconf 85' lang='lat' dir='ltr'>illam</span> <span class='ocrx_word' id='word_1_63' title='bbox 1818 1192 2107 1234; x_wconf 90' lang='lat' dir='ltr'>normam</span> <span class='ocrx_word' id='word_1_64' title='bbox 2152 1171 2504 1258; x_wconf 84' lang='lat' dir='ltr'>redarguit,</span> 
     </span>
     <span class='ocr_line' id='line_1_9' title="bbox 179 1276 2503 1364; baseline 0.003 -24"><span class='ocrx_word' id='word_1_65' title='bbox 179 1277 302 1341; x_wconf 91' lang='lat' dir='ltr'>hoc</span> <span class='ocrx_word' id='word_1_66' title='bbox 347 1277 500 1342; x_wconf 90' lang='lat' dir='ltr'>loco</span> <span class='ocrx_word' id='word_1_67' title='bbox 541 1277 1074 1364; x_wconf 82' lang='lat' dir='ltr'>praetermittam,</span> <span class='ocrx_word' id='word_1_68' title='bbox 1127 1299 1249 1342; x_wconf 91' lang='lat' dir='ltr'>nec</span> <span class='ocrx_word' id='word_1_69' title='bbox 1289 1276 1599 1340; x_wconf 85' lang='lat' dir='ltr'>Numidia</span> <span class='ocrx_word' id='word_1_70' title='bbox 1642 1299 1762 1342; x_wconf 90' lang='lat' dir='ltr'>nec</span> <span class='ocrx_word' id='word_1_71' title='bbox 1806 1278 2105 1356; x_wconf 90' lang='lat' dir='ltr'>Asturia,</span> <span class='ocrx_word' id='word_1_72' title='bbox 2158 1302 2320 1364; x_wconf 93' lang='lat' dir='ltr'>quas</span> <span class='ocrx_word' id='word_1_73' title='bbox 2368 1281 2503 1346; x_wconf 90' lang='lat' dir='ltr'>suis</span> 
     </span>
     <span class='ocr_line' id='line_1_10' title="bbox 179 1384 2504 1472; baseline 0.002 -24"><span class='ocrx_word' id='word_1_74' title='bbox 179 1397 398 1450; x_wconf 84' lang='lat' dir='ltr'>tamen</span> <span class='ocrx_word' id='word_1_75' title='bbox 443 1385 848 1471; x_wconf 90' lang='lat' dir='ltr'>praesidibus</span> <span class='ocrx_word' id='word_1_76' title='bbox 893 1385 1185 1472; x_wconf 88' lang='lat' dir='ltr'>paruisse</span> <span class='ocrx_word' id='word_1_77' title='bbox 1215 1385 1386 1448; x_wconf 85' lang='lat' dir='ltr'>infra</span> <span class='ocrx_word' id='word_1_78' title='bbox 1419 1384 2020 1462; x_wconf 86' lang='lat' dir='ltr'>demonstrabimus,</span> <span class='ocrx_word' id='word_1_79' title='bbox 2067 1387 2504 1472; x_wconf 82' lang='lat' dir='ltr'>peculiaribus</span> 
     </span>
     <span class='ocr_line' id='line_1_11' title="bbox 181 1481 2505 1578; baseline 0.001 -20"><span class='ocrx_word' id='word_1_80' title='bbox 181 1493 514 1578; x_wconf 85' lang='lat' dir='ltr'>capitibus</span> <span class='ocrx_word' id='word_1_81' title='bbox 557 1519 594 1560; x_wconf 97' lang='lat' dir='ltr'>a</span> <span class='ocrx_word' id='word_1_82' title='bbox 628 1494 994 1560; x_wconf 84' lang='lat' dir='ltr'>Ptolemaeo</span> <span class='ocrx_word' id='word_1_83' title='bbox 1035 1495 1422 1570; x_wconf 88' lang='lat' dir='ltr'>illustratur,</span> <span class='ocrx_word' id='word_1_84' title='bbox 1492 1494 1606 1558; x_wconf 91' lang='lat' dir='ltr'>sed</span> <span class='ocrx_word' id='word_1_85' title='bbox 1650 1481 1763 1558; x_wconf 87' lang='lat' dir='ltr'>illa</span> <span class='ocrx_word' id='word_1_86' title='bbox 1804 1495 2099 1572; x_wconf 86' lang='lat' dir='ltr'>Africae,</span> <span class='ocrx_word' id='word_1_87' title='bbox 2146 1495 2305 1561; x_wconf 86' lang='lat' dir='ltr'>haec</span> <span class='ocrx_word' id='word_1_88' title='bbox 2341 1496 2505 1562; x_wconf 88' lang='lat' dir='ltr'>Tar·</span> 
     </span>
     <span class='ocr_line' id='line_1_12' title="bbox 181 1595 2553 1688; baseline 0.003 -22"><span class='ocrx_word' id='word_1_89' title='bbox 181 1603 524 1668; x_wconf 89' lang='lat' dir='ltr'>raconensi</span> <span class='ocrx_word' id='word_1_90' title='bbox 562 1602 913 1688; x_wconf 86' lang='lat' dir='ltr'>Hispaniae</span> <span class='ocrx_word' id='word_1_91' title='bbox 955 1600 1350 1687; x_wconf 84' lang='lat' dir='ltr'>adiungitur.</span> <span class='ocrx_word' id='word_1_92' title='bbox 1425 1601 1720 1686; x_wconf 86' lang='lat' dir='ltr'>Reliqua,</span> <span class='ocrx_word' id='word_1_93' title='bbox 1758 1603 1997 1686; x_wconf 90' lang='lat' dir='ltr'>quibus</span> <span class='ocrx_word' id='word_1_94' title='bbox 2034 1603 2504 1672; x_wconf 90' lang='lat' dir='ltr'>Mommsenius</span> <span class='ocrx_word' id='word_1_95' title='bbox 2548 1595 2553 1602; x_wconf 43' lang='lat'>¹</span> 
     </span>
     <span class='ocr_line' id='line_1_13' title="bbox 183 1709 2505 1796; baseline 0.003 -24"><span class='ocrx_word' id='word_1_96' title='bbox 183 1711 426 1776; x_wconf 87' lang='lat' dir='ltr'>nullam</span> <span class='ocrx_word' id='word_1_97' title='bbox 465 1710 884 1796; x_wconf 88' lang='lat' dir='ltr'>provinciam,</span> <span class='ocrx_word' id='word_1_98' title='bbox 927 1733 1091 1795; x_wconf 89' lang='lat' dir='ltr'>quae</span> <span class='ocrx_word' id='word_1_99' title='bbox 1115 1710 1374 1795; x_wconf 89' lang='lat' dir='ltr'>proprie</span> <span class='ocrx_word' id='word_1_100' title='bbox 1407 1709 1537 1774; x_wconf 88' lang='lat' dir='ltr'>dici</span> <span class='ocrx_word' id='word_1_101' title='bbox 1565 1720 1801 1796; x_wconf 91' lang='lat' dir='ltr'>posset,</span> <span class='ocrx_word' id='word_1_102' title='bbox 1847 1709 2259 1778; x_wconf 87' lang='lat' dir='ltr'>Germaniam</span> <span class='ocrx_word' id='word_1_103' title='bbox 2300 1713 2505 1778; x_wconf 87' lang='lat' dir='ltr'>fuisse</span> 
     </span>
     <span class='ocr_line' id='line_1_14' title="bbox 191 1818 2503 1903; baseline 0.002 -22"><span class='ocrx_word' id='word_1_104' title='bbox 191 1819 684 1896; x_wconf 87' lang='lat' dir='ltr'>demonstrabat,</span> <span class='ocrx_word' id='word_1_105' title='bbox 735 1827 884 1883; x_wconf 90' lang='lat' dir='ltr'>sunt</span> <span class='ocrx_word' id='word_1_106' title='bbox 929 1841 1080 1883; x_wconf 88' lang='lat' dir='ltr'>sane</span> <span class='ocrx_word' id='word_1_107' title='bbox 1121 1818 1384 1882; x_wconf 87' lang='lat' dir='ltr'>leviora.</span> <span class='ocrx_word' id='word_1_108' title='bbox 1457 1818 1622 1883; x_wconf 88' lang='lat' dir='ltr'>Nam</span> <span class='ocrx_word' id='word_1_109' title='bbox 1661 1820 1839 1903; x_wconf 91' lang='lat' dir='ltr'>quod</span> <span class='ocrx_word' id='word_1_110' title='bbox 1865 1819 2131 1884; x_wconf 87' lang='lat' dir='ltr'>Tacitus</span> <span class='ocrx_word' id='word_1_111' title='bbox 2172 1820 2321 1884; x_wconf 91' lang='lat' dir='ltr'>hist.</span> <span class='ocrx_word' id='word_1_112' title='bbox 2347 1821 2400 1898; x_wconf 95' lang='lat' dir='ltr'>I,</span> <span class='ocrx_word' id='word_1_113' title='bbox 2444 1821 2503 1898; x_wconf 89' lang='grc'>8,</span> 
     </span>
     <span class='ocr_line' id='line_1_15' title="bbox 187 1925 2503 2014; baseline 0.001 -24"><span class='ocrx_word' id='word_1_114' title='bbox 187 1927 290 1991; x_wconf 88' lang='lat' dir='ltr'>ubi</span> <span class='ocrx_word' id='word_1_115' title='bbox 352 1938 568 1992; x_wconf 92' lang='lat' dir='ltr'>totum</span> <span class='ocrx_word' id='word_1_116' title='bbox 627 1927 968 2014; x_wconf 90' lang='lat' dir='ltr'>imperium</span> <span class='ocrx_word' id='word_1_117' title='bbox 1023 1927 1211 2011; x_wconf 92' lang='lat' dir='ltr'>quale</span> <span class='ocrx_word' id='word_1_118' title='bbox 1267 1925 1450 1990; x_wconf 90' lang='lat' dir='ltr'>initio</span> <span class='ocrx_word' id='word_1_119' title='bbox 1510 1927 1659 1991; x_wconf 92' lang='lat' dir='ltr'>belli</span> <span class='ocrx_word' id='word_1_120' title='bbox 1708 1927 1916 1992; x_wconf 88' lang='lat' dir='ltr'>civilis</span> <span class='ocrx_word' id='word_1_121' title='bbox 1958 1928 2155 1992; x_wconf 86' lang='lat' dir='ltr'>fuerit</span> <span class='ocrx_word' id='word_1_122' title='bbox 2192 1939 2503 2005; x_wconf 88' lang='lat' dir='ltr'>recenset,</span> 
     </span>
     <span class='ocr_line' id='line_1_16' title="bbox 181 2033 2504 2120; baseline 0 -21"><span class='ocrx_word' id='word_1_123' title='bbox 181 2035 508 2102; x_wconf 84' lang='lat' dir='ltr'>exercitus</span> <span class='ocrx_word' id='word_1_124' title='bbox 555 2046 802 2100; x_wconf 87' lang='lat' dir='ltr'>tantum</span> <span class='ocrx_word' id='word_1_125' title='bbox 846 2035 1289 2110; x_wconf 88' lang='lat' dir='ltr'>Germanicos,</span> <span class='ocrx_word' id='word_1_126' title='bbox 1335 2055 1461 2098; x_wconf 91' lang='lat' dir='ltr'>non</span> <span class='ocrx_word' id='word_1_127' title='bbox 1503 2035 1870 2120; x_wconf 87' lang='lat' dir='ltr'>provincias</span> <span class='ocrx_word' id='word_1_128' title='bbox 1905 2033 2289 2102; x_wconf 85' lang='lat' dir='ltr'>Germanias</span> <span class='ocrx_word' id='word_1_129' title='bbox 2330 2059 2504 2102; x_wconf 92' lang='lat' dir='ltr'>com-</span> 
     </span>
     <span class='ocr_line' id='line_1_17' title="bbox 181 2142 2505 2228; baseline 0.001 -21"><span class='ocrx_word' id='word_1_130' title='bbox 181 2155 516 2223; x_wconf 87' lang='lat' dir='ltr'>memorat,</span> <span class='ocrx_word' id='word_1_131' title='bbox 561 2145 715 2209; x_wconf 86' lang='lat' dir='ltr'>facit</span> <span class='ocrx_word' id='word_1_132' title='bbox 757 2142 937 2220; x_wconf 90' lang='lat' dir='ltr'>ideo,</span> <span class='ocrx_word' id='word_1_133' title='bbox 983 2143 1161 2228; x_wconf 91' lang='lat' dir='ltr'>quod</span> <span class='ocrx_word' id='word_1_134' title='bbox 1201 2143 1405 2207; x_wconf 92' lang='lat' dir='ltr'>omnis</span> <span class='ocrx_word' id='word_1_135' title='bbox 1445 2143 1731 2228; x_wconf 88' lang='lat' dir='ltr'>potentia</span> <span class='ocrx_word' id='word_1_136' title='bbox 1772 2144 1893 2208; x_wconf 88' lang='lat' dir='ltr'>sita</span> <span class='ocrx_word' id='word_1_137' title='bbox 1930 2154 2064 2209; x_wconf 87' lang='lat' dir='ltr'>erat</span> <span class='ocrx_word' id='word_1_138' title='bbox 2106 2144 2175 2208; x_wconf 91' lang='lat' dir='ltr'>in</span> <span class='ocrx_word' id='word_1_139' title='bbox 2218 2145 2505 2210; x_wconf 87' lang='lat' dir='ltr'>exercitu</span> 
     </span>
     <span class='ocr_line' id='line_1_18' title="bbox 178 2251 2503 2338; baseline 0 -22"><span class='ocrx_word' id='word_1_140' title='bbox 178 2275 256 2317; x_wconf 90' lang='lat' dir='ltr'>ac</span> <span class='ocrx_word' id='word_1_141' title='bbox 296 2253 692 2338; x_wconf 87' lang='lat' dir='ltr'>legionibus,</span> <span class='ocrx_word' id='word_1_142' title='bbox 743 2251 920 2316; x_wconf 89' lang='lat' dir='ltr'>nulla</span> <span class='ocrx_word' id='word_1_143' title='bbox 959 2252 1028 2316; x_wconf 92' lang='lat' dir='ltr'>in</span> <span class='ocrx_word' id='word_1_144' title='bbox 1068 2251 1328 2337; x_wconf 90' lang='lat' dir='ltr'>populis</span> <span class='ocrx_word' id='word_1_145' title='bbox 1369 2251 1566 2338; x_wconf 87' lang='lat' dir='ltr'>ipsis,</span> <span class='ocrx_word' id='word_1_146' title='bbox 1616 2251 1787 2337; x_wconf 92' lang='lat' dir='ltr'>apud</span> <span class='ocrx_word' id='word_1_147' title='bbox 1825 2274 1987 2337; x_wconf 89' lang='lat' dir='ltr'>quos</span> <span class='ocrx_word' id='word_1_148' title='bbox 2031 2252 2319 2338; x_wconf 84' lang='lat' dir='ltr'>legiones</span> <span class='ocrx_word' id='word_1_149' title='bbox 2358 2275 2503 2318; x_wconf 82' lang='lat' dir='ltr'>ver-</span> 
     </span>
     <span class='ocr_line' id='line_1_19' title="bbox 182 2359 2505 2446; baseline 0 -21"><span class='ocrx_word' id='word_1_150' title='bbox 182 2360 516 2438; x_wconf 89' lang='lat' dir='ltr'>sabantur,</span> <span class='ocrx_word' id='word_1_151' title='bbox 561 2383 637 2426; x_wconf 90' lang='lat' dir='ltr'>ac</span> <span class='ocrx_word' id='word_1_152' title='bbox 676 2361 982 2426; x_wconf 87' lang='lat' dir='ltr'>fallantur</span> <span class='ocrx_word' id='word_1_153' title='bbox 1018 2371 1209 2436; x_wconf 89' lang='lat' dir='ltr'>certe,</span> <span class='ocrx_word' id='word_1_154' title='bbox 1255 2361 1385 2443; x_wconf 91' lang='lat' dir='ltr'>qui,</span> <span class='ocrx_word' id='word_1_155' title='bbox 1426 2360 1603 2444; x_wconf 91' lang='lat' dir='ltr'>quod</span> <span class='ocrx_word' id='word_1_156' title='bbox 1644 2359 1736 2424; x_wconf 94' lang='lat' dir='ltr'>ibi</span> <span class='ocrx_word' id='word_1_157' title='bbox 1766 2383 1896 2424; x_wconf 89' lang='lat' dir='ltr'>una</span> <span class='ocrx_word' id='word_1_158' title='bbox 1921 2359 2258 2446; x_wconf 87' lang='lat' dir='ltr'>Hispania,</span> <span class='ocrx_word' id='word_1_159' title='bbox 2303 2383 2505 2426; x_wconf 90' lang='lat' dir='ltr'>unum</span> 
     </span>
     <span class='ocr_line' id='line_1_20' title="bbox 179 2469 2505 2555; baseline 0 -22"><span class='ocrx_word' id='word_1_160' title='bbox 179 2469 542 2553; x_wconf 84' lang='lat' dir='ltr'>Illyricum,</span> <span class='ocrx_word' id='word_1_161' title='bbox 590 2469 722 2532; x_wconf 88' lang='lat' dir='ltr'>duo</span> <span class='ocrx_word' id='word_1_162' title='bbox 765 2469 834 2532; x_wconf 90' lang='lat' dir='ltr'>in</span> <span class='ocrx_word' id='word_1_163' title='bbox 873 2469 1034 2533; x_wconf 89' lang='lat' dir='ltr'>Asia</span> <span class='ocrx_word' id='word_1_164' title='bbox 1078 2469 1398 2535; x_wconf 85' lang='lat' dir='ltr'>exercitus</span> <span class='ocrx_word' id='word_1_165' title='bbox 1444 2470 1873 2546; x_wconf 87' lang='lat' dir='ltr'>nominantur,</span> <span class='ocrx_word' id='word_1_166' title='bbox 1922 2469 2133 2533; x_wconf 88' lang='lat' dir='ltr'>nullas</span> <span class='ocrx_word' id='word_1_167' title='bbox 2175 2479 2505 2555; x_wconf 88' lang='lat' dir='ltr'>praeterea</span> 
     </span>
     <span class='ocr_line' id='line_1_21' title="bbox 183 2577 2503 2662; baseline 0.001 -22"><span class='ocrx_word' id='word_1_168' title='bbox 183 2577 552 2662; x_wconf 86' lang='lat' dir='ltr'>provincias</span> <span class='ocrx_word' id='word_1_169' title='bbox 591 2578 794 2642; x_wconf 87' lang='lat' dir='ltr'>fuisse</span> <span class='ocrx_word' id='word_1_170' title='bbox 837 2577 1158 2662; x_wconf 87' lang='lat' dir='ltr'>colligant.</span> <span class='ocrx_word' id='word_1_171' title='bbox 1231 2577 1510 2656; x_wconf 90' lang='lat' dir='ltr'>Deinde,</span> <span class='ocrx_word' id='word_1_172' title='bbox 1554 2580 1675 2644; x_wconf 91' lang='lat' dir='ltr'>etsi</span> <span class='ocrx_word' id='word_1_173' title='bbox 1710 2579 1777 2642; x_wconf 91' lang='lat' dir='ltr'>in</span> <span class='ocrx_word' id='word_1_174' title='bbox 1818 2577 2037 2643; x_wconf 89' lang='lat' dir='ltr'>multis</span> <span class='ocrx_word' id='word_1_175' title='bbox 2075 2579 2503 2643; x_wconf 87' lang='lat' dir='ltr'>monumentis</span> 
     </span>
     <span class='ocr_line' id='line_1_22' title="bbox 186 2681 2502 2773; baseline 0.001 -25"><span class='ocrx_word' id='word_1_176' title='bbox 186 2696 246 2748; x_wconf 92' lang='lat' dir='ltr'>et</span> <span class='ocrx_word' id='word_1_177' title='bbox 291 2709 328 2749; x_wconf 90' lang='lat' dir='ltr'>a</span> <span class='ocrx_word' id='word_1_178' title='bbox 377 2685 600 2750; x_wconf 89' lang='lat' dir='ltr'>multis</span> <span class='ocrx_word' id='word_1_179' title='bbox 649 2683 1068 2772; x_wconf 86' lang='lat' dir='ltr'>scriptoribus</span> <span class='ocrx_word' id='word_1_180' title='bbox 1115 2681 1503 2751; x_wconf 86' lang='lat' dir='ltr'>Germaniae</span> <span class='ocrx_word' id='word_1_181' title='bbox 1552 2709 1742 2773; x_wconf 85' lang='lat' dir='ltr'>saepe</span> <span class='ocrx_word' id='word_1_182' title='bbox 1792 2686 2195 2773; x_wconf 88' lang='lat' dir='ltr'>appellentur</span> <span class='ocrx_word' id='word_1_183' title='bbox 2238 2687 2502 2773; x_wconf 84' lang='lat' dir='ltr'>provin-</span> 
     </span>
     <span class='ocr_line' id='line_1_23' title="bbox 191 2793 2501 2881; baseline 0.002 -25"><span class='ocrx_word' id='word_1_184' title='bbox 191 2793 314 2858; x_wconf 85' lang='lat' dir='ltr'>ciae</span> <span class='ocrx_word' id='word_1_185' title='bbox 331 2841 350 2869; x_wconf 93' lang='lat'>,</span> <span class='ocrx_word' id='word_1_186' title='bbox 403 2794 646 2858; x_wconf 88' lang='lat' dir='ltr'>nullam</span> <span class='ocrx_word' id='word_1_187' title='bbox 689 2803 900 2858; x_wconf 86' lang='lat' dir='ltr'>tamen</span> <span class='ocrx_word' id='word_1_188' title='bbox 939 2815 1082 2858; x_wconf 86' lang='lat' dir='ltr'>esse</span> <span class='ocrx_word' id='word_1_189' title='bbox 1127 2793 1216 2858; x_wconf 91' lang='lat' dir='ltr'>ait</span> <span class='ocrx_word' id='word_1_190' title='bbox 1256 2794 1688 2879; x_wconf 82' lang='lat' dir='ltr'>provinciam,</span> <span class='ocrx_word' id='word_1_191' title='bbox 1734 2795 1840 2860; x_wconf 90' lang='lat' dir='ltr'>cui</span> <span class='ocrx_word' id='word_1_192' title='bbox 1882 2805 2010 2858; x_wconf 91' lang='lat' dir='ltr'>tam</span> <span class='ocrx_word' id='word_1_193' title='bbox 2046 2815 2191 2859; x_wconf 89' lang='lat' dir='ltr'>raro</span> <span class='ocrx_word' id='word_1_194' title='bbox 2233 2796 2501 2881; x_wconf 86' lang='lat' dir='ltr'>provin-</span> 
     </span>
     <span class='ocr_line' id='line_1_24' title="bbox 198 2899 2497 2987; baseline 0.002 -23"><span class='ocrx_word' id='word_1_195' title='bbox 198 2901 314 2966; x_wconf 85' lang='lat' dir='ltr'>ciae</span> <span class='ocrx_word' id='word_1_196' title='bbox 380 2924 618 2966; x_wconf 90' lang='lat' dir='ltr'>nomen</span> <span class='ocrx_word' id='word_1_197' title='bbox 671 2901 949 2966; x_wconf 90' lang='lat' dir='ltr'>addatur</span> <span class='ocrx_word' id='word_1_198' title='bbox 1005 2925 1194 2987; x_wconf 88' lang='lat' dir='ltr'>quam</span> <span class='ocrx_word' id='word_1_199' title='bbox 1237 2899 1625 2968; x_wconf 85' lang='lat' dir='ltr'>Germaniis.</span> <span class='ocrx_word' id='word_1_200' title='bbox 1722 2903 1802 2966; x_wconf 91' lang='lat' dir='ltr'>In</span> <span class='ocrx_word' id='word_1_201' title='bbox 1858 2925 1987 2986; x_wconf 92' lang='lat' dir='ltr'>quo</span> <span class='ocrx_word' id='word_1_202' title='bbox 2033 2903 2297 2968; x_wconf 88' lang='lat' dir='ltr'>moleste</span> <span class='ocrx_word' id='word_1_203' title='bbox 2344 2925 2497 2968; x_wconf 89' lang='lat' dir='ltr'>sane</span> 
     </span>
     <span class='ocr_line' id='line_1_25' title="bbox 189 3009 2501 3096; baseline 0 -22"><span class='ocrx_word' id='word_1_204' title='bbox 189 3011 340 3087; x_wconf 86' lang='lat' dir='ltr'>fero,</span> <span class='ocrx_word' id='word_1_205' title='bbox 388 3031 647 3074; x_wconf 88' lang='lat' dir='ltr'>omnem</span> <span class='ocrx_word' id='word_1_206' title='bbox 687 3011 999 3076; x_wconf 89' lang='lat' dir='ltr'>rationem</span> <span class='ocrx_word' id='word_1_207' title='bbox 1044 3011 1128 3074; x_wconf 90' lang='lat' dir='ltr'>ad</span> <span class='ocrx_word' id='word_1_208' title='bbox 1171 3033 1514 3076; x_wconf 88' lang='lat' dir='ltr'>numerum</span> <span class='ocrx_word' id='word_1_209' title='bbox 1555 3011 1859 3076; x_wconf 82' lang='lat' dir='ltr'>revocari.</span> <span class='ocrx_word' id='word_1_210' title='bbox 1926 3009 2091 3076; x_wconf 86' lang='lat' dir='ltr'>Nam</span> <span class='ocrx_word' id='word_1_211' title='bbox 2140 3011 2194 3075; x_wconf 89' lang='lat' dir='ltr'>si</span> <span class='ocrx_word' id='word_1_212' title='bbox 2242 3009 2344 3076; x_wconf 86' lang='lat' dir='ltr'>bis</span> <span class='ocrx_word' id='word_1_213' title='bbox 2388 3033 2501 3096; x_wconf 87' lang='lat' dir='ltr'>ap-</span> 
     </span>
     <span class='ocr_line' id='line_1_26' title="bbox 186 3118 2503 3205; baseline 0 -23"><span class='ocrx_word' id='word_1_214' title='bbox 186 3119 508 3204; x_wconf 89' lang='lat' dir='ltr'>pellentur</span> <span class='ocrx_word' id='word_1_215' title='bbox 547 3119 914 3204; x_wconf 87' lang='lat' dir='ltr'>provinciae</span> <span class='ocrx_word' id='word_1_216' title='bbox 933 3165 950 3194; x_wconf 94' lang='lat'>,</span> <span class='ocrx_word' id='word_1_217' title='bbox 1012 3130 1239 3203; x_wconf 90' lang='lat' dir='ltr'>quater</span> <span class='ocrx_word' id='word_1_218' title='bbox 1277 3141 1407 3184; x_wconf 91' lang='lat' dir='ltr'>non</span> <span class='ocrx_word' id='word_1_219' title='bbox 1451 3118 1882 3205; x_wconf 88' lang='lat' dir='ltr'>appellentur,</span> <span class='ocrx_word' id='word_1_220' title='bbox 1944 3118 2101 3203; x_wconf 89' lang='lat' dir='ltr'>quid</span> <span class='ocrx_word' id='word_1_221' title='bbox 2146 3118 2503 3184; x_wconf 80' lang='lat' dir='ltr'>efficiatur?</span> 
     </span>
     <span class='ocr_line' id='line_1_27' title="bbox 184 3227 2504 3313; baseline 0 -23"><span class='ocrx_word' id='word_1_222' title='bbox 184 3227 356 3291; x_wconf 86' lang='lat' dir='ltr'>Nihil</span> <span class='ocrx_word' id='word_1_223' title='bbox 415 3227 632 3292; x_wconf 90' lang='lat' dir='ltr'>hercle</span> <span class='ocrx_word' id='word_1_224' title='bbox 675 3227 801 3292; x_wconf 89' lang='lat' dir='ltr'>nisi</span> <span class='ocrx_word' id='word_1_225' title='bbox 841 3249 1070 3312; x_wconf 90' lang='lat' dir='ltr'>parum</span> <span class='ocrx_word' id='word_1_226' title='bbox 1113 3237 1505 3296; x_wconf 88' lang='lat' dir='ltr'>constantem</span> <span class='ocrx_word' id='word_1_227' title='bbox 1544 3252 1737 3294; x_wconf 88' lang='lat' dir='ltr'>usum</span> <span class='ocrx_word' id='word_1_228' title='bbox 1781 3228 2018 3305; x_wconf 85' lang='lat' dir='ltr'>fuisse,</span> <span class='ocrx_word' id='word_1_229' title='bbox 2075 3227 2397 3313; x_wconf 88' lang='lat' dir='ltr'>siquidem</span> <span class='ocrx_word' id='word_1_230' title='bbox 2441 3238 2504 3293; x_wconf 92' lang='lat' dir='ltr'>et</span> 
     </span>
     <span class='ocr_line' id='line_1_28' title="bbox 185 3335 2503 3423; baseline 0.002 -25"><span class='ocrx_word' id='word_1_231' title='bbox 185 3357 338 3400; x_wconf 86' lang='lat' dir='ltr'>casu</span> <span class='ocrx_word' id='word_1_232' title='bbox 387 3335 660 3412; x_wconf 89' lang='lat' dir='ltr'>accidit,</span> <span class='ocrx_word' id='word_1_233' title='bbox 703 3345 778 3399; x_wconf 88' lang='lat' dir='ltr'>ut</span> <span class='ocrx_word' id='word_1_234' title='bbox 817 3336 862 3399; x_wconf 92' lang='lat' dir='ltr'>ii</span> <span class='ocrx_word' id='word_1_235' title='bbox 903 3357 1065 3420; x_wconf 91' lang='lat' dir='ltr'>quos</span> <span class='ocrx_word' id='word_1_236' title='bbox 1106 3335 1419 3402; x_wconf 91' lang='lat' dir='ltr'>habemus</span> <span class='ocrx_word' id='word_1_237' title='bbox 1470 3337 1639 3402; x_wconf 89' lang='lat' dir='ltr'>tituli</span> <span class='ocrx_word' id='word_1_238' title='bbox 1681 3337 2026 3423; x_wconf 88' lang='lat' dir='ltr'>supersint,</span> <span class='ocrx_word' id='word_1_239' title='bbox 2072 3346 2136 3401; x_wconf 93' lang='lat' dir='ltr'>et</span> <span class='ocrx_word' id='word_1_240' title='bbox 2177 3335 2302 3400; x_wconf 91' lang='lat' dir='ltr'>alia</span> <span class='ocrx_word' id='word_1_241' title='bbox 2344 3336 2503 3402; x_wconf 88' lang='lat' dir='ltr'>alio-</span> 
     </span>
     <span class='ocr_line' id='line_1_29' title="bbox 179 3444 2503 3530; baseline 0 -22"><span class='ocrx_word' id='word_1_242' title='bbox 179 3465 320 3508; x_wconf 88' lang='lat' dir='ltr'>rum</span> <span class='ocrx_word' id='word_1_243' title='bbox 361 3453 466 3508; x_wconf 91' lang='lat' dir='ltr'>est</span> <span class='ocrx_word' id='word_1_244' title='bbox 506 3454 755 3522; x_wconf 89' lang='lat' dir='ltr'>natura,</span> <span class='ocrx_word' id='word_1_245' title='bbox 795 3467 943 3510; x_wconf 90' lang='lat' dir='ltr'>cum</span> <span class='ocrx_word' id='word_1_246' title='bbox 981 3445 1167 3510; x_wconf 88' lang='lat' dir='ltr'>multi</span> <span class='ocrx_word' id='word_1_247' title='bbox 1203 3445 1501 3530; x_wconf 83' lang='lat' dir='ltr'>privatim</span> <span class='ocrx_word' id='word_1_248' title='bbox 1538 3446 1622 3512; x_wconf 88' lang='lat' dir='ltr'>ab</span> <span class='ocrx_word' id='word_1_249' title='bbox 1657 3444 2025 3510; x_wconf 89' lang='lat' dir='ltr'>hominibus</span> <span class='ocrx_word' id='word_1_250' title='bbox 2066 3467 2294 3530; x_wconf 90' lang='lat' dir='ltr'>parum</span> <span class='ocrx_word' id='word_1_251' title='bbox 2334 3445 2503 3530; x_wconf 89' lang='lat' dir='ltr'>peri-</span> 
     </span>
    </p>
   </div>
   <div class='ocr_carea' id='block_1_3' title="bbox 182 3550 2613 3638">
    <p class='ocr_par' dir='ltr' id='par_1_3' title="bbox 182 3550 2613 3638">
     <span class='ocr_line' id='line_1_30' title="bbox 182 3550 2613 3638; baseline 0.001 -22"><span class='ocrx_word' id='word_1_252' title='bbox 182 3554 280 3631; x_wconf 89' lang='lat' dir='ltr'>tis,</span> <span class='ocrx_word' id='word_1_253' title='bbox 323 3552 438 3618; x_wconf 78' lang='lat' dir='ltr'>alii</span> <span class='ocrx_word' id='word_1_254' title='bbox 485 3550 740 3638; x_wconf 89' lang='lat' dir='ltr'>publice</span> <span class='ocrx_word' id='word_1_255' title='bbox 787 3552 881 3617; x_wconf 87' lang='lat' dir='ltr'>illi</span> <span class='ocrx_word' id='word_1_256' title='bbox 917 3553 1198 3636; x_wconf 89' lang='lat' dir='ltr'>quidem,</span> <span class='ocrx_word' id='word_1_257' title='bbox 1245 3553 1360 3618; x_wconf 88' lang='lat' dir='ltr'>sed</span> <span class='ocrx_word' id='word_1_258' title='bbox 1403 3555 1511 3620; x_wconf 87' lang='lat' dir='ltr'>vel</span> <span class='ocrx_word' id='word_1_259' title='bbox 1550 3554 1617 3618; x_wconf 91' lang='lat' dir='ltr'>in</span> <span class='ocrx_word' id='word_1_260' title='bbox 1664 3552 2033 3619; x_wconf 89' lang='lat' dir='ltr'>civitatibus</span> <span class='ocrx_word' id='word_1_261' title='bbox 2066 3551 2357 3618; x_wconf 90' lang='lat' dir='ltr'>obscuris</span> <span class='ocrx_word' id='word_1_262' title='bbox 2400 3553 2505 3619; x_wconf 85' lang='lat' dir='ltr'>vel</span> <span class='ocrx_word' id='word_1_263' title='bbox 2611 3615 2613 3618; x_wconf 77' lang='grc'>,</span> 
     </span>
    </p>
   </div>
   <div class='ocr_carea' id='block_1_4' title="bbox 182 3659 2505 4504">
    <p class='ocr_par' dir='ltr' id='par_1_4' title="bbox 182 3659 2505 4504">
     <span class='ocr_line' id='line_1_31' title="bbox 185 3659 2503 3750; baseline 0 -26"><span class='ocrx_word' id='word_1_264' title='bbox 185 3661 240 3724; x_wconf 87' lang='lat' dir='ltr'>in</span> <span class='ocrx_word' id='word_1_265' title='bbox 272 3660 642 3748; x_wconf 85' lang='lat' dir='ltr'>provinciis</span> <span class='ocrx_word' id='word_1_266' title='bbox 668 3681 898 3745; x_wconf 87' lang='lat' dir='ltr'>parum</span> <span class='ocrx_word' id='word_1_267' title='bbox 928 3660 1273 3726; x_wconf 89' lang='lat' dir='ltr'>Latinitate</span> <span class='ocrx_word' id='word_1_268' title='bbox 1309 3662 1604 3738; x_wconf 85' lang='lat' dir='ltr'>excultis,</span> <span class='ocrx_word' id='word_1_269' title='bbox 1640 3661 1831 3748; x_wconf 89' lang='lat' dir='ltr'>pauci</span> <span class='ocrx_word' id='word_1_270' title='bbox 1862 3662 2121 3727; x_wconf 87' lang='lat' dir='ltr'>omnino</span> <span class='ocrx_word' id='word_1_271' title='bbox 2152 3670 2215 3726; x_wconf 89' lang='lat' dir='ltr'>et</span> <span class='ocrx_word' id='word_1_272' title='bbox 2246 3659 2503 3750; x_wconf 87' lang='lat' dir='ltr'>publice</span> 
     </span>
     <span class='ocr_line' id='line_1_32' title="bbox 193 3769 2501 3856; baseline 0 -24"><span class='ocrx_word' id='word_1_273' title='bbox 193 3780 240 3832; x_wconf 81' lang='lat' dir='ltr'>et</span> <span class='ocrx_word' id='word_1_274' title='bbox 277 3771 372 3835; x_wconf 89' lang='lat' dir='ltr'>ab</span> <span class='ocrx_word' id='word_1_275' title='bbox 411 3769 530 3844; x_wconf 88' lang='lat' dir='ltr'>iis,</span> <span class='ocrx_word' id='word_1_276' title='bbox 590 3790 753 3852; x_wconf 89' lang='lat' dir='ltr'>quos</span> <span class='ocrx_word' id='word_1_277' title='bbox 797 3779 1091 3833; x_wconf 88' lang='lat' dir='ltr'>accurate</span> <span class='ocrx_word' id='word_1_278' title='bbox 1137 3769 1350 3836; x_wconf 90' lang='lat' dir='ltr'>dicere</span> <span class='ocrx_word' id='word_1_279' title='bbox 1392 3771 1677 3836; x_wconf 86' lang='lat' dir='ltr'>voluisse</span> <span class='ocrx_word' id='word_1_280' title='bbox 1734 3769 2011 3836; x_wconf 85' lang='lat' dir='ltr'>sciamus</span> <span class='ocrx_word' id='word_1_281' title='bbox 2033 3817 2050 3846; x_wconf 96' lang='lat'>,</span> <span class='ocrx_word' id='word_1_282' title='bbox 2110 3769 2303 3856; x_wconf 89' lang='lat' dir='ltr'>positi</span> <span class='ocrx_word' id='word_1_283' title='bbox 2356 3769 2501 3846; x_wconf 88' lang='lat' dir='ltr'>sint,</span> 
     </span>
     <span class='ocr_line' id='line_1_33' title="bbox 183 3876 2502 3966; baseline 0 -26"><span class='ocrx_word' id='word_1_284' title='bbox 183 3878 239 3941; x_wconf 84' lang='lat' dir='ltr'>in</span> <span class='ocrx_word' id='word_1_285' title='bbox 283 3876 536 3963; x_wconf 90' lang='lat' dir='ltr'>quibus</span> <span class='ocrx_word' id='word_1_286' title='bbox 578 3876 738 3962; x_wconf 87' lang='lat' dir='ltr'>ipsis</span> <span class='ocrx_word' id='word_1_287' title='bbox 781 3898 1009 3942; x_wconf 89' lang='lat' dir='ltr'>rursus</span> <span class='ocrx_word' id='word_1_288' title='bbox 1051 3900 1208 3943; x_wconf 89' lang='lat' dir='ltr'>casu</span> <span class='ocrx_word' id='word_1_289' title='bbox 1253 3879 1779 3966; x_wconf 88' lang='lat' dir='ltr'>sculptorumque</span> <span class='ocrx_word' id='word_1_290' title='bbox 1831 3877 2097 3943; x_wconf 89' lang='lat' dir='ltr'>arbitrio</span> <span class='ocrx_word' id='word_1_291' title='bbox 2141 3878 2343 3942; x_wconf 90' lang='lat' dir='ltr'>multa</span> <span class='ocrx_word' id='word_1_292' title='bbox 2387 3877 2502 3942; x_wconf 88' lang='lat' dir='ltr'>ad-</span> 
     </span>
     <span class='ocr_line' id='line_1_34' title="bbox 182 3983 2503 4072; baseline 0 -22"><span class='ocrx_word' id='word_1_293' title='bbox 182 3987 550 4052; x_wconf 88' lang='lat' dir='ltr'>ministrata</span> <span class='ocrx_word' id='word_1_294' title='bbox 591 3996 757 4050; x_wconf 89' lang='lat' dir='ltr'>sunt.</span> <span class='ocrx_word' id='word_1_295' title='bbox 819 3983 1040 4068; x_wconf 80' lang='lat' dir='ltr'>Quare</span> <span class='ocrx_word' id='word_1_296' title='bbox 1079 3987 1253 4070; x_wconf 91' lang='lat' dir='ltr'>quod</span> <span class='ocrx_word' id='word_1_297' title='bbox 1289 3987 1356 4050; x_wconf 92' lang='lat' dir='ltr'>in</span> <span class='ocrx_word' id='word_1_298' title='bbox 1399 3985 1642 4072; x_wconf 88' lang='lat' dir='ltr'>insigni</span> <span class='ocrx_word' id='word_1_299' title='bbox 1684 4009 1837 4051; x_wconf 89' lang='lat' dir='ltr'>sane</span> <span class='ocrx_word' id='word_1_300' title='bbox 1871 3987 2057 4052; x_wconf 89' lang='lat' dir='ltr'>titulo</span> <span class='ocrx_word' id='word_1_301' title='bbox 2082 3985 2503 4052; x_wconf 88' lang='lat' dir='ltr'>Praenestino</span> 
     </span>
     <span class='ocr_line' id='line_1_35' title="bbox 184 4091 2505 4181; baseline -0 -22"><span class='ocrx_word' id='word_1_302' title='bbox 184 4095 392 4181; x_wconf 88' lang='lat' dir='ltr'>(apud</span> <span class='ocrx_word' id='word_1_303' title='bbox 450 4093 684 4158; x_wconf 89' lang='lat' dir='ltr'>Marin.</span> <span class='ocrx_word' id='word_1_304' title='bbox 742 4092 902 4158; x_wconf 83' lang='lat' dir='ltr'>Arv.</span> <span class='ocrx_word' id='word_1_305' title='bbox 955 4116 1018 4178; x_wconf 90' lang='lat' dir='ltr'>p.</span> <span class='ocrx_word' id='word_1_306' title='bbox 1062 4093 1216 4178; x_wconf 84' lang='lat'>793)</span> <span class='ocrx_word' id='word_1_307' title='bbox 1280 4092 1356 4160; x_wconf 85' lang='lat' dir='ltr'>C.</span> <span class='ocrx_word' id='word_1_308' title='bbox 1412 4091 1717 4160; x_wconf 86' lang='lat' dir='ltr'>Caesonii</span> <span class='ocrx_word' id='word_1_309' title='bbox 1768 4093 2094 4160; x_wconf 86' lang='lat' dir='ltr'>Rufiniani</span> <span class='ocrx_word' id='word_1_310' title='bbox 2154 4093 2381 4159; x_wconf 86' lang='lat' dir='ltr'>Africa</span> <span class='ocrx_word' id='word_1_311' title='bbox 2440 4105 2505 4160; x_wconf 91' lang='lat' dir='ltr'>et</span> 
     </span>
     <span class='ocr_line' id='line_1_36' title="bbox 184 4199 2502 4268; baseline -0.001 -1"><span class='ocrx_word' id='word_1_312' title='bbox 184 4201 529 4268; x_wconf 88' lang='lat' dir='ltr'>Lusitania</span> <span class='ocrx_word' id='word_1_313' title='bbox 571 4211 635 4265; x_wconf 89' lang='lat' dir='ltr'>et</span> <span class='ocrx_word' id='word_1_314' title='bbox 677 4199 928 4266; x_wconf 88' lang='lat' dir='ltr'>Achaia</span> <span class='ocrx_word' id='word_1_315' title='bbox 971 4211 1032 4266; x_wconf 92' lang='lat' dir='ltr'>et</span> <span class='ocrx_word' id='word_1_316' title='bbox 1075 4201 1236 4268; x_wconf 87' lang='lat' dir='ltr'>Asia</span> <span class='ocrx_word' id='word_1_317' title='bbox 1277 4213 1342 4267; x_wconf 91' lang='lat' dir='ltr'>et</span> <span class='ocrx_word' id='word_1_318' title='bbox 1385 4203 1649 4268; x_wconf 89' lang='lat' dir='ltr'>Baetica</span> <span class='ocrx_word' id='word_1_319' title='bbox 1690 4213 1753 4267; x_wconf 87' lang='lat' dir='ltr'>et</span> <span class='ocrx_word' id='word_1_320' title='bbox 1792 4201 2230 4266; x_wconf 88' lang='lat' dir='ltr'>Narbonensis</span> <span class='ocrx_word' id='word_1_321' title='bbox 2270 4201 2502 4266; x_wconf 90' lang='lat' dir='ltr'>dicun-</span> 
     </span>
     <span class='ocr_line' id='line_1_37' title="bbox 185 4309 2501 4398; baseline -0.002 -22"><span class='ocrx_word' id='word_1_322' title='bbox 185 4325 288 4376; x_wconf 88' lang='lat' dir='ltr'>tur</span> <span class='ocrx_word' id='word_1_323' title='bbox 321 4310 720 4398; x_wconf 86' lang='lat' dir='ltr'>provinciae,</span> <span class='ocrx_word' id='word_1_324' title='bbox 761 4333 892 4376; x_wconf 89' lang='lat' dir='ltr'>una</span> <span class='ocrx_word' id='word_1_325' title='bbox 919 4309 1267 4377; x_wconf 88' lang='lat' dir='ltr'>Germania</span> <span class='ocrx_word' id='word_1_326' title='bbox 1305 4311 1600 4398; x_wconf 89' lang='lat' dir='ltr'>superior</span> <span class='ocrx_word' id='word_1_327' title='bbox 1636 4333 1765 4376; x_wconf 89' lang='lat' dir='ltr'>non</span> <span class='ocrx_word' id='word_1_328' title='bbox 1803 4309 2059 4385; x_wconf 89' lang='lat' dir='ltr'>dicitur,</span> <span class='ocrx_word' id='word_1_329' title='bbox 2098 4309 2254 4393; x_wconf 90' lang='lat' dir='ltr'>quid</span> <span class='ocrx_word' id='word_1_330' title='bbox 2286 4319 2501 4374; x_wconf 88' lang='lat' dir='ltr'>osten—</span> 
     </span>
     <span class='ocr_line' id='line_1_38' title="bbox 187 4416 2501 4504; baseline -0.001 -20"><span class='ocrx_word' id='word_1_331' title='bbox 187 4421 277 4484; x_wconf 84' lang='lat' dir='ltr'>dit</span> <span class='ocrx_word' id='word_1_332' title='bbox 307 4421 436 4486; x_wconf 86' lang='lat' dir='ltr'>nisi</span> <span class='ocrx_word' id='word_1_333' title='bbox 471 4430 584 4484; x_wconf 89' lang='lat' dir='ltr'>aut</span> <span class='ocrx_word' id='word_1_334' title='bbox 611 4440 888 4484; x_wconf 88' lang='lat' dir='ltr'>errorem</span> <span class='ocrx_word' id='word_1_335' title='bbox 919 4418 1261 4504; x_wconf 85' lang='lat' dir='ltr'>sculptoris</span> <span class='ocrx_word' id='word_1_336' title='bbox 1289 4430 1400 4486; x_wconf 88' lang='lat' dir='ltr'>aut</span> <span class='ocrx_word' id='word_1_337' title='bbox 1425 4418 1705 4504; x_wconf 88' lang='lat' dir='ltr'>aliquem</span> <span class='ocrx_word' id='word_1_338' title='bbox 1732 4419 1929 4483; x_wconf 86' lang='lat' dir='ltr'>alium</span> <span class='ocrx_word' id='word_1_339' title='bbox 1954 4417 2218 4483; x_wconf 83' lang='lat' dir='ltr'>casum?</span> <span class='ocrx_word' id='word_1_340' title='bbox 2275 4416 2501 4502; x_wconf 91' lang='lat' dir='ltr'>Neque</span> 
     </span>
    </p>
   </div>
  </div>
 </body>
</html>
