2917 5017
769 325 850 373 De
887 322 1090 388 legibus
1131 321 1527 387 municipalibus
1564 323 1878 387 Hispanicis.
2366 320 2487 388 307

148 484 322 568 quid
367 483 508 548 fieri
545 484 771 560 vellet,
814 483 1074 548 videtur
1117 484 1559 548 constituisse:
1622 509 1771 550 nam
1810 509 1973 571 quae
2010 497 2297 572 potestas
2339 488 2491 552 olim

146 593 222 655 in
261 591 564 657 libertate
606 590 1086 676 magistratibus
1129 592 1280 655 data
1323 603 1477 668 erat,
1522 604 1595 656 ut
1634 594 1983 678 provinciis
2027 597 2207 681 leges
2250 594 2492 660 scribe·

147 711 325 776 rent,
378 724 455 766 ea
499 701 655 784 quin
695 700 1062 784 imperatori
1101 711 1164 764 et
1203 699 1406 764 maior
1447 711 1510 764 et
1544 713 1853 786 perpetua
1898 699 2109 766 delata
2152 703 2253 778 sit,
2298 702 2491 768 dubi-

148 810 282 874 tari
335 833 462 874 non
504 821 735 896 potest.
817 807 1102 873 Necesse
1145 819 1316 872 certe
1363 819 1501 873 erat
1544 832 1684 874 eam
1729 811 2114 896 AugustuS,
2176 835 2323 877 cum
2368 812 2490 877 im-

149 919 418 1003 perium
463 941 610 983 cum
652 927 878 981 senatu
925 916 1300 1002 partiretur,
1355 918 1671 1002 acciperet
1712 918 1795 984 ab
1838 941 2041 1005 eoque
2086 921 2168 985 ad
2210 921 2491 1004 reliquos

150 1026 437 1090 transiit.
529 1023 621 1090 At
670 1024 926 1090 Malaca
979 1035 1044 1088 et
1095 1025 1442 1110 Salpensa,
1493 1049 1766 1111 quarum
1826 1027 1907 1092 de
1948 1028 2206 1114 legibus
2251 1029 2489 1115 agitur,

149 1134 466 1198 Baeticae
508 1133 863 1218 Hispaniae
909 1143 1079 1208 sunt,
1130 1154 1296 1217 quae
1342 1145 1604 1199 senatus
1652 1148 1785 1200 erat
1832 1137 2180 1223 provincia.
2266 1139 2490 1222 Itaque

153 1265 319 1306 cum
375 1242 522 1306 illae
569 1243 918 1317 ferrentur,
975 1252 1270 1306 senatum
1317 1244 1683 1308 consultum
1724 1267 1867 1309 esse
1917 1267 2180 1321 censeo,
2224 1246 2335 1330 qui
2380 1255 2493 1309 aut

147 1352 302 1436 ipse
367 1349 549 1414 dedit
619 1360 728 1414 aut
794 1349 1163 1434 proconsuli
1223 1360 1295 1413 ut
1353 1351 1539 1415 daret
1593 1353 1939 1417 mandavit.
2042 1352 2269 1437 Neque
2326 1353 2491 1418 illud

155 1473 414 1522 certum
463 1468 592 1534 est,
638 1459 818 1543 leges
857 1458 1206 1544 appellatas
1251 1480 1394 1524 esse
1438 1459 1723 1524 Flavias.
1804 1460 2033 1526 Fuerit
2076 1483 2229 1525 sane
2270 1483 2489 1526 earum

152 1568 579 1632 ferendarum
639 1575 866 1630 auctor
905 1566 1318 1630 Domitianus
1338 1614 1355 1643 ,
1419 1567 1536 1630 sed
1592 1577 1842 1652 poterat
1894 1579 2106 1634 tamen
2160 1570 2350 1634 etiam
2398 1571 2493 1634 sic

150 1675 335 1752 fieri,
395 1688 498 1752 ut,
559 1686 896 1761 postquam
940 1674 1262 1738 civitatem
1299 1674 1655 1739 Romanam
1700 1675 1991 1742 Malacae
2036 1688 2098 1742 et
2138 1675 2489 1762 Salpensae

154 1783 368 1860 dedit,
414 1785 587 1869 ipsas
629 1784 810 1869 leges
853 1781 1153 1846 ferendas
1200 1781 1408 1846 solitis
1451 1783 1939 1868 magistratibus
1981 1786 2393 1870 permitteret.

339 1892 471 1957 Sed
533 1903 784 1976 praeter
831 1892 1046 1976 legem
1091 1903 1671 1955 commemorantur
1721 1891 1787 1955 in
1832 1892 2053 1958 tabula
2096 1893 2493 1979 Salpensana

153 2002 358 2066 etiam
399 2001 626 2065 edicta.
697 1998 810 2064 Sic
853 1999 1024 2063 enim
1067 2011 1165 2064 est
1209 1999 1345 2064 bis:
1409 2022 1560 2062 exve
1600 2003 1798 2064 edicto
1846 2005 1989 2082 imp.
2024 2005 2305 2068 Caesaris
2331 2007 2491 2083 Aug.

170 2115 541 2190 Vespasiani
592 2111 794 2190 impve
852 2112 988 2170 Titi
1043 2110 1323 2190 Caesaris
1381 2115 1547 2189 Aug.
1608 2119 1724 2171 aut
1784 2113 1931 2191 imp.
1995 2112 2275 2175 Caesaris
2333 2117 2491 2191 Aug.

162 2221 526 2280 Domitiani
566 2221 838 2297 p(atris)
880 2221 969 2296 p(
964 2221 1168 2278 atriae
1164 2227 1222 2296 ).
1311 2215 1551 2297 Qualia
1588 2217 1791 2300 igitur
1838 2229 1989 2282 sunt
2036 2219 2195 2282 haec
2238 2218 2492 2282 edicta?

155 2324 390 2408 Neque
413 2324 582 2388 enim
609 2346 814 2388 unum
843 2347 1004 2400 esse,
1025 2323 1142 2388 sed
1169 2324 1352 2408 plura
1381 2336 1665 2409 apparet.
1698 2322 2036 2408 Siquidem
2057 2325 2492 2402 Domitianus,

163 2432 480 2518 quamdiu
532 2443 711 2518 pater
768 2443 828 2495 et
883 2433 1080 2496 frater
1135 2432 1467 2507 vixerunt,
1527 2431 1769 2496 nullam
1816 2433 2205 2518 reipublicae
2250 2446 2494 2520 partem

158 2542 468 2626 attigerat
520 2563 594 2606 ac
641 2564 722 2606 ne
781 2539 1192 2605 tribuniciam
1251 2539 1517 2625 quidem
1571 2551 1949 2624 potestatem
2000 2542 2129 2606 nisi
2186 2542 2493 2608 defuncto

159 2651 363 2714 fratre
407 2649 683 2734 accepit,
728 2659 804 2712 ut
841 2649 1017 2733 quod
1061 2649 1487 2712 communiter
1533 2671 1680 2713 cum
1722 2648 1851 2714 illis
1898 2649 2150 2714 edicere
2193 2651 2493 2734 potuerit,

162 2758 434 2842 cogitari
471 2780 598 2822 non
641 2757 866 2842 possit.
950 2755 1044 2821 At
1085 2757 1273 2821 Titus
1315 2756 1726 2821 tribuniciam
1767 2767 2145 2842 potestatem
2184 2758 2337 2822 Kal.
2368 2759 2493 2823 Iul.

163 2867 320 2932 anni
348 2868 422 2932 71
471 2876 802 2951 acceperat
845 2877 1036 2949 atque
1077 2887 1156 2929 ex
1201 2887 1276 2929 eo
1319 2875 1605 2950 tempore
1647 2887 1797 2928 vere
1838 2865 2055 2930 socius
2081 2865 2277 2950 patris
2302 2874 2494 2949 atque

160 2975 422 3061 imperii
484 2997 750 3038 consors
803 2973 1034 3038 fuerat.
1135 2973 1355 3055 Quare.
1409 2973 1541 3036 duo
1597 2971 1809 3038 edicta
1860 2973 2063 3038 fuisse
2118 2983 2493 3050 statuemus,

163 3107 368 3147 unum
413 3081 794 3168 Vespasiani
841 3092 904 3145 et
945 3081 1098 3156 Titi,
1147 3082 1416 3145 alterum
1466 3081 1842 3158 Domitiani,
1888 3081 2085 3164 idque
2130 3079 2496 3166 significant

163 3193 312 3278 ipsa
349 3191 516 3276 legis
564 3189 798 3264 verba,
856 3189 924 3252 in
970 3189 1210 3274 quibus
1258 3212 1387 3254 non
1435 3190 1575 3254 sine
1620 3211 1815 3254 causa
1859 3189 2216 3254 Domitiani
2262 3211 2495 3253 nomen

164 3324 205 3365 a
244 3311 428 3384 patre
481 3311 546 3362 et
598 3299 792 3362 fratre
852 3297 1168 3382 particula
1207 3308 1324 3360 aut
1369 3298 1735 3362 seiunctum
1782 3308 1899 3362 est.
1982 3298 2124 3362 Iam
2166 3320 2283 3383 pro
2330 3299 2496 3362 mul-

165 3407 372 3492 tiplici
415 3417 730 3491 potestate
775 3428 970 3489 quam
1013 3404 1250 3470 habent
1289 3407 1701 3492 imperatores
1744 3404 2042 3470 edicunt:
2101 3407 2245 3489 ipsa
2292 3403 2497 3469 tribu-

164 3516 342 3580 nicia
379 3525 663 3601 potestas
705 3537 900 3598 quam
943 3512 1184 3578 habent
1219 3513 1515 3578 edicendi
1557 3513 1927 3578 facultatem
1967 3512 2109 3587 dat,
2161 3534 2292 3595 qua
2334 3534 2497 3578 usus

169 3647 314 3689 esse
361 3634 658 3686 narratur
699 3621 1026 3698 Tiberius,
1072 3644 1220 3686 cum
1267 3633 1518 3687 mortuo
1560 3622 1865 3704 Augusto
1920 3619 2199 3702 reliquas
2246 3620 2499 3704 imperii

165 3743 387 3818 partes
453 3730 742 3796 nondum
795 3752 1112 3814 usurpare
1170 3729 1364 3794 vellet
1419 3728 1607 3810 (Tac.
1652 3731 1823 3794 Anu.
1864 3729 1931 3804 Ι,
1975 3729 2067 3804 7).
2151 3729 2377 3812 Itaque
2422 3751 2501 3794 ea

169 3841 440 3925 quidem
485 3839 723 3914 edicta,
781 3860 946 3921 quae
991 3837 1074 3902 ad
1119 3836 1348 3902 urbem
1397 3838 1672 3902 Romam
1717 3837 2143 3922 pertinerent,
2202 3838 2337 3900 fere
2383 3858 2499 3922 pro

170 3946 518 4014 tribunicia
557 3957 871 4033 potestate
919 3945 1223 4012 videntur
1265 3969 1408 4011 esse
1449 3946 1812 4032 proposita,
1877 3945 2055 4009 velut
2112 3942 2195 4006 ab
2237 3939 2499 4006 Tiberio

173 4056 362 4142 (Tac.
411 4056 586 4120 Ann.
628 4056 686 4132 Ι,
723 4056 840 4132 78;
884 4055 1008 4131 ΙΙΙ,
1051 4056 1126 4132 63
1175 4054 1256 4130 V,
1299 4055 1389 4134 5),
1435 4053 1517 4118 ab
1560 4054 1816 4126 Nerone
1860 4052 2046 4133 (Tac.
2090 4052 2265 4116 Ann.
2299 4050 2499 4127 ΧΙΠ,

173 4165 244 4230 31
291 4175 358 4230 et
403 4165 518 4241 513
562 4164 721 4240 XV,
765 4164 846 4229 36
889 4175 952 4227 et
991 4162 1135 4242 73),
1182 4161 1264 4224 ab
1310 4161 1573 4226 Vitellio
1624 4163 1808 4249 (Tac.
1854 4161 2027 4225 Hist.
2066 4161 2165 4235 ΙΙ,
2212 4159 2359 4242 62),
2416 4155 2499 4221 ab

174 4271 394 4338 Nerva
436 4271 635 4358 (Plin.
679 4294 778 4356 ep.
818 4271 912 4345 X,
964 4270 1146 4351 107);
1215 4269 1330 4334 sed
1391 4269 1581 4346 haec,
1638 4270 1721 4334 de
1778 4268 2015 4354 quibus
2072 4267 2499 4352 disputamus,

175 4404 304 4447 non
347 4381 432 4446 ad
477 4380 751 4444 Romam
793 4377 1201 4462 spectabant,
1263 4400 1345 4442 ne
1387 4378 1473 4442 ad
1513 4378 1981 4462 imperatoriam
2036 4373 2299 4458 quidem
2352 4394 2501 4458 pro-

1974 4485 2056 4548 20
2072 4489 2107 4522 ⁴*
