2917 5017
456 312 580 381 202
983 298 989 313 ¹
1108 316 1190 367 De
1231 316 1495 369 dictatoris
1533 315 1769 369 Caesaris
1807 316 2107 369 honoribus.

350 489 358 497 '
453 483 678 550 retur?
763 484 912 568 Ipse
960 478 1224 565 quidem
1263 478 1348 545 de
1387 476 1539 543 bell.
1582 477 1705 541 civ.
1734 477 1787 552 1,
1834 476 1913 543 32
1952 477 2075 543 etsi
2112 501 2429 547 summam
2464 479 2764 545 orationis

453 592 526 655 in
567 601 792 656 senatu
829 614 870 653 a
904 611 974 655 se
1010 587 1263 653 habitae
1296 587 1514 661 refert,
1552 585 1713 651 nihil
1744 586 2062 650 eiusmodi
2091 599 2322 666 narrat,
2370 589 2485 655 sed
2518 589 2768 675 supplet

453 698 932 783 quodammodo
971 698 1266 763 lacunam
1311 694 1444 761 Dio
1490 691 1677 760 Cass.
1718 693 1911 770 XLI,
1963 695 2037 759 15
2079 718 2205 779 sq.;
2252 698 2341 763 ait
2384 698 2559 763 enim
2604 695 2767 763 Cae-

457 808 590 873 sari
631 818 917 873 senatum
955 817 1138 871 extra
1172 803 1402 869 urbem
1435 803 1658 869 datum
1699 825 1841 871 esse
1858 852 1875 881 ,
1914 804 2069 871 item
2108 807 2417 893 populum
2456 805 2768 871 contionis
2876 882 2878 911 ἱ

455 936 656 980 causa
716 926 892 979 extra
951 913 1350 999 pomoerium
1411 912 1825 990 convenisse,
1894 924 1968 979 ut
2026 915 2116 993 ei,
2183 938 2329 981 cum
2389 913 2771 999 Pompeium

453 1022 644 1089 Italia
697 1024 1016 1109 exegisset
1077 1023 1485 1108 primumque
1542 1022 1627 1087 ad
1682 1022 1909 1088 urbem
1970 1024 2287 1101 venisset,
2346 1022 2594 1087 nullam
2650 1042 2775 1105 qua

453 1132 524 1197 in
568 1132 727 1199 urbe
772 1132 912 1218 ipsa
953 1130 1196 1197 versari
1237 1130 1497 1207 liceret,
1554 1140 1931 1216 potestatem
1971 1132 2271 1197 traditam
2318 1132 2523 1197 fuisse
2576 1152 2773 1215 appa-

453 1251 612 1305 reat.
681 1238 817 1305 Sed
853 1262 994 1305 eam
1035 1261 1182 1303 cum
1221 1238 1305 1304 ad
1344 1238 1572 1303 urbem
1607 1250 1763 1303 tunc
1788 1251 2154 1307 versaretur
2183 1241 2243 1305 ei
2274 1240 2607 1305 decretam
2635 1260 2774 1303 esse

455 1371 537 1413 ex
591 1350 672 1415 iis
694 1397 712 1428 ,
775 1370 936 1433 quae
991 1347 1163 1413 Plut.
1209 1344 1398 1413 Caes.
1443 1348 1523 1413 35
1571 1358 1819 1426 narrat,
1877 1348 2334 1434 intelligimus;
2398 1370 2555 1411 nam
2602 1345 2775 1431 quod

453 1456 537 1521 L.
581 1457 914 1521 Metellum
970 1455 1298 1519 tribunum
1352 1455 1559 1541 plebis
1606 1478 1721 1539 pro
1768 1457 2011 1523 aerario
2053 1457 2317 1543 publico
2362 1455 2774 1521 interceden-

455 1576 584 1631 tem
625 1565 944 1632 monendo
985 1587 1060 1630 ac
1101 1564 1290 1629 minis
1336 1564 1751 1643 deterruisse‚
1787 1588 1869 1629 ne
1901 1565 2173 1651 amplius
2215 1564 2567 1641 resisteret,
2616 1562 2778 1627 dici-

455 1683 594 1749 tur,
653 1674 778 1739 nisi
829 1675 896 1739 in
948 1674 1158 1737 forum
1211 1684 1401 1758 atque
1446 1673 1673 1739 urbem
1715 1677 2047 1751 intrasset,
2110 1674 2321 1738 facere
2367 1695 2499 1736 non
2543 1671 2779 1757 potuit.

2873 1516 2878 1735 Ι

459 1780 679 1861 Quare
725 1805 888 1865 quae
929 1793 1082 1847 tunc
1120 1781 1414 1847 instituta
1459 1805 1601 1848 esse
1646 1784 1843 1847 refert
1874 1781 2001 1845 Dio
2026 1781 2219 1858 XLI,
2252 1782 2347 1857 17,
2391 1802 2523 1845 non
2564 1780 2783 1844 omnia
2876 1844 2878 1851 ,

455 1888 538 1955 ab
585 1889 749 1968 aliis,
797 1892 911 1955 sed
953 1891 1268 1975 quaedam
1307 1891 1386 1957 ab
1431 1893 1573 1978 ipso
1617 1889 1895 1957 Caesare
1939 1890 2381 1956 administrata
2422 1898 2601 1955 sunt.
2684 1890 2783 1953 Ac

449 1998 632 2082 leges
685 2000 946 2081 quidem
1003 2023 1226 2065 omnes
1285 1999 1366 2065 ab
1421 2001 1642 2065 amicis
1690 1998 1987 2067 Caesaris
2041 1999 2201 2083 latas
2258 2020 2401 2063 esse
2453 1997 2780 2072 existim0‚

452 2104 534 2169 ab
579 2105 673 2169 M.
717 2106 1000 2171 Antonio
1045 2108 1319 2173 maxime
1367 2122 1429 2173 et
1470 2108 1554 2190 Q.
1600 2106 1831 2178 Cassio
1874 2108 2019 2172 trib.
2062 2107 2185 2192 pL,
2252 2106 2365 2191 qui
2418 2107 2489 2169 in
2546 2106 2781 2171 urbem

449 2214 694 2279 reversi
749 2238 938 2300 saepe
995 2239 1140 2281 cum
1196 2219 1432 2304 populo
1486 2217 1792 2303 agebant,
1856 2216 2035 2279 velut
2087 2238 2227 2293 eaS,
2288 2213 2527 2300 quibus
2590 2214 2783 2277 multi

453 2320 732 2387 damnati
773 2324 1306 2402 restituebantur,
1355 2327 1437 2392 ab
1484 2324 1768 2391 Antonio
1816 2335 2075 2409 rogatas
2118 2346 2260 2389 esse
2306 2333 2557 2387 constat
2602 2320 2779 2407 (Cic.

2869 1882 2878 2178 1

451 2429 620 2493 Phil.
670 2430 773 2508 11,
835 2432 965 2515 23).
1065 2434 1444 2520 Eodemque
1501 2444 1786 2517 tempore
1850 2431 1933 2496 de
1986 2431 2208 2496 liberis
2262 2432 2781 2517 proscriptorum
2877 2464 2878 2467 ¹

449 2538 654 2601 latum
697 2548 812 2613 est,
854 2552 928 2603 ut
961 2541 1043 2605 ad
1085 2542 1360 2609 honores
1403 2541 1661 2606 curules
1695 2539 2184 2607 admitterentur
2220 2540 2381 2621 (Dio
2404 2540 2602 2615 XLI,
2640 2545 2781 2621 18);

455 2667 606 2711 nam
648 2646 880 2731 reliqui
916 2648 1211 2727 honores,
1255 2650 1433 2715 velut
1472 2660 1821 2734 quaestura
1861 2659 1925 2713 et
1963 2648 2347 2724 tribunatus,
2390 2648 2585 2713 etiam
2626 2660 2783 2711 ante

451 2752 531 2817 iis
577 2763 930 2838 patuerant.
1005 2756 1321 2842 Exemplo
1363 2769 1463 2822 est
1503 2755 1582 2823 C.
1611 2756 1845 2821 Vibius
1869 2755 2105 2832 Pansa,
2152 2778 2285 2821 cos.
2326 2756 2476 2821 anni
2508 2757 2612 2832 43,
2664 2758 2782 2842 qui

453 2883 599 2926 cum
643 2864 982 2950 proscripti
1021 2865 1190 2931 filius
1235 2878 1406 2931 esset
1455 2866 1619 2951 (Dio
1663 2864 1919 2941 XLIV,
1974 2865 2103 2946 17),
2158 2886 2324 2928 anno
2366 2864 2440 2927 51
2492 2864 2647 2930 trib.
2696 2866 2781 2953 pl.

449 2970 575 3035 fuit
619 2969 790 3057 (Cic.
838 2974 1018 3059 epist.
1064 2973 1253 3051 VIII,
1302 2976 1406 3059 8),
1474 2984 1613 3039 tum
1660 2971 2114 3058 praetermissa
2157 2972 2511 3051 aedilitate,
2576 2996 2781 3057 quam
2873 3068 2874 3072 Ἰ

447 3090 712 3164 propter
752 3081 963 3165 legem
1005 3078 1368 3147 Corneliam
1411 3104 1637 3167 gerere
1677 3103 1803 3144 non
1847 3090 2172 3167 potuerat,
2238 3079 2550 3158 comitiis,
2608 3104 2781 3165 quae

451 3186 726 3251 dictator
772 3185 1012 3253 Caesar
1069 3212 1238 3253 anno
1283 3190 1362 3255 49
1425 3189 1682 3265 habuit,
1738 3199 2104 3274 praeturam
2156 3189 2307 3255 anni
2356 3190 2435 3255 48
2494 3188 2783 3255 obtinuit

450 3292 798 3380 (Borghes.
845 3296 910 3359 in
953 3296 1186 3359 Diurn.
1229 3294 1469 3361 Arcad.
1521 3297 1713 3373 1822,
1772 3298 1807 3363 3
1868 3321 1932 3383 p.
1980 3297 2153 3381 317).
2248 3297 2417 3361 Nam
2475 3297 2571 3362 sic
2624 3321 2781 3363 cum

451 3400 686 3465 Dionis
723 3404 1099 3469 auctoritate
1137 3404 1577 3471 conciliandus
1618 3416 1715 3470 est
1757 3404 2149 3470 Plutarchus
2190 3401 2378 3471 Caes.
2408 3406 2509 3482 37,
2556 3407 2673 3490 qui
2712 3407 2781 3469 in
2871 3398 2872 3401 ¹

451 3508 768 3575 dictatura
811 3508 1156 3577 Caesarem
1201 3514 1708 3599 proscriptorum
1751 3513 1989 3577 liberos
2033 3513 2117 3577 ad
2156 3513 2433 3578 honores
2476 3514 2781 3580 evexisse

443 3616 670 3683 scribit
686 3622 831 3699 (τῶν
854 3620 1168 3685 ἐπὶΣύλλα
1193 3624 1696 3706 δυστυχησάντων
1720 3622 1861 3691 τοὺς
1876 3624 2100 3691 παῖδας
2122 3622 2779 3707 ἐπιτίμουςέποίησεγ

447 3726 749 3791 nimirum
777 3728 1102 3794 Antonius
1143 3740 1216 3794 ut
1253 3752 1473 3795 eorum
1515 3731 1825 3795 rationem
1866 3728 2087 3795 haberi
2124 3728 2350 3794 liceret
2391 3728 2559 3805 tulit,
2606 3726 2778 3795 Cae-

451 3856 556 3899 sar
611 3834 680 3898 in
737 3836 1056 3901 dictatura
1109 3838 1382 3903 comitiis
1428 3838 1805 3924 praesidens
1851 3860 1931 3903 ex
1974 3838 2121 3922 lege
2164 3837 2478 3903 rationem
2522 3836 2776 3903 habuit.

452 3939 872 4029 Similemque
925 3947 1244 4011 fortunam
1296 3946 1522 4013 habuit
1572 3944 1651 4011 C.
1698 3944 2005 4011 Carrinas
2064 3946 2224 4031 (Dio
2266 3944 2401 4019 LI,
2455 3945 2602 4027 21),
2660 3947 2775 4029 qui

451 4071 600 4115 cum
639 4051 866 4117 eodem
908 4076 1036 4138 quo
1083 4052 1160 4119 C.
1203 4055 1437 4122 Vibius
1482 4076 1649 4120 anno
1698 4054 2101 4119 consulatum
2140 4053 2451 4139 gesserit,
2509 4065 2773 4139 praetu-
2866 4070 2868 4077 ·

447 4181 586 4223 ram
627 4181 883 4245 quoque
927 4162 1141 4227 vicino
1186 4176 1471 4251 tempore
1514 4164 1777 4229 videtur
1816 4162 2123 4249 gessisse.
2221 4161 2407 4227 Haec
2452 4160 2652 4247 igitur
2691 4183 2771 4225 ac
2864 4178 2866 4187 ·

448 4268 598 4333 talia
649 4268 730 4333 ab
785 4269 1008 4336 amicis
1061 4268 1360 4337 Caesaris
1415 4285 1573 4337 tunc
1630 4284 1771 4337 acta
1829 4294 1973 4337 esse
2034 4271 2339 4349 arbitror,
2396 4271 2537 4357 ipse
2589 4270 2769 4345 nihil,

449 4378 694 4460 opinor,
735 4389 984 4462 praeter
1021 4402 1154 4443 rem
1195 4381 1533 4445 militarem
1570 4382 1797 4467 tetigit.
1884 4380 2019 4445 Sed
2056 4402 2185 4463 qua
2224 4379 2581 4465 potestate?
2639 4400 2764 4463 (1110
