2917 5017
839 261 919 313 De
952 262 1123 315 Gallia
1156 266 1506 319 Romanorum
1549 270 1824 335 provincia.
2441 271 2480 340 7

158 422 651 503 Macedoniam3
712 430 893 494 addit
928 430 1161 495 deinde
1206 431 1289 495 de
1330 432 1563 499 Marcii
1604 438 1994 521 profectione
2011 484 2028 514 ,
2083 438 2165 503 de
2205 438 2482 505 Servilio

164 530 323 597 haec
360 532 589 600 habet:
650 540 954 619 Caepione
982 540 1197 601 deinde
1226 542 1536 615 referente
1567 546 1656 607 ad
1686 556 1988 622 senatum,
2029 568 2180 629 qaas
2209 570 2288 609 ex
2313 552 2486 611 novis

132 643 514 721 'legionibus
568 646 727 707 duas
788 649 1050 727 legiones
1100 669 1298 709 secum
1362 652 1431 711 in
1496 654 1772 715 Galliam
1831 656 2106 729 duceret,
2177 656 2485 719 decrevere

149 759 368 827 patres
408 760 555 827 cet„
600 762 675 815 ut
708 774 875 829 eum,
919 754 1213 838 quamvis
1257 764 1425 819 sorte
1465 756 1713 823 Italiam
1749 760 2123 845 accepisset,
2171 760 2240 823 in
2273 759 2485 826 Gallia

159 866 371 919 tamen
426 857 675 923 bellum
734 882 957 945 gerere
1002 860 1286 925 voluisse
1338 862 1794 949 intelligamus.
1889 868 1990 932 Ac
2047 869 2281 953 gessit3
2335 892 2484 935 nam

159 962 397 1029 Livius
438 966 707 1044 XLIV,
764 968 837 1033 21
900 965 975 1033 C.
1020 968 1383 1046 Licinium,
1438 992 1570 1038 cos.
1625 974 1774 1038 anni
1822 975 1938 1041 168
1959 1022 1976 1052 ,
2032 976 2288 1043 iussum
2341 999 2484 1043 esse

160 1072 391 1137 scribit
436 1077 544 1139 Gn.
568 1079 829 1139 Servilio
864 1080 1141 1141 Galliam
1180 1078 1484 1141 obtinenti
1506 1085 1902 1160 provinciam
1944 1087 2184 1147 litteras
2225 1090 2484 1161 mittere,

157 1190 233 1241 ut
297 1194 614 1247 sexcentos
691 1188 919 1265 equites
986 1188 1401 1251 conseram-et.
1517 1188 1692 1254 Eum
1767 1190 1968 1275 igitur
1983 1238 2000 1267 ,
2093 1192 2198 1257 cui
2270 1192 2484 1278 priore

156 1288 303 1353 loco
370 1289 621 1354 Italiam
686 1289 901 1355 datam
954 1313 1097 1355 esse
1162 1292 1287 1370 ait,
1352 1293 1590 1361 deinde
1651 1296 1898 1363 Galliae
1962 1299 2318 1383 praefuisse
2381 1298 2485 1363 vel

157 1396 446 1462 Galliam
485 1398 887 1483 provinciam
929 1398 1288 1465 obtinuisse
1337 1414 1585 1467 narrat:
1653 1428 1782 1489 quo
1837 1429 1995 1469 num
2043 1406 2220 1490 quod
2272 1416 2486 1493 potest

150 1508 365 1571 maius
408 1508 686 1573 inveniri
730 1508 1211 1586 documentum,
1254 1511 1431 1595 quod
1471 1511 1749 1577 Galliam
1793 1536 1942 1578 cum
1988 1514 2170 1579 Italia
2203 1514 2294 1579 ita
2329 1537 2484 1579 con-

154 1616 451 1680 iunctam
496 1616 701 1681 fuisse
757 1616 1151 1681 demonstret
1170 1664 1187 1694 ,
1257 1630 1331 1682 ut
1384 1620 1564 1683 nulla
1610 1622 1954 1707 peculiaris
2007 1621 2255 1687 Galliae
2313 1632 2486 1687 esset

150 1724 544 1809 provincia?
629 1724 849 1809 Atque
904 1725 997 1789 illi
1055 1722 1132 1791 C.
1179 1726 1431 1792 Licinio
1490 1725 1764 1805 Crasso,
1831 1730 1982 1794 anni
2047 1730 2164 1796 168
2217 1730 2483 1805 consuli,

150 1832 712 1909 Livius·XL1V‚
769 1834 842 1899 17
892 1832 1115 1898 scribit
1154 1834 1405 1899 Italiam
1463 1837 1789 1913 evenisse,
1842 1859 1994 1901 cum
2053 1839 2302 1924 collega
2343 1839 2484 1903 eius

145 1943 231 2007 L.
278 1944 606 2007 Aemilius
627 1942 1079 2007 Macedoniam
1121 1942 1472 2028 acciperet3
1516 1956 1580 2010 at
1621 1945 1900 2010 eundem
1940 1945 2086 2011 libr.
2117 1945 2339 2021 XLV,
2387 1945 2482 2022 12,

142 2052 309 2116 nihil
352 2073 634 2136 usquam
676 2050 757 2115 de
803 2049 1153 2115 mutatione
1195 2052 1566 2135 provinciae
1607 2052 1874 2130 addens,
1920 2053 1987 2116 in
2011 2051 2292 2118 Galliam
2333 2076 2484 2137 pro-

147 2162 401 2227 fectum
442 2182 587 2225 esse
631 2159 853 2244 ibique
888 2158 1205 2225 adversus
1244 2159 1461 2225 hostes
1507 2184 1644 2225 rem
1683 2162 1968 2248 gessisse
2014 2163 2227 2227 refert.
2274 2159 2484 2227 Cuius

147 2269 299 2333 anni
354 2268 715 2333 similitudo
758 2268 944 2345 facit,
988 2280 1063 2333 ut
1106 2291 1272 2353 quae
1316 2268 1552 2361 Livius
1593 2269 1797 2334 XLV
1813 2317 1831 2348 ,
1883 2272 1958 2336 16
2004 2271 2086 2335 de
2130 2270 2484 2357 provinciis

148 2378 301 2441 anni
354 2379 471 2443 167
520 2400 578 2440 a.
621 2374 777 2443 Chr.
836 2376 1032 2441 tradit
1054 2423 1071 2452 ,
1140 2376 1333 2463 paulo
1388 2399 1586 2463 supra
1653 2388 1824 2443 recte
1885 2380 2284 2465 interpretati
2341 2400 2488 2443 esse

153 2486 523 2562 videamur3
564 2484 991 2570 consulesque
1040 2485 1179 2550 eius
1224 2486 1397 2561 anni,
1436 2506 1828 2570 quamquam
1867 2487 2057 2551 Pisas
2097 2497 2160 2551 et
2205 2484 2486 2551 Galliam

154 2606 326 2658 sorte
370 2605 757 2680 acceperant
814 2616 891 2659 ac
951 2594 1375 2659 communiter
1421 2594 1490 2657 in
1537 2594 1898 2679 Liguribus
1951 2617 2088 2659 rem
2131 2603 2484 2680 gesserant,

152 2712 368 2765 tamen
410 2710 477 2765 et
514 2713 663 2766 ante
708 2702 953 2769 exitum
1008 2702 1161 2767 anni
1220 2702 1411 2767 ambo
1452 2700 1538 2765 ad
1581 2702 1996 2787 magistratus
2035 2700 2483 2787 subrogandos

158 2809 229 2873 in
270 2808 505 2875 urbem
546 2791 877 2876 redierunt
923 2812 1103 2898 (Liv.
1138 2809 1367 2887 XCV,
1411 2810 1557 2894 44),
1621 2820 1686 2875 et
1729 2822 2070 2894 antequam
2109 2810 2179 2874 in
2220 2810 2485 2894 provin-

162 2919 332 2983 ciam
372 2919 533 2983 irent
548 2966 567 2996 ,
626 2919 1023 3004 aliquamdiu
1067 2919 1311 2985 Romae
1370 2919 1743 2985 commorati
1787 2932 1964 2983 erant
1977 2964 1996 2993 ,
2055 2925 2128 2980 ut
2183 2917 2264 2981 de
2319 2939 2488 2984 nova

154 3028 494 3114 provincia
524 3038 683 3093 tunc
727 3026 942 3092 subito
968 3029 1317 3093 constituta
1343 3048 1610 3113 prorsus
1655 3024 1924 3111 cogitari
1949 3034 2242 3109 nequeat.
2288 3022 2485 3091 Anno

154 3148 379 3202 autem
424 3136 543 3203 170
584 3159 641 3200 a.
683 3132 839 3201 Chr.
884 3158 1049 3221 quae
1093 3136 1291 3203 fuerit
1327 3134 1806 3222 provinciarum
1845 3132 2112 3207 sortiti0,
2153 3132 2329 3217 apud
2368 3132 2485 3197 Li-

164 3246 345 3311 vium
386 3269 519 3310 non
566 3255 757 3321 extat,
820 3245 936 3309 sed
980 3245 1101 3310 hoc
1144 3255 1357 3309 tamen
1402 3242 1722 3318 videmus,
1764 3240 2166 3327 praetoribus
2207 3239 2486 3323 reliquas

171 3354 347 3419 datas
388 3376 537 3419 esse
576 3353 962 3438 provincias,
1002 3373 1082 3417 ex
1126 3349 1506 3415 consulibus
1547 3351 1631 3415 A.
1670 3348 2024 3413 Hostilium
2066 3346 2134 3410 in
2174 3346 2487 3411 Macedo-

160 3464 335 3528 niam
388 3462 885 3549 impressionem
938 3460 1173 3525 fecisse
1218 3458 1397 3543 (Liv.
1444 3457 1590 3522 libr.
1633 3456 1894 3533 XLIII,
1931 3455 2034 3539 9),
2088 3453 2172 3518 Α.
2213 3454 2488 3519 Atilium

159 3572 229 3635 in
253 3570 623 3656 Liguribus
656 3569 835 3658 (Liv.
867 3568 1058 3648 ibid.)
1100 3590 1249 3633 cum
1289 3566 1578 3633 exercitu
1617 3565 1842 3641 fuisse,
1881 3563 2056 3627 unde
2095 3562 2190 3627 illi
2226 3562 2489 3647 provin-

174 3680 339 3745 ciam
384 3677 861 3755 Macedoniam,
902 3676 1056 3741 huic
1098 3676 1349 3741 Italiam
1390 3672 1705 3759 obtigisse
1745 3682 2120 3737 statuemus.
2186 3668 2352 3733 Nam
2396 3670 2490 3735 sic

165 3790 409 3853 factum
452 3798 589 3853 erat
635 3808 802 3852 anno
854 3784 993 3859 171,
1050 3805 1175 3869 quo
1216 3782 1366 3847 Liv.
1405 3780 1550 3846 libr.
1588 3780 1814 3857 XLII,
1859 3780 1934 3847 31
1983 3778 2072 3843 ait
2113 3776 2490 3843 consulibus

163 3898 465 3964 decretas
532 3917 675 3961 esse
733 3892 985 3959 Italiam
1045 3907 1109 3957 et
1162 3888 1612 3955 Macedoniam
1633 3933 1651 3964 ,
1718 3883 2120 3973 praetoribus
2183 3882 2491 3961 Siciliam,

170 4006 565 4082 Sardiniam,
608 4002 1013 4089 Hispaniam,
1060 3998 1375 4065 urbanam
1410 4008 1476 4062 et
1517 3994 1926 4082 peregrinam
1962 3991 2492 4068 iurisdictionem,

166 4115 450 4201 denique
518 4112 814 4179 classem.
932 4107 1067 4192 Qui
1115 4117 1331 4173 autem
1384 4102 1638 4171 Italiam
1697 4112 2030 4188 acceperat
2085 4098 2163 4167 C.
2222 4097 2492 4165 Cassius

170 4224 401 4291 consul
442 4221 627 4311 (Liv.
652 4218 765 4285 lib.
805 4216 1033 4295 XLII,
1077 4215 1220 4300 32),
1262 4236 1391 4279 non
1433 4211 1502 4277 in
1543 4211 1654 4277 illa
1693 4211 1828 4277 sola
1868 4219 2164 4275 versatus
2200 4218 2319 4285 est,
2377 4205 2495 4273 sed
