2917 5017
388 272 469 339 38
1045 274 1133 339 ,ΒΘ
1168 272 1341 323 Gallia
1377 272 1729 323 Romanorum
1779 272 2056 336 provincia.

385 439 631 523 aliquid
676 438 923 503 sancire
968 446 1237 523 poterat.
1298 434 1558 499 Etenim
1588 433 2053 518 Transpadana
2099 432 2330 510 Gallia,
2372 455 2558 518 quae
2603 431 2736 495 dici

388 547 569 621 solet,
618 546 775 629 quid
822 544 1081 610 tandem
1128 544 1372 607 factum
1414 542 1554 605 est?
1619 541 1704 605 Ei
1745 553 2040 628 potuerat
2079 552 2250 607 certe
2291 542 2440 605 dari
2497 539 2736 604 civitas

386 675 517 718 non
560 653 772 717 minus
818 663 991 717 recte
1048 673 1241 734 quam
1296 649 1562 732 reliquis
1601 648 1818 725 Italis3
1887 671 2216 733 nunquam
2261 650 2454 714 'enim
2505 647 2737 711 Padus

384 762 475 825 ita
511 761 852 825 terminum
896 758 1217 843 quendam
1254 756 1336 820 in‘
1366 755 1552 820 Italia
1590 755 1821 831 effecit,
1863 766 1938 819 ut
1983 756 2094 840 qui
2141 758 2298 821 citra
2335 779 2498 820 eum
2547 755 2736 819 habi-

386 878 615 944 tarent,
662 868 941 943 meliore,
986 866 1096 950 qui
1118 865 1306 941 ultra,
1355 864 1673 928 deteriore
1701 863 1844 927 iure
1869 874 2224 928 uterentur.
2269 864 2490 948 quue
2529 864 2738 949 vulgo

386 975 549 1040 adeo
592 975 917 1039 Romanos
974 974 1373 1037 existimasse
1438 972 1630 1036 docet
1674 968 1906 1035 Cicero
1963 971 2045 1036 de
2101 972 2206 1035 off.
2246 972 2382 1048 ΙΠ,
2436 972 2566 1048 22,
2628 972 2737 1055 qui

387 1080 739 1148 Curionem
782 1093 1030 1158 narrat,
1092 1104 1241 1145 cum
1287 1102 1548 1145 causam
1588 1077 2198 1163 Transpadanorum
2255 1102 2538 1162 aequam
2591 1101 2736 1143 esse

387 1190 647 1266 diceret,
686 1212 937 1276 semper
956 1189 1311 1263 addidisse,
1357 1188 1642 1251 vinceret
1666 1186 1910 1251 utilitas
1943 1186 2350 1271 reipublicae.
2413 1188 2740 1270 Aequum

385 1296 587 1383 igitur
627 1319 771 1361 esse
797 1295 1061 1380 putabat
1083 1295 1603 1381 Transpadanos,
1647 1316 1918 1378 quorum
1951 1314 2147 1359 causa
2180 1318 2218 1357 a
2241 1295 2522 1379 reliquis
2552 1294 2740 1358 Italis

386 1405 545 1471 nihil
586 1403 1011 1489 discrepabat,
1052 1403 1308 1467 civitate
1334 1401 1582 1477 donari,
1629 1401 1745 1465 sed
1785 1400 1926 1465 fieri
1966 1402 2037 1465 id
2075 1400 2352 1477 nolebat,
2393 1426 2482 1466 ne
2516 1401 2742 1465 omnia

387 1511 779 1597 reipublicae
820 1510 1130 1574 beneficia
1180 1532 1311 1574 uno
1365 1520 1650 1593 tempore
1694 1507 2198 1573 effunderentur.
2278 1510 2544 1575 Eodem
2589 1532 2740 1595 per-

386 1620 548 1683 tinet
590 1618 821 1683 Dionis
867 1615 1081 1682 Cassii
1122 1616 1325 1693 locus,
1368 1616 1479 1699 qui
1525 1638 1724 1701 supra
1763 1615 1992 1681 allatus
2038 1626 2167 1691 est3
2223 1640 2370 1681 nam
2415 1638 2740 1682 censores

386 1726 537 1789 anni
566 1725 649 1789 65
694 1724 749 1788 si
791 1725 873 1789 de
914 1724 1170 1789 civitate
1189 1723 1670 1808 Transpadanis
1711 1722 1926 1787 danda
1966 1724 2372 1789 dissidebant
2409 1748 2538 1789 nec
2585 1725 2738 1788 ideo

388 1833 699 1919 populum
738 1832 883 1918 lege
922 1833 1189 1897 ferenda
1230 1832 1600 1896 adeundum
1645 1853 1788 1895 esse
1830 1830 2160 1916 putabant,
2204 1831 2379 1895 haud
2411 1831 2634 1898 dubia
2667 1855 2738 1895 ea

392 1940 778 2025 significatio
824 1951 953 2016 est,
1018 1939 1276 2022 legibus
1326 1939 1590 2023 quidem
1633 1961 1852 2003 earum
1899 1962 2158 2003 causam
2203 1939 2474 2005 eandem
2513 1940 2738 2004 fuisse

388 2068 462 2111 ac
524 2046 807 2130 reliquae
851 2046 1093 2110 Italiae.
1188 2045 1323 2110 Sed
1390 2068 1520 2109 non
1585 2067 1728 2109 esse
1793 2044 2006 2109 datam
2071 2046 2392 2112 civitatem
2452 2057 2740 2121 constat,

388 2163 558 2217 certe
600 2176 725 2217 non
771 2152 1102 2227 omnibus3
1148 2175 1295 2217 nam
1338 2151 1630 2216 nonnulli
1673 2174 1756 2215 ex
1793 2152 1874 2217 iis
1921 2154 2074 2236 quin
2100 2156 2206 2219 vel
2236 2154 2598 2219 habuerint
2629 2155 2738 2219 vel

386 2260 745 2345 acceperint
782 2259 943 2325 nihil
981 2260 1213 2325 obstat.
1298 2258 1450 2341 Quo
1499 2270 1711 2323 autem
1751 2260 1893 2323 iure
1943 2261 2162 2324 erant?
2215 2259 2448 2325 Latino
2487 2271 2738 2348 putant

384 2366 571 2431 multi
612 2366 1050 2452 imprimisque
1092 2366 1446 2451 Savignius
1494 2366 1576 2431 de
1609 2366 1842 2430 tabula
1885 2365 2304 2431 Heracleensi
2349 2368 2455 2450 (in
2509 2368 2734 2432 annal.

388 2473 742 2558 iurisprud.
782 2474 932 2539 hist.
970 2474 1079 2537 IX
1125 2496 1185 2558 p.
1232 2474 1405 2558 312),
1445 2473 1558 2557 qui
1599 2496 1727 2556 quo
1771 2484 2056 2558 tempore
2095 2473 2325 2557 reliqui
2362 2476 2514 2541 Itali
2565 2475 2732 2540 civi·-

370 2582 582 2645 ‘tatem
625 2579 1015 2665 acceperint,
1071 2581 1300 2645 eodem
1343 2601 1564 2643 omnes
1611 2579 2108 2667 Transpadanos
2170 2580 2252 2645 ad
2295 2580 2732 2647 Latinitatem

386 2686 726 2751 translatos
787 2709 930 2752 esse
988 2700 1225 2753 censet.
1300 2687 1562 2753 Etenim
1605 2687 1931 2751 Asconius
1988 2687 2054 2750 in
2103 2684 2361 2752 Cornel.
2407 2712 2471 2773 p.
2524 2691 2565 2755 3
2633 2689 2728 2754 sic

392 2794 619 2859 refert:
691 2799 893 2877 Neque
941 2798 1109 2859 illud
1144 2798 1273 2858 diez·
1309 2804 1538 2877 potest,
1599 2800 1686 2857 sic
1729 2818 1864 2857 eam
1907 2799 2211 2857 coloniam
2259 2795 2724 2880 (Placentiam)

386 2926 507 2967 esse
550 2905 877 2966 deductam
892 2952 907 2980 ,
962 2905 1476 2984 quemadmodum
1510 2912 1652 2985 post
1696 2906 1914 2983 plures
1961 2912 2190 2965 aetates
2232 2912 2343 2965 Cn.
2386 2907 2718 2986 Pompeius

386 3011 609 3073 Strabo
655 3010 739 3093 (is
781 3010 921 3093 ipse
962 3009 1044 3074 de
1088 3032 1216 3093 quo
1259 3012 1536 3096 agimus,
1579 3031 1706 3075 cos.
1750 3032 1916 3074 anno
1959 3010 2090 3091 89),
2140 3020 2328 3092 pater
2375 3019 2485 3073 Gn.
2532 3017 2720 3075 Pom-

380 3119 513 3197 peii
551 3120 817 3197 Magni,
871 3118 1363 3195 Transpadanus
1408 3120 1682 3179 colonias
1722 3119 2081 3180 deduxerat.
2169 3121 2494 3199 Pompeius
2548 3124 2722 3183 enim

386 3244 513 3285 non
554 3227 727 3285 novis
770 3226 1001 3285 colonis
1035 3245 1137 3283 eas
1181 3227 1534 3298 coustituit,
1580 3226 1685 3285 sed
1721 3224 2017 3285 veteribus
2059 3228 2278 3288 incolis
2323 3229 2724 3289 manentibus

387 3335 484 3392 ius
528 3332 697 3392 dedit
741 3334 939 3407 Latii,
990 3340 1066 3391 ut
1097 3339 1351 3411 possent
1385 3330 1604 3393 habere
1648 3336 1764 3409 ius,
1807 3334 1972 3411 quod
2013 3342 2247 3395 ceterae
2295 3334 2568 3397 Latinae
2609 3358 2720 3397 co-

388 3440 623 3514 loniae,
679 3438 751 3499 id
782 3446 899 3513 est,
954 3447 1031 3499 ut
1058 3440 1327 3519 gerendo
1370 3443 1778 3519 magistratus
1819 3444 2130 3502 civitatem
2175 3444 2526 3503 Romanam
2570 3446 2717 3504 adi-

379 3547 785 3623 piscerentur.
879 3543 1060 3626 Quid
1124 3544 1369 3631 igitur?
1463 3545 1638 3611 Num
1704 3546 1852 3611 hinc
1915 3569 2136 3612 omnes
2203 3547 2716 3631 Transpadanos

385 3650 801 3715 Latinitatem
838 3652 1159 3738 accepisse
1183 3653 1601 3739 colligemus?
1644 3653 1870 3743 Nonne
1897 3662 2100 3718 'omnes
2120 3653 2442 3721 Asconius
2467 3653 2716 3719 addere

388 3757 659 3823 debuit?
698 3758 893 3823 Nunc
915 3759 971 3835 si
992 3759 1137 3843 quis
1162 3758 1444 3825 Gallicas
1475 3762 1581 3827 vel
1599 3762 1987 3847 Hispanicas
2029 3765 2312 3829 colonias
2357 3759 2714 3827 deduxisse

387 3875 703 3940 narratur,
742 3866 887 3948 quis
928 3865 1020 3933 ita
1046 3866 1115 3931 id
1137 3867 1344 3952 possit
1364 3868 1786 3955 interpretari,
1821 3880 1895 3932 ut
1913 3869 2284 3936 universam
2304 3871 2409 3937 vel
2430 3869 2710 3936 Galliam

388 3971 492 4036 vel
516 3970 899 4056 Hispaniam
921 3973 1157 4038 Latino
1183 3974 1325 4039 iure
1346 3974 1649 4041 ‘donatam
1671 3999 1816 4041 esse
1841 3978 2205 4043 existimet?
2229 3979 2330 4044 Ac
2358 3978 2710 4045 Suetonius

390 4074 581 4142 Caes.
620 4078 680 4156 8,
724 4080 837 4163 qui
882 4080 1252 4147 dictatorem
1298 4078 1639 4149 Caesarem
1683 4107 1849 4151 anno
1885 4086 1968 4152 60
2016 4109 2095 4151 ex
2132 4098 2430 4170 praetura
2465 4088 2709 4175 Hispa-

386 4184 595 4251 niensi
639 4185 1078 4276 decedentem
1101 4200 1319 4255 narrat
1372 4191 1653 4257 colonias
1697 4192 1966 4259 Latinas
2007 4194 2089 4259 de
2135 4194 2412 4279 petenda
2455 4195 2708 4261 civitate

387 4292 707 4377 agitantes
762 4295 1011 4373 adisse,
1071 4298 1386 4381 numquid
1428 4320 1649 4365 omnes
1696 4301 2190 4387 Transpadanos
2235 4302 2508 4369 Latinae
2555 4326 2705 4370 con-
