2917 5017
845 315 928 363 De
961 316 1224 364 dictatoris
1259 314 1496 365 Caesaris
1532 314 1833 364 honoribus.
2376 313 2499 380 235

175 464 541 561 imperator*
561 484 787 543 iterum
807 527 825 557 ,
880 488 1018 542 tum
1067 477 1580 542 constantissime
1635 480 1975 557 imperator
2027 480 2501 564 appellaretur?

177 588 410 671 Neque
465 588 631 651 enim
688 588 992 652 honorem
1016 634 1032 661 ,
1092 586 1204 670 qui
1255 586 1320 648 in
1371 584 1600 648 iterato
1638 586 1895 650 nomine
1938 587 2341 672 imperatoris
2382 601 2499 665 est,

179 697 236 759 si
293 696 423 759 fuit
477 696 674 760 semel
717 704 1042 781 receptae,
1098 694 1186 757 ita
1233 702 1458 779 postea
1498 693 1745 778 negligi
1788 694 2155 779 oportebat,
2214 706 2288 757 ut
2332 718 2501 759 nun-

177 826 378 889 quam
438 814 873 888 usurparetur.
981 801 1151 865 Tum
1205 801 1272 864 in
1325 801 1725 865 numerando
1782 802 2039 866 nomine
2094 802 2501 888 imperatorio

173 934 348 995 quae
390 911 554 975 ratio
595 920 808 995 potest
853 909 1164 993 cogitari?
1230 908 1404 972 Num
1447 908 1749 973 omnibus
1792 908 2063 973 Gallicis
2106 907 2292 974 bellis
2332 907 2499 975 Cae-

177 1042 390 1085 sarem
435 1019 630 1083 semel
669 1028 913 1081 tantum
951 1017 1398 1101 imperatorem
1433 1018 1673 1081 factum
1714 1038 1857 1081 esse
1893 1014 2303 1101 putabimus?
2370 1019 2499 1095 An,

173 1126 487 1211 quoniam
543 1124 1094 1210 Vercingetorigis
1151 1124 1368 1208 imago
1421 1123 1639 1189 addita
1692 1135 1822 1199 est,
1878 1146 2079 1188 unum
2128 1148 2361 1191 nomen
2419 1150 2500 1192 ex

173 1235 451 1319 reliquis
493 1233 784 1320 proeliis,
835 1232 1106 1295 alterum
1149 1254 1230 1295 ex
1273 1242 1557 1296 extremo
1597 1233 1709 1297 illo
1750 1234 2021 1297 relatum
2068 1256 2210 1299 esse
2258 1246 2498 1299 statue-

181 1365 354 1418 mus,
404 1364 532 1425 quo
569 1339 1052 1425 Vercingetorix
1094 1350 1318 1424 captus
1361 1339 1499 1403 est?
1572 1339 1756 1403 Haec
1794 1354 1857 1405 et
1898 1364 2120 1405 omnes
2156 1343 2501 1407 movebant

175 1461 241 1513 et
281 1472 388 1513 me
433 1450 523 1514 ita
563 1449 775 1513 hercle
817 1448 898 1511 ab
941 1446 1123 1511 initio
1167 1446 1552 1523 affecerunt,
1610 1459 1684 1511 ut
1730 1448 1813 1512 de
1858 1450 2105 1513 nummi
2150 1449 2325 1513 illius
2370 1450 2499 1515 fide

181 1556 571 1621 dubitarem.
644 1553 1038 1630 Accedebat,
1079 1554 1254 1638 quod
1294 1554 1468 1639 apud
1508 1578 1639 1631 eos,
1680 1556 1791 1639 qui
1828 1558 2177 1621 recentiore
2216 1568 2499 1645 tempore

175 1656 340 1747 quos
393 1666 523 1750 ipsi
577 1664 894 1728 vidissent
937 1685 1244 1727 nummos·
1275 1663 1705 1746 collegerunt,
1763 1664 2004 1729 nullam
2046 1688 2315 1750 prorsus
2358 1668 2497 1731 eius

175 1774 570 1837 mentionem
609 1772 747 1837 fieri
792 1769 1124 1847 videbam,
1171 1771 1348 1834 velut
1383 1771 1492 1834 ille
1510 1817 1529 1847 ,
1571 1793 1764 1856 quem
1806 1794 1997 1856 saepe
2033 1772 2325 1849 laudavi,
2369 1771 2497 1839 Ca-

175 1881 522 1956 vedonius,
567 1882 677 1965 qui
720 1880 944 1944 aetatis
983 1878 1363 1963 Augusteae
1402 1901 1699 1942 nummos
1744 1878 1810 1941 in
1850 1878 2086 1942 Annal.
2128 1880 2281 1943 Inst.
2323 1881 2497 1946 arch.

173 1990 324 2053 anni
369 1990 532 2054 1850
571 2012 635 2073 p.
669 1990 785 2051 150
835 1988 1178 2072 diligenter
1218 1986 1497 2072 collegit,
1544 2008 1689 2051 cum
1732 1986 2013 2069 reliquos
2057 2010 2353 2051 nummos
2394 2012 2497 2054 re-

173 2108 458 2173 censeat,
505 2096 680 2160 hunc
719 2117 848 2159 non
893 2106 1363 2158 commemorat.
1445 2094 1537 2158 At
1582 2105 1905 2158 auctorem
1951 2089 2307 2160 Eckhelius
2350 2098 2500 2161 citat

172 2204 583 2279 Morellium,
643 2203 753 2288 qui
807 2202 910 2267 bis
961 2201 1251 2277 exhibet,
1308 2202 1374 2264 in
1413 2201 1611 2266 Thes.
1650 2203 1876 2287 imper.
1916 2202 2103 2266 Rom.
2142 2226 2319 2268 num.
2366 2205 2496 2269 tab.

169 2312 269 2375 IV
309 2336 376 2375 n.
411 2313 486 2377 15
511 2322 574 2375 et
596 2312 698 2387 20,
743 2321 806 2374 et
843 2312 909 2373 in
947 2311 1097 2373 fam.
1139 2310 1324 2372 Rom.
1365 2331 1542 2374 num.
1581 2308 1747 2373 inter
1784 2310 2063 2375 incertos
2106 2311 2235 2375 tab.
2257 2311 2499 2377 XVIII

170 2444 236 2483 n.
284 2420 400 2496 20,
459 2419 529 2482 in
579 2418 983 2484 annotatione
1040 2426 1253 2480 autem
1301 2438 1449 2479 eum
1492 2441 1531 2482 a
1572 2415 1835 2481 Goltzio
1900 2417 1965 2483 in
2011 2418 2227 2483 Fastis
2268 2442 2333 2504 p.
2379 2421 2497 2486 174

167 2528 426 2591 editum
477 2549 618 2591 esse
674 2525 928 2601 scribit,
989 2524 1223 2588 deinde
1267 2524 1853 2609 interpretationem
1900 2536 1963 2589 et
2008 2526 2280 2591 aliorum
2324 2528 2496 2593 viro-

167 2658 320 2699 rum
367 2636 697 2698 doctorum
746 2643 808 2696 et
853 2654 1034 2697 suam
1075 2632 1290 2709 addit,
1335 2654 1501 2716 quae
1546 2656 1694 2696 cum
1734 2633 2060 2717 praeclare
2104 2658 2251 2699 cum
2295 2636 2493 2700 rebus

167 2742 250 2805 ab
301 2739 584 2807 Caesare
627 2740 832 2827 gestis
869 2740 1212 2805 convenire
1255 2741 1604 2817 videretur,
1650 2754 1933 2805 extremo
1974 2743 2119 2807 loco
2162 2743 2337 2807 hunc
2378 2744 2495 2808 de-

169 2850 428 2914 narium
475 2848 544 2915 in
587 2868 814 2917 corum
857 2868 1196 2913 numerum
1241 2848 1691 2913 asciscendum
1732 2872 1875 2913 esse
1919 2850 2174 2925 scribit,
2216 2850 2327 2933 qui
2366 2874 2495 2915 non

172 2958 304 3023 sint
363 2957 494 3021 ficti
552 2956 632 3020 ab
679 2954 976 3032 GoltziO,
1035 2954 1150 3018 sed
1206 2978 1356 3021 vere
1413 2956 1557 3020 visi.
1664 2955 1849 3020 Haec
1902 2957 2106 3041 igitur
2156 2966 2255 3021 est
2312 2958 2495 3043 origo

169 3065 423 3131 nummi
459 3065 663 3140 illius,
712 3063 825 3147 qui
867 3062 1023 3147 quin
1065 3073 1240 3128 totus
1287 3064 1366 3127 sit
1407 3064 1781 3139 ementitus,
1824 3065 1946 3127 iam
1987 3085 2175 3129 nemo
2220 3067 2495 3152 amplius

171 3172 517 3239 dubitabit.
609 3171 816 3236 Nemo
861 3171 1028 3234 enim
1072 3193 1355 3255 unquam
1401 3171 1674 3236 similem
1718 3171 1911 3249 vidit,
1976 3182 2224 3257 pugnat
2278 3187 2495 3259 aperte

171 3305 322 3347 cum
381 3281 774 3366 reliquarum
820 3302 1036 3344 rerum
1080 3280 1415 3356 memoria,
1476 3281 1765 3364 prolatus
1808 3280 2086 3365 denique
2132 3292 2229 3345 est
2268 3282 2353 3347 ab
2398 3304 2495 3359 eo,

93 3427 97 3429 -
169 3412 367 3475 quem
423 3387 702 3474 plurima
751 3386 914 3452 falsa
965 3388 1034 3450 in
1088 3410 1157 3451 re
1207 3388 1565 3452 nummaria
1608 3388 1873 3453 finxisse
1920 3399 2184 3453 constat.
2274 3390 2491 3475 Atque

169 3498 367 3561 etiam
411 3496 578 3561 illud
615 3496 882 3580 reperiri
924 3505 1156 3581 potest,
1201 3495 1376 3579 quod
1421 3507 1485 3561 et
1530 3495 1883 3571 Goltzium,
1926 3495 2242 3561 hominem
2288 3520 2490 3563 nova-

168 3627 316 3669 rum
377 3604 748 3690 opinionum
809 3614 1366 3669 monumentorum
1411 3605 1641 3670 fraude
1688 3604 2266 3669 confirmandarum
2310 3606 2491 3690 cupi-

171 3712 538 3789 dissimum,
581 3712 665 3776 ad
703 3711 826 3775 hoc
847 3711 1250 3795 potissimum
1273 3712 1589 3777 mendacii
1614 3733 1821 3798 genus
1848 3710 2193 3775 adduxerit
2220 3722 2285 3775 et
2316 3712 2492 3777 Eck·

170 3820 448 3895 helium,
511 3819 999 3905 sagacissimum
1058 3820 1539 3885 mendaciorum
1598 3818 2089 3885 Goltzianorum
2137 3820 2493 3906 investiga-

171 3940 406 4003 torem,
469 3927 552 3992 ab
602 3926 967 4011 suspicione
1023 3928 1344 3991 averterit.
1444 3928 1700 3993 Etenim
1765 3950 1893 3991 non
1952 3926 2143 4011 pauci
2194 3924 2491 3994 Caesaris

173 4036 421 4099 nummi
467 4044 651 4111 sunt,
697 4034 764 4097 in
809 4056 1084 4126 quorum
1127 4056 1258 4099 una
1297 4046 1477 4120 parte
1521 4046 1855 4120 tropaeum
1900 4046 2001 4100 est
2040 4056 2189 4099 cum
2234 4034 2489 4101 nomine

176 4139 509 4218 Caesaris,
569 4142 636 4206 in
695 4142 892 4206 altera
949 4151 1140 4227 caput
1197 4140 1302 4206 vel
1354 4142 1593 4207 Vestae
1656 4143 1759 4207 vel
1798 4138 2089 4209 'Veneris
2154 4164 2303 4208 cum
2364 4142 2490 4208 hoc

177 4250 362 4335 signo
411 4248 562 4314 IIT.
657 4248 856 4331 Quod
919 4250 1244 4334 quomodo
1307 4250 1857 4334 interpretandum
1918 4251 2033 4326 sit,
2096 4248 2489 4314 dissentiunt

177 4356 578 4443 Borghesius
623 4354 786 4422 Obs.
828 4378 1002 4420 num.
1045 4356 1140 4438 X,
1177 4357 1213 4422 7
1263 4356 1528 4445 (Dium.
1574 4355 1815 4422 Arcad.
1866 4358 2042 4433 1823,
2084 4358 2123 4422 2
2167 4380 2228 4441 p.
2272 4357 2381 4441 40)
2428 4369 2491 4423 et
