2917 5017
417 348 542 415 366
1047 352 1128 401 De
1159 351 1533 415 propagatione
1566 349 1785 399 civitatis
1818 348 2101 399 Romanae.

418 526 484 581 et
525 516 666 579 iure
705 514 1044 589 honorum,
1086 514 1328 599 quique
1369 512 1438 575 in
1484 511 1563 575 iis
1614 521 1813 588 erant,
1868 510 2191 576 civitatem
2246 512 2385 575 sine
2435 508 2751 595 suffragio

418 621 656 689 habere
703 622 1026 698 dicuntur,
1077 624 1276 687 altera
1317 620 1561 707 optimo
1600 620 1739 683 iure
1783 620 2061 683 civitatis
2105 618 2437 684 Romanae
2480 619 2751 683 uteban-

421 744 546 797 tur.
635 732 740 796 De
781 731 882 796 his
935 754 1062 796 non
1123 742 1220 795 est
1265 730 1389 793 hoc
1446 730 1585 793 loco
1638 727 1826 793 nobis
1878 726 2371 807 disputandum3
2432 726 2750 813 plurimos

419 842 592 907 enim
635 862 716 905 ex
755 840 836 905 iis
875 849 1125 905 constat
1175 837 1258 903 ad
1313 860 1601 903 summos
1647 837 1711 899 in
1759 835 2093 921 republica
2136 836 2429 901 Romana
2473 836 2749 899 honores

419 972 568 1015 esse
607 958 888 1022 evectos,
931 969 1052 1011 nec
1097 946 1442 1030 quicquam
1486 946 1745 1009 omnino
1788 945 2015 1022 fuisse,
2064 966 2192 1029 quo
2220 944 2455 1009 ceteris
2498 940 2750 1007 civibus

421 1056 732 1123 Romanis
785 1055 1024 1120 cedere
1089 1053 1481 1119 viderentur.
1578 1053 1689 1118 Ad
1747 1053 1857 1117 illa
1914 1064 2128 1118 autem
2186 1052 2535 1138 pertinent,
2592 1072 2751 1132 quae

425 1167 614 1232 Paul.
657 1165 932 1230 Diacon.
987 1184 1068 1227 ex
1119 1162 1318 1227 Festo
1379 1186 1430 1227 s.
1486 1160 2015 1247 v.'municipium
2076 1168 2166 1246 (p.
2214 1162 2331 1226 125
2383 1160 2491 1225 ed.
2536 1158 2752 1239 Mun.)

419 1275 650 1341 habet:
697 1276 1117 1353 Municipium
1161 1273 1229 1332 id
1263 1292 1463 1350 genus
1508 1272 1825 1333 hominum
1870 1274 2119 1347 dicitur,
2164 1275 2276 1351 qui
2313 1292 2457 1333 cum
2492 1272 2753 1331 Romam

431 1388 736 1447 venissent
781 1404 974 1462 neque
1025 1382 1182 1441 cives
1241 1381 1517 1439 Romani
1568 1388 1779 1452 essent,
1833 1381 2171 1460 participes
2216 1390 2429 1442 tamen
2467 1379 2756 1459 suerunt

419 1496 704 1553 omnium
742 1510 952 1551 rerum
997 1490 1084 1549 ad
1120 1508 1349 1549 munus
1373 1488 1791 1566 fungendum
1834 1509 1967 1547 una
2006 1510 2147 1549 cum
2178 1490 2482 1550 Romanis
2506 1482 2756 1555 civibus,

413 1609 854 1679 praeterquam
913 1598 986 1659 de
1035 1596 1352 1675 suffragio
1400 1595 1669 1671 ferendo
1722 1606 1836 1657 aut
1883 1599 2264 1676 magistratu
2314 1594 2627 1675 capiendo
2688 1628 2753 1637 --

423 1709 535 1787 qui
580 1716 722 1787 post
767 1708 1005 1785 ale’quot
1043 1724 1241 1764 annos
1280 1708 1435 1765 cives
1488 1705 1763 1765 Romani
1797 1703 2013 1783 ffecti
2048 1715 2217 1769 sunt.
2300 1702 2495 1785 Quae
2544 1699 2763 1784 qualia

423 1813 684 1888 fuerint,
731 1812 883 1877 satis
934 1812 1086 1875 hinc
1136 1810 1539 1895 intelligitur.
1616 1810 1877 1883 Etenim
1928 1812 2243 1897 privatam
2298 1811 2584 1876 civitatis
2630 1810 2761 1873 Ro-

422 1944 646 1987 manae
681 1931 920 2006 partem
967 1916 1312 1995 habebant,
1357 1918 1617 2003 publica
1657 1920 1979 1997 carebant,
2029 1943 2299 2005 prorsus
2354 1919 2439 1985 ad
2486 1918 2761 1983 eandem

424 2030 756 2104 rationem,
799 2051 930 2113 qua
973 2050 1168 2112 supra
1212 2026 1595 2092 Latinorum
1636 2028 1961 2114 principes
2003 2030 2450 2115 exposuimus.
2524 2028 2763 2092 Melior

423 2138 630 2223 igitur
671 2159 892 2201 eorum
937 2134 1228 2201 condicio
1271 2146 1408 2199 erat
1451 2159 1643 2220 quam
1670 2137 2081 2203 Latinorum:
2128 2161 2210 2203 ex
2250 2139 2353 2202 his
2392 2138 2443 2201 ii
2488 2148 2759 2212 tantum,

423 2247 534 2330 qui
579 2246 993 2329 magistratus
1048 2255 1402 2329 gesserant,
1459 2246 1717 2312 civitate
1770 2247 1881 2311 illa
1937 2245 2301 2325 utebantur,
2349 2269 2431 2311 ex
2480 2246 2762 2310 munici-

426 2357 553 2440 piis
607 2376 850 2429 omnes,
907 2374 1026 2417 nec
1087 2353 1289 2437 probo
1345 2375 1569 2427 eorum
1628 2354 1915 2419 virorum
1970 2355 2307 2420 doctorum
2364 2354 2761 2440 opinionem,

422 2463 536 2547 qui
579 2462 764 2546 quasi
808 2461 1034 2524 horum
1079 2461 1579 2545 municipiorum
1617 2462 1877 2526 fortuna
1916 2462 2261 2528 deterrima
2299 2464 2562 2539 fuisset,
2606 2486 2765 2549 poe-

425 2593 546 2635 nae
591 2579 840 2635 tantum
881 2569 1024 2633 loco
1069 2568 1394 2633 civitatem
1449 2571 1585 2637 sine
1634 2571 1943 2656 suffragio
1971 2571 2109 2635 dari
2150 2572 2579 2637 consuevisse
2612 2594 2765 2636 cen-

429 2690 592 2743 sent.
663 2678 920 2743 Poenae
965 2675 1226 2761 quidem
1269 2677 1324 2741 si
1367 2678 1527 2761 quid
1572 2679 1953 2755 addebatur,
1993 2680 2064 2743 id
2104 2680 2211 2743 vel
2250 2680 2316 2743 in
2362 2681 2503 2763 agri
2536 2680 2763 2745 adem-
2877 2688 2879 2699 '

427 2787 646 2872 ptione
693 2786 799 2851 vel
839 2784 906 2848 in
947 2784 1338 2871 reipublicae
1387 2787 1841 2853 constitutione
1881 2788 1987 2852 vel
2026 2787 2093 2851 in
2136 2787 2279 2853 aliis
2316 2788 2517 2854 rebus
2566 2789 2759 2853 situm

427 2906 591 2960 erat:
639 2894 888 2971 civitas,
927 2894 1222 2979 quamvis
1263 2896 1403 2960 iure
1449 2896 1739 2981 suffragii
1786 2905 1850 2960 et
1874 2896 2189 2961 honorum
2230 2919 2482 2973 carens,
2516 2920 2606 2961 ex
2636 2920 2759 2981 quo

431 3002 692 3067 omnino
750 3001 1092 3087 imperium
1155 3003 1515 3068 Romanum
1570 3004 1787 3089 aliquo
1847 3004 1918 3067 in
1977 3026 2245 3069 numero
2309 3027 2455 3070 esse
2524 3005 2757 3090 coepit,

433 3135 686 3198 semper
729 3133 844 3198 pro
877 3110 1164 3197 praemio
1207 3111 1426 3175 datum
1477 3122 1594 3188 est,
1638 3112 2059 3198 proximaque
2106 3113 2193 3175 ad
2236 3114 2555 3199 optimum
2600 3113 2757 3178 civi·

431 3221 580 3285 tatis
621 3220 950 3285 Romanae
1005 3218 1110 3283 ius
1155 3231 1308 3283 erat.
1395 3219 1821 3284 praestabant
1860 3231 2075 3285 autem
2118 3221 2373 3286 Latinis
2413 3222 2613 3286 etiam
2662 3243 2757 3297 eo,

429 3327 608 3411 quod
651 3325 1120 3390 honoratiorem
1167 3326 1428 3391 militiae
1473 3327 1688 3401 locum
1732 3325 2086 3405 habebant3
2150 3328 2279 3413 ipsi
2330 3329 2503 3393 enim
2552 3330 2623 3393 in
2666 3331 2756 3394 le-

433 3434 762 3521 gionibus,
801 3433 895 3498 illi
933 3434 1101 3499 inter
1133 3433 1373 3499 auxilia
1407 3434 1741 3500 merebant
1775 3436 1981 3523 (Fest.
2011 3459 2075 3520 p.
2107 3436 2219 3501 131
2260 3447 2321 3501 et
2362 3437 2483 3502 142
2511 3438 2754 3521 Mau).

431 3541 652 3623 Quare
707 3553 1206 3608 consentaneum
1261 3553 1426 3619 erat,
1488 3554 1561 3607 ut
1618 3542 1717 3609 his
1780 3543 2215 3629 municipibus
2267 3541 2460 3609 etiam
2506 3545 2755 3611 facilior

423 3650 509 3715 ad
557 3650 862 3737 optimam
905 3649 1228 3714 civitatem
1270 3650 1627 3715 Romanam
1676 3650 1893 3716 aditus
1932 3663 2196 3738 pateret.
2276 3652 2351 3717 Si
2394 3654 2508 3737 qui
2554 3653 2755 3739 igitur

423 3759 832 3844 negotiorum
873 3780 1070 3823 causa
1091 3757 1333 3823 Romae
1373 3759 1802 3825 versabantur
1826 3759 2048 3844 ibique
2090 3759 2339 3827 incolae
2382 3774 2589 3839 erant,
2630 3785 2753 3827 non

405 3866 702 3933 'dubium
758 3890 900 3933 esse
953 3866 1168 3943 debet,
1223 3867 1378 3951 quin
1439 3868 1543 3944 iis,
1602 3878 1677 3931 ut
1719 3867 1973 3932 Latinis
2032 3889 2167 3932 una
2220 3868 2455 3946 tribus,
2516 3870 2585 3933 in
2628 3892 2753 3955 qua

426 3975 808 4060 suffragium
863 3976 1125 4050 ferrent,
1183 3974 1481 4059 patuerit,
1536 3975 1733 4059 idque
1778 3976 1993 4060 ipsum
2056 3976 2375 4063 significat
2418 3978 2665 4042 Festus
2712 3977 2752 4039 l.

423 4106 478 4149 s.
507 4084 551 4147 l.
580 4104 721 4146 oum
771 4088 1030 4145 Romam
1075 4087 1393 4160 venissent,
1433 4088 1711 4147 omnium
1746 4106 1957 4147 rerum
1977 4089 2191 4164 juisse
2207 4091 2553 4168 participer
2573 4109 2753 4167 prae-

423 4204 702 4275 terquam
747 4194 820 4255 de
861 4192 1176 4273 suffragio
1201 4194 1481 4271 ferendo
1496 4221 1515 4271 ‚-
1550 4213 1699 4255 nam
1740 4192 1795 4256 si
1826 4191 1969 4277 quis
2007 4192 2075 4256 in
2108 4192 2375 4259 fortuita
2411 4194 2591 4259 tribu
2620 4195 2751 4259 suf-

423 4300 708 4385 fragium
761 4300 980 4373 ferret,
1041 4298 1110 4363 id
1154 4321 1283 4363 non
1330 4322 1448 4385 pro
1492 4300 1635 4365 iure
1680 4300 1973 4386 suffragii
2018 4300 2309 4367 habitum
2363 4324 2513 4366 esse
2558 4324 2751 4389 supra

424 4408 730 4473 vidimus.
801 4408 987 4483 Item,
1033 4406 1090 4471 si
1127 4407 1240 4491 qui
1277 4409 1605 4495 translatis
1644 4408 1947 4475 omnibus
1992 4410 2269 4475 fortunis
2306 4410 2375 4474 in
2407 4409 2577 4475 urbe
2606 4434 2748 4491 con·
