2917 5017
771 360 854 410 De
897 359 1067 412 Gallia
1101 359 1449 411 Romanorum
1498 362 1774 426 provincia.
2346 360 2426 428 33

106 515 162 578 in
204 515 428 580 Pison.
471 541 538 603 p.
592 519 704 604 3),
767 521 1068 604 quoniam
1109 521 1194 586 ad
1231 520 1489 586 Padum
1550 522 1709 588 sitae
1756 534 1969 600 erant,
2030 547 2158 591 non
2212 527 2426 594 minus

102 633 260 688 recte
315 621 736 710 Cispadanae
796 651 991 712 quam
1050 627 1551 714 Transpadanae
1618 629 1867 696 Galliae
1920 633 2430 700 accensebantur

99 754 292 816 eoque
313 735 558 818 magis,
597 737 774 821 quod
817 737 960 822 ipsa
983 736 1447 821 Transpadana
1486 739 1671 824 regio
1708 762 1938 825 parum
1964 742 2155 807 certis
2184 741 2424 808 finibus

101 841 408 906 terminari
470 855 714 928 potest.
815 843 1224 929 Quamquam
1293 845 1502 910 omnis
1558 847 1717 912 haec
1776 849 2205 926 ratiocinatio,
2278 873 2425 916 cum

105 948 328 1012 nullum
375 947 804 1037 Cispadanae
861 962 921 1017 et
965 953 1471 1039 Transpadanae
1520 953 1769 1020 Galliae
1817 957 2165 1023 discrimen
2218 959 2425 1026 fuisse

109 1055 464 1136 dixerimus,
509 1061 814 1143 quamvis
841 1071 1144 1145 suscepta
1169 1072 1360 1139 esset,
1403 1072 1617 1127 tamen
1642 1063 1975 1131 videretur
1996 1088 2139 1132 esse
2156 1067 2423 1132 inutilis.

99 1166 178 1228 At
217 1166 366 1231 satis
416 1166 650 1232 valida
700 1178 852 1232 sunt
907 1180 1322 1254 argumenta,
1389 1192 1553 1254 quae
1616 1193 1727 1237 eos
1780 1174 1894 1257 qui
1950 1184 2131 1239 extra
2172 1173 2425 1240 Italiam

101 1285 258 1338 erant
283 1274 576 1341 Latinos
613 1299 744 1340 non
793 1298 936 1340 esse
983 1277 1256 1342 donatos
1298 1276 1557 1344 civitate
1602 1279 1893 1346 doceant.
1942 1282 2239 1348 Primum
2283 1283 2425 1368 ipsa

96 1382 174 1444 rei
213 1384 376 1449 ratio
421 1383 501 1447 id
551 1383 854 1448 ostendit.
941 1382 1395 1468 Sequebantur
1433 1386 1605 1452 enim
1644 1387 1915 1454 Romani
1964 1390 2027 1452 in
2071 1390 2217 1474 lege
2257 1392 2425 1458 Iulia

92 1488 234 1566 hoc,
299 1503 374 1555 ut
439 1493 680 1578 opinor
701 1540 721 1570 ,
787 1503 862 1559 ut
911 1502 1154 1557 metum
1219 1515 1300 1556 ex
1347 1493 1619 1578 imperio
1671 1495 1966 1562 tollerent
2011 1497 2422 1584 hostiumque

87 1620 420 1664 numerum
443 1649 462 1678 ‚
537 1601 650 1684 qui
713 1601 922 1686 ipsam
989 1600 1216 1666 urbem
1282 1612 1623 1687 urgerent,
1708 1605 2087 1671 minuerent.
2194 1607 2421 1691 Itaque

89 1707 562 1792 sapientissime
606 1709 937 1786 fecerunt,
1007 1710 1214 1794 quod,
1275 1731 1424 1775 cum
1471 1711 1787 1796 undique,
1854 1715 1966 1798 qui
2006 1714 2421 1780 victoriarum

87 1814 239 1878 olim
283 1817 444 1880 socii
487 1818 772 1893 fuerant,
825 1817 1154 1895 instarent,
1213 1818 1471 1884 civitate
1512 1819 1733 1883 multis
1776 1819 2035 1904 populis
2075 1833 2265 1906 atque
2310 1845 2422 1886 ur-

87 1922 282 1988 bibus
323 1924 552 1990 Italiae
599 1925 816 1990 danda
859 1925 1140 1991 hostium
1181 1926 1352 1990 vires
1401 1926 1787 2004 diviserunt,
1834 1929 2267 2013 paulatimque
2314 1953 2417 1994 se-

89 2031 338 2097 ditionis
372 2033 632 2100 semina
657 2033 1085 2098 sustulerunt:
1134 2033 1248 2098 sed
1273 2034 1453 2117 quid,
1502 2058 1762 2119 quaesO,
1801 2037 2095 2103 utilitatis
2118 2039 2417 2118 habebat,

93 2143 348 2226 populos
391 2153 586 2208 extra
622 2142 875 2207 Italiam
923 2142 1103 2219 sitos,
1159 2142 1270 2226 qui
1311 2143 1379 2206 in
1423 2143 1667 2209 nullam
1712 2144 1861 2209 belli
1908 2147 2417 2212 communionem

99 2250 296 2314 venire
333 2261 616 2335 possent
653 2272 774 2315 nec
814 2251 1154 2334 quicquam
1194 2251 1461 2336 periculi
1506 2252 1937 2330 minarentur,
1988 2276 2065 2318 60
2105 2253 2417 2322 beneficio

97 2359 354 2437 afficere,
411 2359 614 2444 quod,
655 2359 766 2442 qui
813 2359 1050 2444 optime
1097 2359 1178 2422 de
1229 2358 1499 2443 imperio
1538 2359 1829 2424 Romano
1862 2373 2248 2439 meruerant,
2288 2373 2419 2428 tam

99 2467 195 2531 diu
235 2469 496 2533 frustra
539 2466 1020 2553 expetiverant?
1080 2465 1286 2531 Erant
1335 2466 1529 2532 etiam
1572 2467 1829 2552 plurimi
1868 2469 2141 2534 Latinae
2194 2469 2418 2535 condi-

98 2576 279 2642 cionis
316 2577 621 2642 homines
654 2598 768 2662 per
793 2575 1156 2662 provincias
1197 2575 1567 2661 negotiandi
1617 2597 1814 2642 causa
1860 2577 2212 2654 constituti,
2253 2599 2416 2662 quos

103 2685 296 2750 subito
335 2686 607 2752 civitate
647 2684 874 2749 donari
917 2694 1052 2748 erat
1091 2706 1242 2748 sane
1285 2683 1531 2747 inutile.
1602 2683 1828 2767 Neque
1874 2685 2044 2749 enim
2090 2685 2415 2751 Romanos

107 2803 226 2855 tam
244 2795 476 2859 stultos
502 2793 706 2858 fuisse
727 2793 1128 2870 arbitramur,
1158 2803 1232 2857 ut
1257 2793 1475 2858 nescio
1503 2791 1690 2856 cuius
1718 2791 2111 2857 constantiae
2132 2813 2328 2858 causa
2354 2804 2418 2857 et

113 2919 189 2960 ne
223 2899 446 2986 dispari
484 2911 701 2966 essent
737 2900 1114 2966 condicione
1151 2901 1262 2985 qui
1293 2902 1460 2966 intra
1492 2899 1742 2965 Italiam
1772 2911 1954 2965 erant
1980 2921 2057 2964 ac
2088 2900 2200 2982 qui
2238 2911 2419 2965 extra

107 3027 228 3071 eam
270 3021 476 3087 erant,
518 3007 814 3073 omnibus
859 3008 1119 3073 omnino
1148 3010 1260 3092 qui
1293 3009 1534 3094 ubique
1568 3017 1785 3072 essent
1805 3006 2059 3072 Latinis
2092 3007 2417 3073 civitatem

99 3115 511 3202 impertirent.
597 3117 856 3182 Deinde
901 3117 957 3181 si
1000 3139 1132 3182 una
1175 3128 1330 3182 tunc
1378 3117 1526 3202 lege
1570 3138 1793 3180 omnes
1833 3115 2103 3181 Latinos
2148 3117 2216 3180 in
2256 3117 2415 3182 civi·-

105 3233 276 3290 tatem
299 3236 694 3311 receperunt
719 3238 1127 3310 veteremque
1148 3227 1518 3291 universam
1538 3224 1956 3289 Latinitatem
1983 3225 2415 3301 extinxerunt,

117 3352 216 3394 cur
247 3357 382 3399 non
419 3333 824 3398 retinuerunt
862 3347 1084 3420 postea
1109 3357 1256 3400 eum
1286 3356 1549 3410 morem,
1591 3343 1664 3396 ut
1687 3355 1813 3396 non
1834 3332 2142 3418 paulatim
2168 3331 2415 3399 Gallias

110 3451 164 3503 et
181 3441 538 3528 Hispanias
566 3453 627 3506 et
647 3443 926 3527 reliquas
949 3443 1314 3527 provincias
1337 3442 1591 3507 civitate
1615 3441 1928 3506 donarent
1951 3440 2417 3527 imperiumque

99 3553 260 3633 quod
307 3550 508 3616 armis
549 3561 868 3636 pararant,
911 3573 1039 3614 uno
1077 3551 1218 3614 iure
1247 3549 1729 3636 coniungerent,
1776 3547 1891 3612 sed
1920 3547 2275 3633 generatim
2306 3549 2417 3631 qui

97 3658 334 3743 ubique
391 3681 510 3744 per
552 3659 891 3745 imperium
939 3670 1144 3724 totum
1201 3669 1382 3722 erant
1396 3705 1414 3735 ,
1472 3658 1710 3722 honore
1762 3678 1839 3721 ac
1881 3657 2023 3720 iure
2064 3653 2419 3740 augerent?

95 3765 267 3830 Num
325 3767 535 3852 igitur
586 3789 872 3851 unquam
925 3769 1165 3833 factum
1221 3775 1350 3842 est,
1411 3777 1487 3830 ut
1534 3788 1698 3850 quae
1759 3765 2001 3849 ubique
2042 3785 2157 3848 per
2196 3783 2419 3826 01111166

95 3876 460 3960 provincias
489 3875 592 3940 vel
621 3874 986 3941 foederatae
1009 3885 1225 3942 essent
1253 3873 1545 3938 civitates
1580 3874 1686 3940 vel
1719 3872 1961 3940 liberae
2000 3871 2107 3937 vel
2126 3870 2419 3946 Latinae,

97 4007 220 4050 uno
280 3994 573 4069 tempore
629 3983 886 4048 civitate
947 3981 1380 4048 donarentur?
1479 3981 1588 4046 An
1638 3982 1762 4048 hoc
1818 3978 2281 4065 sequebantur,
2346 3989 2422 4044 ut

103 4093 390 4180 singulas
449 4092 756 4178 deinceps
810 4091 1178 4177 provincias
1231 4091 1338 4156 vel
1389 4089 1457 4153 in
1512 4090 1671 4176 ipsis
1719 4089 2067 4176 provinciis
2126 4085 2443 4172 singulos·
2518 4103 2539 4123 ⁸

101 4201 371 4288 populos
417 4221 496 4266 ac
539 4200 797 4286 singula
839 4199 1105 4286 oppida,
1154 4210 1346 4284 prout
1383 4199 1623 4283 quique
1666 4199 1981 4264 meruisse
2025 4196 2419 4270 viderentur,

105 4310 356 4375 civitate
403 4320 717 4395 augerent
731 4357 750 4386 ,
811 4307 966 4374 dum
1010 4316 1332 4394 postremo
1372 4307 1597 4393 paucis
1644 4307 1902 4372 omnino
1955 4301 2219 4388 reliquis
2232 4346 2250 4376 ,
2306 4300 2419 4383 qui

107 4419 238 4484 eius
275 4441 408 4483 non
451 4418 665 4501 aliqua
703 4428 880 4503 parte
921 4426 1258 4486 uterentur
1277 4461 1294 4491 ,
1342 4437 1477 4480 una
1512 4416 1660 4502 lege
1706 4437 1928 4480 omnes
1972 4407 2259 4478 universi
2297 4406 2420 4472 im-
