2917 5017
497 294 621 361 226
1161 298 1244 347 De
1283 294 1547 347 dictatoris
1586 291 1819 343 Caesaris
1859 258 2155 343 honoribus.

499 461 758 527 decreto
797 482 990 524 usum
1035 481 1178 523 esse
1217 454 1564 521 Caesarem
1604 463 1850 519 certum
1888 464 2009 528 est,
2052 464 2129 519 ut
2166 456 2441 540 spatium
2480 456 2635 521 illud
2671 479 2781 519 non
2834 446 2836 451 ’

497 569 692 653 paulo
736 568 1004 633 coartari
1047 565 1364 630 videatur.
1452 562 1863 647 Quamquam
1902 564 1986 626 ad
2031 562 2156 627 hoc
2198 574 2481 649 tempus,
2536 587 2656 648 quo
2691 566 2781 628 ille

499 676 836 741 consulatu
895 686 1122 757 quarto
1183 683 1446 737 ornatus
1510 668 1661 733 Sex.
1726 670 2102 755 Pompeium
2162 694 2557 756 persequens
2613 684 2783 735 totam

497 783 894 868 provinciam
939 780 1382 865 componebat,
1429 778 1705 863 pertinet
1740 777 1916 861 quod
1962 775 2299 863 Appianus
2344 777 2491 843 bell.
2532 780 2649 845 civ.
2682 781 2784 856 111,

508 893 622 957 103
676 892 794 954 ait:
859 890 1057 959 Αὐτὸς
1115 890 1184 951 δὲ
1237 890 1300 967 (ὃ
1344 884 1617 969 Καῖσαρ)
1673 886 1795 969 ἤδη
1856 886 2137 969 τέταρτον
2198 888 2516 951 ὑπατεύων
2572 889 2663 949 ἐπὶ
2701 892 2783 949 τὸν

499 998 634 1061 νέον
691 998 1008 1080 Πομπήϊον
1065 997 1416 1079 ἐστράτευεν
1475 994 1535 1056 ἐν
1581 992 1843 1081 Ἰβηρίᾳς
1906 1016 2055 1059 nam
2100 1003 2439 1077 postquam
2482 996 2549 1059 in
2587 994 2785 1059 urbem

499 1104 780 1181 advenit,
823 1103 1038 1169 abisse
1079 1126 1225 1167 eum
1269 1100 1651 1187 magistratu
1693 1112 2023 1185 totumque
2062 1102 2227 1167 illud
2264 1102 2345 1167 de
2382 1104 2786 1167 continuando

500 1235 617 1297 per
661 1212 886 1277 decem
937 1234 1137 1275 annos
1182 1210 1424 1273 honore
1469 1210 1847 1293 repudiasse
1898 1210 2039 1295 ipse
2079 1209 2223 1274 libr.
2264 1210 2334 1275 ΙΙ
2380 1232 2436 1275 c.
2489 1211 2598 1276 107
2642 1232 2787 1275 com-

503 1302 830 1384 memorat.
894 1316 1064 1383 Cum
1101 1317 1301 1402 igitur
1325 1314 1569 1381 Caesar
1610 1316 1837 1381 urbem
1877 1317 2277 1401 triumphans
2323 1317 2587 1381 ineunte
2615 1315 2787 1381 Octo-

499 1426 599 1491 bri
653 1450 871 1492 mense
925 1427 1261 1510 ingressus
1317 1435 1521 1501 esset,
1580 1425 1905 1490 abdicavit
1960 1448 2101 1492 sese
2142 1425 2527 1509 magistratu
2574 1447 2787 1508 suoque

498 1536 644 1599 loco
691 1534 962 1599 comitiis
1007 1533 1242 1597 habitis
1289 1532 1707 1597 sufficiendos
1756 1532 2005 1610 curavit
2042 1531 2125 1613 Q.
2152 1532 2431 1597 Fabium
2462 1532 2787 1597 Maximum

501 1654 564 1705 et
609 1641 686 1707 C.
728 1642 1122 1718 Trebonium
1169 1651 1314 1705 ante
1359 1641 1459 1704 III
1498 1641 1602 1704 Id.
1642 1638 1939 1715 Octobr.;
2006 1663 2156 1705 nam
2208 1639 2335 1702 hoc
2396 1640 2505 1703 die
2564 1638 2645 1721 Q.
2686 1640 2787 1703 Fa-

499 1749 680 1813 bium
731 1750 859 1814 iam
915 1750 1254 1814 consulatu
1308 1760 1602 1812 ornatum
1662 1768 1807 1811 cum
1860 1748 2181 1833 triumpho
2242 1746 2471 1811 urbem
2523 1747 2787 1811 introisse

498 1858 650 1924 fasti
679 1857 1098 1942 triumphales
1123 1867 1400 1932 narrant,
1423 1877 1545 1919 nec
1573 1855 1626 1919 si
1653 1854 1861 1918 medio
1886 1856 1991 1919 vel
2016 1866 2291 1919 exeunte
2316 1877 2543 1921 mense
2572 1855 2787 1919 suffecti

504 1977 750 2039 essent,
803 1964 1154 2029 Suetonius
1196 1962 1388 2029 Caes.
1431 1985 1485 2029 c.
1524 1963 1607 2029 76
1660 1984 1769 2025 eos
1806 1962 1869 2025 in
1906 1972 2035 2027 tres
2082 1986 2335 2027 menses
2380 1974 2635 2029 creatos
2672 1985 2789 2027 esse

501 2071 766 2135 diceret.
843 2072 1085 2135 Fuerat
1121 2071 1230 2135 hic
1265 2069 1509 2135 Fabius
1550 2080 1695 2133 ante
1738 2066 2031 2133 Caesaris
2070 2070 2137 2134 in
2182 2069 2510 2155 Hispania
2548 2072 2787 2155 legatus,

498 2179 896 2263 praemissus
945 2201 1023 2241 eo
1083 2200 1231 2241 cum
1285 2176 1368 2257 Q.
1415 2176 1657 2250 Pedio,
1720 2186 2053 2257 antequam
2103 2176 2243 2261 ipse
2296 2178 2789 2262 proficisceretur

500 2286 662 2371 (Dio
703 2286 975 2361 XLIII,
1023 2285 1132 2360 31;
1189 2294 1358 2348 auct.
1403 2281 1551 2347 bell.
1590 2282 1864 2367 Hispan.
1917 2306 1963 2349 c.
2007 2285 2110 2362 2),
2171 2286 2345 2349 unde
2398 2285 2789 2369 redarguitur
2831 2307 2837 2372 4

501 2415 722 2457 eorum
767 2392 1004 2477 opini0,
1044 2392 1157 2475 qui
1200 2392 1362 2455 miro
1403 2410 1617 2453 errore
1662 2411 1809 2453 eum
1849 2401 2124 2455 extremo
2166 2413 2330 2457 anno
2356 2392 2460 2467 46,
2502 2415 2631 2477 quo
2658 2404 2789 2455 tem-

501 2522 652 2585 pore
699 2496 942 2563 Caesar
983 2498 1451 2583 expeditionem
1494 2496 1982 2581 Hispaniensem
2030 2500 2347 2584 suscepit,
2410 2499 2789 2563 consulatum

501 2606 785 2692 gessisse
841 2616 1166 2690 putarunt.
1253 2604 1479 2688 Neque
1528 2604 1697 2667 enim
1740 2617 1905 2696 certe
1944 2603 2181 2671 absens
2220 2607 2451 2670 consul
2494 2607 2649 2681 fuit,
2700 2604 2791 2669 ab·

500 2714 626 2777 suit
681 2722 925 2788 autem,
994 2713 1049 2777 si
1103 2735 1231 2777 non
1284 2712 1561 2789 diutius,
1620 2723 1685 2773 at
1740 2712 1889 2780 dum
1934 2709 2181 2777 Caesar
2238 2713 2485 2791 abfuit,
2548 2736 2623 2777 ac
2674 2724 2793 2797 post

498 2821 835 2906 proelium,
877 2843 1008 2905 quo
1043 2818 1421 2905 Pompeiani
1469 2818 1623 2883 victi
1662 2831 1831 2894 sunt,
1873 2818 2185 2886 Mundam
2227 2824 2478 2906 cepisse
2522 2833 2792 2885 narratur

501 2928 648 2993 bell.
697 2928 885 3013 Hisp.
931 2951 986 2992 c.
1028 2930 1129 2993 51.
1213 2928 1350 2991 Nec
1391 2925 1607 2991 minus
1653 2924 1730 2989 C.
1769 2926 2155 2991 Trebonium
2196 2929 2320 2994 hoc
2360 2954 2533 2995 anno
2582 2952 2790 2995 consu-

499 3035 624 3101 lem
677 3036 882 3101 fuisse
940 3044 1207 3099 constat.
1311 3033 1445 3115 Qui
1500 3044 1839 3119 postquam
1871 3047 2235 3119 praeturam
2281 3038 2603 3103 urbanam
2648 3057 2789 3101 anno

501 3142 582 3207 48
626 3142 1120 3217 administravit,
1161 3164 1276 3225 pro
1321 3142 1585 3207 consule
1624 3142 1862 3206 missus
1896 3156 1993 3205 est
2032 3144 2099 3205 in
2127 3144 2511 3229 Hispaniam
2552 3146 2789 3209 ulterio-

498 3271 632 3313 rem
679 3270 1019 3337 successor
1063 3247 1146 3327 Q.
1188 3246 1416 3311 Cassio
1453 3247 1761 3333 Longino
1800 3248 1949 3331 (Dio
1973 3250 2233 3327 XLIII,
2274 3252 2353 3317 29
2371 3277 2389 3329 3
2438 3254 2593 3319 bell.
2623 3254 2787 3319 Alex.

500 3378 554 3421 c.
584 3356 694 3440 64)
743 3357 1112 3441 eiectusque
1153 3356 1234 3420 ab
1257 3355 1666 3441 Pompeianis
1711 3380 1865 3421 ann(
1896 3358 2007 3423 46:
2052 3382 2181 3443 quo
2225 3371 2514 3445 tempore
2550 3385 2621 3427 re
2650 3361 2787 3425 male

499 3475 684 3547 gesta
722 3465 1082 3548 amissaque
1129 3463 1458 3548 provincia
1499 3464 1927 3549 copiosissima
1966 3466 2113 3549 quis
2152 3470 2417 3551 praemii
2452 3470 2639 3553 quasi
2669 3470 2787 3532 loeo

499 3571 582 3637 ad
642 3574 1047 3639 consulatum
1106 3583 1398 3638 evectum
1461 3594 1605 3636 esse
1663 3572 2079 3653 existimabit?
2155 3574 2217 3638 N
2220 3598 2294 3639 ec
2352 3580 2565 3662 potuit
2625 3574 2783 3640 evehi

497 3678 848 3763 aberatque
885 3701 1013 3742 non
1057 3680 1272 3745 minus
1315 3702 1512 3763 quam
1557 3678 1640 3760 Q.
1679 3680 1945 3755 Fabiis,
1990 3703 2137 3745 cum
2179 3683 2321 3767 ipso
2366 3680 2648 3749 Caesare
2688 3704 2783 3768 per

500 3783 778 3850 Galliam
819 3786 886 3849 in
929 3786 1158 3850 urbem
1200 3808 1521 3849 reversus.
1606 3785 1772 3851 Nam
1814 3783 1880 3853 ael
1921 3788 2041 3851 hoc
2084 3790 2207 3855 iter
2250 3801 2405 3855 tunc
2448 3814 2529 3855 ex
2560 3793 2781 3876 Hispa-

495 3893 606 3957 nia
649 3902 1018 3978 susceptum
1060 3894 1354 3977 pertinet,
1397 3894 1575 3977 quod
1619 3894 1993 3978 Plutarchus
2037 3892 2283 3961 Anton.
2324 3920 2378 3963 c.
2414 3900 2487 3963 13
2537 3896 2617 3963 C.
2642 3899 2782 3961 Tre-

496 3998 763 4062 bonium
803 4022 951 4063 cum
991 4000 1088 4063 M.
1114 4000 1397 4064 Antonio
1440 4001 1521 4065 de
1564 3998 1835 4074 Caesare
1868 4002 2311 4071 interficiendo
2356 4007 2627 4071 consilia
2660 4004 2783 4091 agi-

494 4116 668 4171 tasse
709 4118 943 4183 narrat,
993 4108 1074 4171 cf.
1117 4104 1256 4171 Cic.
1295 4108 1464 4173 Phil.
1506 4109 1595 4184 II,
1646 4109 1741 4173 14.
1820 4107 2133 4178 Habuisse
2176 4113 2363 4175 etiam
2404 4114 2781 4179 Trebonium

497 4212 740 4277 scimus
785 4235 866 4277 ex
902 4213 1028 4277 hoc
1069 4214 1450 4298 magistratu
1494 4216 1875 4300 provinciam
1918 4217 2167 4295 Asiam,
2211 4242 2408 4303 quam
2451 4222 2517 4285 in
2562 4242 2779 4287 annum

497 4318 576 4387 44
629 4319 1200 4386 administrandam
1247 4324 1529 4411 accepit,
1585 4321 1735 4387 vide
1780 4320 2124 4390 (bmment.
2168 4326 2239 4391 II
2282 4351 2343 4412 p.
2380 4328 2522 4395 235.
2611 4327 2773 4410 Quae
