<?xml version="1.0" encoding="UTF-8"?>
<!DOCTYPE html PUBLIC "-//W3C//DTD XHTML 1.0 Transitional//EN"
    "http://www.w3.org/TR/xhtml1/DTD/xhtml1-transitional.dtd">
<html xmlns="http://www.w3.org/1999/xhtml" xml:lang="en" lang="en">
 <head>
  <title>
</title>
<meta http-equiv="Content-Type" content="text/html;charset=utf-8" />
  <meta name='ocr-system' content='tesseract 3.04.00' />
  <meta name='ocr-capabilities' content='ocr_page ocr_carea ocr_par ocr_line ocrx_word'/>
</head>
<body>
  <div class='ocr_page' id='page_1' title='image "augustiwilhelmi01unkngoog_0275.png"; bbox 0 0 2917 5017; ppageno 0'>
   <div class='ocr_carea' id='block_1_1' title="bbox 465 296 2127 371">
    <p class='ocr_par' dir='ltr' id='par_1_1' title="bbox 465 296 2127 371">
     <span class='ocr_line' id='line_1_1' title="bbox 465 296 2127 371; baseline 0 -17"><span class='ocrx_word' id='word_1_1' title='bbox 465 304 589 371; x_wconf 83' lang='lat'><strong>260</strong></span> <span class='ocrx_word' id='word_1_2' title='bbox 1114 306 1198 355; x_wconf 84' lang='lat' dir='ltr'><strong>De</strong></span> <span class='ocrx_word' id='word_1_3' title='bbox 1243 306 1506 355; x_wconf 80' lang='lat' dir='ltr'><strong>dictatoris</strong></span> <span class='ocrx_word' id='word_1_4' title='bbox 1547 302 1785 355; x_wconf 81' lang='lat' dir='ltr'><strong>Caesaris</strong></span> <span class='ocrx_word' id='word_1_5' title='bbox 1830 296 2127 354; x_wconf 67' lang='lat' dir='ltr'><strong>honoribus.</strong></span> 
     </span>
    </p>
   </div>
   <div class='ocr_carea' id='block_1_2' title="bbox 451 464 2869 3167">
    <p class='ocr_par' dir='ltr' id='par_1_2' title="bbox 451 464 2869 3167">
     <span class='ocr_line' id='line_1_2' title="bbox 463 464 2799 559; baseline -0.003 -21"><span class='ocrx_word' id='word_1_6' title='bbox 463 473 690 539; x_wconf 88' lang='lat' dir='ltr'><strong>tollere</strong></span> <span class='ocrx_word' id='word_1_7' title='bbox 729 478 970 559; x_wconf 87' lang='lat' dir='ltr'><strong>posset,</strong></span> <span class='ocrx_word' id='word_1_8' title='bbox 1019 476 1259 533; x_wconf 87' lang='lat' dir='ltr'><strong>tantam</strong></span> <span class='ocrx_word' id='word_1_9' title='bbox 1302 466 1515 533; x_wconf 85' lang='lat' dir='ltr'><strong>videri</strong></span> <span class='ocrx_word' id='word_1_10' title='bbox 1558 466 1683 532; x_wconf 91' lang='lat' dir='ltr'><strong>sibi</strong></span> <span class='ocrx_word' id='word_1_11' title='bbox 1728 474 1977 553; x_wconf 88' lang='lat' dir='ltr'><strong>poterat</strong></span> <span class='ocrx_word' id='word_1_12' title='bbox 2018 464 2257 531; x_wconf 90' lang='lat' dir='ltr'><strong>habere</strong></span> <span class='ocrx_word' id='word_1_13' title='bbox 2294 465 2675 551; x_wconf 87' lang='lat' dir='ltr'><strong>potentiam,</strong></span> <span class='ocrx_word' id='word_1_14' title='bbox 2724 478 2799 531; x_wconf 86' lang='lat' dir='ltr'><strong>ut</strong></span> 
     </span>
     <span class='ocr_line' id='line_1_3' title="bbox 464 573 2797 663; baseline -0.003 -18"><span class='ocrx_word' id='word_1_15' title='bbox 464 590 528 646; x_wconf 88' lang='lat' dir='ltr'><strong>et</strong></span> <span class='ocrx_word' id='word_1_16' title='bbox 568 577 890 644; x_wconf 86' lang='lat' dir='ltr'><strong>triumviri</strong></span> <span class='ocrx_word' id='word_1_17' title='bbox 927 585 1310 663; x_wconf 86' lang='lat' dir='ltr'><strong>potestatem</strong></span> <span class='ocrx_word' id='word_1_18' title='bbox 1355 576 1706 662; x_wconf 80' lang='lat' dir='ltr'><strong>deponeret</strong></span> <span class='ocrx_word' id='word_1_19' title='bbox 1750 585 1816 638; x_wconf 91' lang='lat' dir='ltr'><strong>et</strong></span> <span class='ocrx_word' id='word_1_20' title='bbox 1861 573 2060 638; x_wconf 87' lang='lat' dir='ltr'><strong>altero</strong></span> <span class='ocrx_word' id='word_1_21' title='bbox 2100 573 2243 637; x_wconf 92' lang='lat' dir='ltr'><strong>loco</strong></span> <span class='ocrx_word' id='word_1_22' title='bbox 2284 573 2615 639; x_wconf 83' lang='lat' dir='ltr'><strong>consulari</strong></span> <span class='ocrx_word' id='word_1_23' title='bbox 2657 574 2797 661; x_wconf 87' lang='lat' dir='ltr'><strong>pri-</strong></span> 
     </span>
     <span class='ocr_line' id='line_1_4' title="bbox 463 677 2799 767; baseline -0.004 -12"><span class='ocrx_word' id='word_1_24' title='bbox 463 688 629 755; x_wconf 85' lang='lat' dir='ltr'><strong>vatis</strong></span> <span class='ocrx_word' id='word_1_25' title='bbox 679 685 1050 752; x_wconf 90' lang='lat' dir='ltr'><strong>hominibus</strong></span> <span class='ocrx_word' id='word_1_26' title='bbox 1093 684 1368 749; x_wconf 88' lang='lat' dir='ltr'><strong>cederet.</strong></span> <span class='ocrx_word' id='word_1_27' title='bbox 1453 684 1681 767; x_wconf 88' lang='lat' dir='ltr'><strong>Itaque</strong></span> <span class='ocrx_word' id='word_1_28' title='bbox 1722 705 1889 747; x_wconf 89' lang='lat' dir='ltr'><strong>anno</strong></span> <span class='ocrx_word' id='word_1_29' title='bbox 1928 681 2009 747; x_wconf 84' lang='lat'><strong>23</strong></span> <span class='ocrx_word' id='word_1_30' title='bbox 2054 704 2109 745; x_wconf 89' lang='lat' dir='ltr'><strong>a.</strong></span> <span class='ocrx_word' id='word_1_31' title='bbox 2152 677 2307 747; x_wconf 88' lang='lat' dir='ltr'><strong>Chr.</strong></span> <span class='ocrx_word' id='word_1_32' title='bbox 2358 682 2635 747; x_wconf 82' lang='lat' dir='ltr'><strong>satiatus</strong></span> <span class='ocrx_word' id='word_1_33' title='bbox 2674 683 2799 746; x_wconf 90' lang='lat' dir='ltr'><strong>ho-</strong></span> 
     </span>
     <span class='ocr_line' id='line_1_5' title="bbox 461 790 2799 877; baseline -0.002 -16"><span class='ocrx_word' id='word_1_34' title='bbox 461 795 730 875; x_wconf 82' lang='lat' dir='ltr'><strong>noribus</strong></span> <span class='ocrx_word' id='word_1_35' title='bbox 793 794 1202 860; x_wconf 88' lang='lat' dir='ltr'><strong>consulatum</strong></span> <span class='ocrx_word' id='word_1_36' title='bbox 1243 790 1660 865; x_wconf 86' lang='lat' dir='ltr'><strong>undecimum</strong></span> <span class='ocrx_word' id='word_1_37' title='bbox 1702 790 2003 877; x_wconf 81' lang='lat' dir='ltr'><strong>deposuit</strong></span> <span class='ocrx_word' id='word_1_38' title='bbox 2050 812 2317 875; x_wconf 89' lang='lat' dir='ltr'><strong>eamque</strong></span> <span class='ocrx_word' id='word_1_39' title='bbox 2362 791 2447 856; x_wconf 92' lang='lat' dir='ltr'><strong>ob</strong></span> <span class='ocrx_word' id='word_1_40' title='bbox 2492 792 2799 857; x_wconf 85' lang='lat' dir='ltr'><strong>modera-</strong></span> 
     </span>
     <span class='ocr_line' id='line_1_6' title="bbox 462 896 2799 982; baseline -0.001 -13"><span class='ocrx_word' id='word_1_41' title='bbox 462 904 700 969; x_wconf 84' lang='lat' dir='ltr'><strong>tionem</strong></span> <span class='ocrx_word' id='word_1_42' title='bbox 745 902 930 967; x_wconf 87' lang='lat' dir='ltr'><strong>novis</strong></span> <span class='ocrx_word' id='word_1_43' title='bbox 987 902 1264 967; x_wconf 80' lang='lat' dir='ltr'><strong>decretis</strong></span> <span class='ocrx_word' id='word_1_44' title='bbox 1304 911 1570 965; x_wconf 88' lang='lat' dir='ltr'><strong>ornatus</strong></span> <span class='ocrx_word' id='word_1_45' title='bbox 1614 910 1733 964; x_wconf 87' lang='lat' dir='ltr'><strong>est.</strong></span> <span class='ocrx_word' id='word_1_46' title='bbox 1810 898 1913 963; x_wconf 90' lang='lat' dir='ltr'><strong>De</strong></span> <span class='ocrx_word' id='word_1_47' title='bbox 1954 896 2191 982; x_wconf 90' lang='lat' dir='ltr'><strong>quibus</strong></span> <span class='ocrx_word' id='word_1_48' title='bbox 2238 920 2403 982; x_wconf 88' lang='lat' dir='ltr'><strong>quae</strong></span> <span class='ocrx_word' id='word_1_49' title='bbox 2438 898 2576 965; x_wconf 90' lang='lat' dir='ltr'><strong>Dio</strong></span> <span class='ocrx_word' id='word_1_50' title='bbox 2608 899 2799 977; x_wconf 90' lang='lat' dir='ltr'><strong>LIII,</strong></span> 
     </span>
     <span class='ocr_line' id='line_1_7' title="bbox 463 1004 2801 1096; baseline -0.002 -19"><span class='ocrx_word' id='word_1_51' title='bbox 463 1012 545 1077; x_wconf 89' lang='lat'><strong>32</strong></span> <span class='ocrx_word' id='word_1_52' title='bbox 597 1012 814 1087; x_wconf 84' lang='lat' dir='ltr'><strong>refert,</strong></span> <span class='ocrx_word' id='word_1_53' title='bbox 877 1032 1075 1096; x_wconf 89' lang='lat' dir='ltr'><strong>supra</strong></span> <span class='ocrx_word' id='word_1_54' title='bbox 1131 1009 1322 1074; x_wconf 88' lang='lat' dir='ltr'><strong>allata</strong></span> <span class='ocrx_word' id='word_1_55' title='bbox 1367 1020 1539 1085; x_wconf 89' lang='lat' dir='ltr'><strong>sunt,</strong></span> <span class='ocrx_word' id='word_1_56' title='bbox 1581 1008 1881 1072; x_wconf 89' lang='lat' dir='ltr'><strong>nimirum</strong></span> <span class='ocrx_word' id='word_1_57' title='bbox 1926 1004 2295 1071; x_wconf 89' lang='lat' dir='ltr'><strong>decrevisse</strong></span> <span class='ocrx_word' id='word_1_58' title='bbox 2351 1020 2677 1086; x_wconf 89' lang='lat' dir='ltr'><strong>senatum,</strong></span> <span class='ocrx_word' id='word_1_59' title='bbox 2729 1022 2801 1074; x_wconf 89' lang='lat' dir='ltr'><strong>ut</strong></span> 
     </span>
     <span class='ocr_line' id='line_1_8' title="bbox 461 1114 2796 1207; baseline -0 -22"><span class='ocrx_word' id='word_1_60' title='bbox 461 1119 762 1185; x_wconf 86' lang='lat' dir='ltr'><strong>tribunus</strong></span> <span class='ocrx_word' id='word_1_61' title='bbox 803 1119 1013 1207; x_wconf 89' lang='lat' dir='ltr'><strong>plebis</strong></span> <span class='ocrx_word' id='word_1_62' title='bbox 1056 1126 1406 1205; x_wconf 86' lang='lat' dir='ltr'><strong>perpetuus</strong></span> <span class='ocrx_word' id='word_1_63' title='bbox 1451 1127 1624 1183; x_wconf 89' lang='lat' dir='ltr'><strong>esset</strong></span> <span class='ocrx_word' id='word_1_64' title='bbox 1670 1126 1733 1181; x_wconf 93' lang='lat' dir='ltr'><strong>et</strong></span> <span class='ocrx_word' id='word_1_65' title='bbox 1776 1114 1857 1181; x_wconf 91' lang='lat' dir='ltr'><strong>de</strong></span> <span class='ocrx_word' id='word_1_66' title='bbox 1899 1138 2031 1179; x_wconf 89' lang='lat' dir='ltr'><strong>una</strong></span> <span class='ocrx_word' id='word_1_67' title='bbox 2062 1114 2296 1199; x_wconf 88' lang='lat' dir='ltr'><strong>aliqua,</strong></span> <span class='ocrx_word' id='word_1_68' title='bbox 2320 1138 2519 1201; x_wconf 86' lang='lat' dir='ltr'><strong>quam</strong></span> <span class='ocrx_word' id='word_1_69' title='bbox 2546 1118 2796 1185; x_wconf 87' lang='lat' dir='ltr'><strong>voluis-</strong></span> 
     </span>
     <span class='ocr_line' id='line_1_9' title="bbox 462 1223 2794 1313; baseline -0 -20"><span class='ocrx_word' id='word_1_70' title='bbox 462 1238 580 1305; x_wconf 89' lang='lat' dir='ltr'><strong>set,</strong></span> <span class='ocrx_word' id='word_1_71' title='bbox 625 1250 694 1292; x_wconf 89' lang='lat' dir='ltr'><strong>re</strong></span> <span class='ocrx_word' id='word_1_72' title='bbox 737 1228 796 1293; x_wconf 92' lang='lat' dir='ltr'><strong>ei</strong></span> <span class='ocrx_word' id='word_1_73' title='bbox 837 1227 906 1292; x_wconf 88' lang='lat' dir='ltr'><strong>in</strong></span> <span class='ocrx_word' id='word_1_74' title='bbox 945 1226 1176 1312; x_wconf 87' lang='lat' dir='ltr'><strong>quovis</strong></span> <span class='ocrx_word' id='word_1_75' title='bbox 1222 1235 1450 1291; x_wconf 85' lang='lat' dir='ltr'><strong>senatu</strong></span> <span class='ocrx_word' id='word_1_76' title='bbox 1492 1225 1682 1289; x_wconf 89' lang='lat' dir='ltr'><strong>etiam</strong></span> <span class='ocrx_word' id='word_1_77' title='bbox 1724 1245 1873 1287; x_wconf 90' lang='lat' dir='ltr'><strong>cum</strong></span> <span class='ocrx_word' id='word_1_78' title='bbox 1918 1223 2261 1288; x_wconf 76' lang='lat' dir='ltr'><strong>consulatu</strong></span> <span class='ocrx_word' id='word_1_79' title='bbox 2306 1246 2436 1289; x_wconf 90' lang='lat' dir='ltr'><strong>non</strong></span> <span class='ocrx_word' id='word_1_80' title='bbox 2476 1227 2794 1313; x_wconf 79' lang='lat' dir='ltr'><strong>fungere-</strong></span> 
     </span>
     <span class='ocr_line' id='line_1_10' title="bbox 460 1331 2793 1421; baseline 0.001 -22"><span class='ocrx_word' id='word_1_81' title='bbox 460 1347 588 1414; x_wconf 87' lang='lat' dir='ltr'><strong>tur,</strong></span> <span class='ocrx_word' id='word_1_82' title='bbox 647 1335 1021 1401; x_wconf 82' lang='lat' dir='ltr'><strong>relationem</strong></span> <span class='ocrx_word' id='word_1_83' title='bbox 1077 1335 1286 1399; x_wconf 88' lang='lat' dir='ltr'><strong>facere</strong></span> <span class='ocrx_word' id='word_1_84' title='bbox 1341 1334 1581 1399; x_wconf 89' lang='lat' dir='ltr'><strong>liceret.</strong></span> <span class='ocrx_word' id='word_1_85' title='bbox 1679 1331 1809 1395; x_wconf 90' lang='lat' dir='ltr'><strong>His</strong></span> <span class='ocrx_word' id='word_1_86' title='bbox 1866 1331 1989 1395; x_wconf 91' lang='lat' dir='ltr'><strong>etsi</strong></span> <span class='ocrx_word' id='word_1_87' title='bbox 2046 1331 2403 1397; x_wconf 90' lang='lat' dir='ltr'><strong>secundum</strong></span> <span class='ocrx_word' id='word_1_88' title='bbox 2470 1357 2569 1413; x_wconf 87' lang='lat' dir='ltr'><strong>ea,</strong></span> <span class='ocrx_word' id='word_1_89' title='bbox 2628 1359 2793 1421; x_wconf 84' lang='lat' dir='ltr'><strong>quae</strong></span> 
     </span>
     <span class='ocr_line' id='line_1_11' title="bbox 460 1438 2791 1530; baseline 0 -21"><span class='ocrx_word' id='word_1_90' title='bbox 460 1444 788 1530; x_wconf 87' lang='lat' dir='ltr'><strong>disputata</strong></span> <span class='ocrx_word' id='word_1_91' title='bbox 815 1454 984 1520; x_wconf 88' lang='lat' dir='ltr'><strong>sunt,</strong></span> <span class='ocrx_word' id='word_1_92' title='bbox 1009 1442 1569 1530; x_wconf 87' lang='lat' dir='ltr'><strong>amplificationem</strong></span> <span class='ocrx_word' id='word_1_93' title='bbox 1597 1438 1954 1505; x_wconf 88' lang='lat' dir='ltr'><strong>tribunicae</strong></span> <span class='ocrx_word' id='word_1_94' title='bbox 1979 1441 2319 1525; x_wconf 87' lang='lat' dir='ltr'><strong>potestatis</strong></span> <span class='ocrx_word' id='word_1_95' title='bbox 2350 1442 2633 1509; x_wconf 83' lang='lat' dir='ltr'><strong>indicari</strong></span> <span class='ocrx_word' id='word_1_96' title='bbox 2660 1446 2791 1509; x_wconf 88' lang='lat' dir='ltr'><strong>col-</strong></span> 
     </span>
     <span class='ocr_line' id='line_1_12' title="bbox 455 1548 2793 1640; baseline 0.001 -23"><span class='ocrx_word' id='word_1_97' title='bbox 455 1553 767 1640; x_wconf 88' lang='lat' dir='ltr'><strong>ligemus,</strong></span> <span class='ocrx_word' id='word_1_98' title='bbox 823 1552 1001 1637; x_wconf 90' lang='lat' dir='ltr'><strong>quod</strong></span> <span class='ocrx_word' id='word_1_99' title='bbox 1055 1564 1264 1618; x_wconf 89' lang='lat' dir='ltr'><strong>tamen</strong></span> <span class='ocrx_word' id='word_1_100' title='bbox 1323 1548 1731 1637; x_wconf 90' lang='lat' dir='ltr'><strong>potissimum</strong></span> <span class='ocrx_word' id='word_1_101' title='bbox 1788 1568 2029 1613; x_wconf 87' lang='lat' dir='ltr'><strong>novum</strong></span> <span class='ocrx_word' id='word_1_102' title='bbox 2089 1550 2197 1615; x_wconf 88' lang='lat' dir='ltr'><strong>ius</strong></span> <span class='ocrx_word' id='word_1_103' title='bbox 2256 1551 2587 1619; x_wconf 87' lang='lat' dir='ltr'><strong>adiectum</strong></span> <span class='ocrx_word' id='word_1_104' title='bbox 2648 1576 2793 1619; x_wconf 87' lang='lat' dir='ltr'><strong>csse</strong></span> 
     </span>
     <span class='ocr_line' id='line_1_13' title="bbox 459 1655 2793 1749; baseline 0.002 -23"><span class='ocrx_word' id='word_1_105' title='bbox 459 1660 732 1737; x_wconf 86' lang='lat' dir='ltr'><strong>dicatur,</strong></span> <span class='ocrx_word' id='word_1_106' title='bbox 779 1683 907 1726; x_wconf 89' lang='lat' dir='ltr'><strong>non</strong></span> <span class='ocrx_word' id='word_1_107' title='bbox 948 1660 1135 1725; x_wconf 87' lang='lat' dir='ltr'><strong>facile</strong></span> <span class='ocrx_word' id='word_1_108' title='bbox 1179 1671 1277 1725; x_wconf 87' lang='lat' dir='ltr'><strong>est</strong></span> <span class='ocrx_word' id='word_1_109' title='bbox 1317 1660 1401 1725; x_wconf 90' lang='lat' dir='ltr'><strong>ad</strong></span> <span class='ocrx_word' id='word_1_110' title='bbox 1443 1655 1925 1722; x_wconf 83' lang='lat' dir='ltr'><strong>inveniendum.</strong></span> <span class='ocrx_word' id='word_1_111' title='bbox 1996 1656 2180 1739; x_wconf 82' lang='lat' dir='ltr'><strong>Quid</strong></span> <span class='ocrx_word' id='word_1_112' title='bbox 2213 1660 2388 1726; x_wconf 90' lang='lat' dir='ltr'><strong>enim</strong></span> <span class='ocrx_word' id='word_1_113' title='bbox 2412 1673 2575 1740; x_wconf 88' lang='lat' dir='ltr'><strong>erat,</strong></span> <span class='ocrx_word' id='word_1_114' title='bbox 2614 1665 2793 1749; x_wconf 86' lang='lat' dir='ltr'><strong>quod</strong></span> 
     </span>
     <span class='ocr_line' id='line_1_14' title="bbox 457 1764 2791 1857; baseline 0.002 -23"><span class='ocrx_word' id='word_1_115' title='bbox 457 1770 542 1834; x_wconf 91' lang='lat' dir='ltr'><strong>ad</strong></span> <span class='ocrx_word' id='word_1_116' title='bbox 584 1769 838 1855; x_wconf 85' lang='lat' dir='ltr'><strong>plenam</strong></span> <span class='ocrx_word' id='word_1_117' title='bbox 883 1768 1077 1845; x_wconf 86' lang='lat' dir='ltr'><strong>illam,</strong></span> <span class='ocrx_word' id='word_1_118' title='bbox 1115 1790 1310 1854; x_wconf 89' lang='lat' dir='ltr'><strong>quam</strong></span> <span class='ocrx_word' id='word_1_119' title='bbox 1353 1766 1659 1851; x_wconf 80' lang='lat' dir='ltr'><strong>deinceps</strong></span> <span class='ocrx_word' id='word_1_120' title='bbox 1704 1764 2123 1852; x_wconf 87' lang='lat' dir='ltr'><strong>imperatores</strong></span> <span class='ocrx_word' id='word_1_121' title='bbox 2165 1767 2556 1849; x_wconf 88' lang='lat' dir='ltr'><strong>habuerunt,</strong></span> <span class='ocrx_word' id='word_1_122' title='bbox 2610 1784 2791 1857; x_wconf 82' lang='lat' dir='ltr'><strong>pote·</strong></span> 
     </span>
     <span class='ocr_line' id='line_1_15' title="bbox 457 1872 2791 1964; baseline 0.001 -21"><span class='ocrx_word' id='word_1_123' title='bbox 457 1888 686 1943; x_wconf 88' lang='lat' dir='ltr'><strong>statem</strong></span> <span class='ocrx_word' id='word_1_124' title='bbox 729 1878 1028 1943; x_wconf 85' lang='lat' dir='ltr'><strong>deesset?</strong></span> <span class='ocrx_word' id='word_1_125' title='bbox 1072 1876 1250 1962; x_wconf 88' lang='lat' dir='ltr'><strong>quid,</strong></span> <span class='ocrx_word' id='word_1_126' title='bbox 1293 1874 1469 1959; x_wconf 91' lang='lat' dir='ltr'><strong>quod</strong></span> <span class='ocrx_word' id='word_1_127' title='bbox 1508 1872 1595 1935; x_wconf 85' lang='lat' dir='ltr'><strong>ad</strong></span> <span class='ocrx_word' id='word_1_128' title='bbox 1636 1884 1916 1937; x_wconf 88' lang='lat' dir='ltr'><strong>veterem</strong></span> <span class='ocrx_word' id='word_1_129' title='bbox 1956 1874 2363 1943; x_wconf 85' lang='lat' dir='ltr'><strong>tribunorum</strong></span> <span class='ocrx_word' id='word_1_130' title='bbox 2401 1891 2791 1964; x_wconf 82' lang='lat' dir='ltr'><strong>potestatem</strong></span> 
     </span>
     <span class='ocr_line' id='line_1_16' title="bbox 455 1981 2791 2073; baseline 0.003 -25"><span class='ocrx_word' id='word_1_131' title='bbox 455 1986 884 2051; x_wconf 77' lang='lat' dir='ltr'><strong>adficeretur?</strong></span> <span class='ocrx_word' id='word_1_132' title='bbox 967 1984 1266 2051; x_wconf 86' lang='lat' dir='ltr'><strong>Habebat</strong></span> <span class='ocrx_word' id='word_1_133' title='bbox 1305 1981 1655 2068; x_wconf 87' lang='lat' dir='ltr'><strong>Augustus</strong></span> <span class='ocrx_word' id='word_1_134' title='bbox 1700 2004 1829 2046; x_wconf 89' lang='lat' dir='ltr'><strong>non</strong></span> <span class='ocrx_word' id='word_1_135' title='bbox 1868 1993 2117 2051; x_wconf 88' lang='lat' dir='ltr'><strong>tantum</strong></span> <span class='ocrx_word' id='word_1_136' title='bbox 2156 1985 2389 2065; x_wconf 88' lang='lat' dir='ltr'><strong>omnia,</strong></span> <span class='ocrx_word' id='word_1_137' title='bbox 2434 2010 2609 2073; x_wconf 86' lang='lat' dir='ltr'><strong>quae</strong></span> <span class='ocrx_word' id='word_1_138' title='bbox 2656 1990 2791 2054; x_wconf 88' lang='lat' dir='ltr'><strong>sin-</strong></span> 
     </span>
     <span class='ocr_line' id='line_1_17' title="bbox 459 2090 2869 2179; baseline 0.003 -23"><span class='ocrx_word' id='word_1_139' title='bbox 459 2094 632 2179; x_wconf 85' lang='lat' dir='ltr'><strong>gulis</strong></span> <span class='ocrx_word' id='word_1_140' title='bbox 683 2094 958 2158; x_wconf 90' lang='lat' dir='ltr'><strong>tribunis</strong></span> <span class='ocrx_word' id='word_1_141' title='bbox 1003 2093 1302 2167; x_wconf 78' lang='lat' dir='ltr'><strong>licebant,</strong></span> <span class='ocrx_word' id='word_1_142' title='bbox 1358 2113 1585 2156; x_wconf 87' lang='lat' dir='ltr'><strong>verum</strong></span> <span class='ocrx_word' id='word_1_143' title='bbox 1628 2090 1817 2155; x_wconf 88' lang='lat' dir='ltr'><strong>etiam</strong></span> <span class='ocrx_word' id='word_1_144' title='bbox 1872 2090 1940 2154; x_wconf 88' lang='lat' dir='ltr'><strong>in</strong></span> <span class='ocrx_word' id='word_1_145' title='bbox 1982 2092 2445 2161; x_wconf 84' lang='lat' dir='ltr'><strong>intercedendo</strong></span> <span class='ocrx_word' id='word_1_146' title='bbox 2504 2109 2573 2163; x_wconf 86' lang='lat' dir='ltr'><strong>et</strong></span> <span class='ocrx_word' id='word_1_147' title='bbox 2618 2099 2791 2164; x_wconf 88' lang='lat' dir='ltr'><strong>iudi·</strong></span> <span class='ocrx_word' id='word_1_148' title='bbox 2862 2126 2869 2133; x_wconf 82' lang='lat'><strong>·</strong></span> 
     </span>
     <span class='ocr_line' id='line_1_18' title="bbox 456 2197 2788 2286; baseline 0.002 -20"><span class='ocrx_word' id='word_1_149' title='bbox 456 2201 662 2266; x_wconf 88' lang='lat' dir='ltr'><strong>cando</strong></span> <span class='ocrx_word' id='word_1_150' title='bbox 695 2200 893 2265; x_wconf 91' lang='lat' dir='ltr'><strong>totius</strong></span> <span class='ocrx_word' id='word_1_151' title='bbox 935 2200 1122 2286; x_wconf 89' lang='lat' dir='ltr'><strong>quasi</strong></span> <span class='ocrx_word' id='word_1_152' title='bbox 1167 2200 1425 2285; x_wconf 84' lang='lat' dir='ltr'><strong>collegii</strong></span> <span class='ocrx_word' id='word_1_153' title='bbox 1466 2222 1638 2263; x_wconf 89' lang='lat' dir='ltr'><strong>unus</strong></span> <span class='ocrx_word' id='word_1_154' title='bbox 1674 2197 1816 2284; x_wconf 87' lang='lat' dir='ltr'><strong>ipse</strong></span> <span class='ocrx_word' id='word_1_155' title='bbox 1852 2199 2069 2265; x_wconf 91' lang='lat' dir='ltr'><strong>locum</strong></span> <span class='ocrx_word' id='word_1_156' title='bbox 2110 2200 2461 2269; x_wconf 82' lang='lat' dir='ltr'><strong>obtinebat.</strong></span> <span class='ocrx_word' id='word_1_157' title='bbox 2522 2205 2788 2271; x_wconf 86' lang='lat' dir='ltr'><strong>Verun-</strong></span> 
     </span>
     <span class='ocr_line' id='line_1_19' title="bbox 454 2307 2789 2401; baseline 0.003 -28"><span class='ocrx_word' id='word_1_158' title='bbox 454 2321 666 2375; x_wconf 88' lang='lat' dir='ltr'><strong>tamen</strong></span> <span class='ocrx_word' id='word_1_159' title='bbox 735 2308 790 2373; x_wconf 91' lang='lat' dir='ltr'><strong>si</strong></span> <span class='ocrx_word' id='word_1_160' title='bbox 860 2318 1142 2373; x_wconf 85' lang='lat' dir='ltr'><strong>veterem</strong></span> <span class='ocrx_word' id='word_1_161' title='bbox 1217 2307 1623 2372; x_wconf 87' lang='lat' dir='ltr'><strong>tribunorum</strong></span> <span class='ocrx_word' id='word_1_162' title='bbox 1688 2319 2069 2395; x_wconf 87' lang='lat' dir='ltr'><strong>potestatem</strong></span> <span class='ocrx_word' id='word_1_163' title='bbox 2129 2309 2386 2377; x_wconf 90' lang='lat' dir='ltr'><strong>duabus</strong></span> <span class='ocrx_word' id='word_1_164' title='bbox 2454 2324 2789 2401; x_wconf 87' lang='lat' dir='ltr'><strong>tamquam</strong></span> 
     </span>
     <span class='ocr_line' id='line_1_20' title="bbox 453 2416 2787 2507; baseline 0.003 -25"><span class='ocrx_word' id='word_1_165' title='bbox 453 2417 748 2506; x_wconf 87' lang='lat' dir='ltr'><strong>partibus</strong></span> <span class='ocrx_word' id='word_1_166' title='bbox 791 2416 1156 2482; x_wconf 86' lang='lat' dir='ltr'><strong>constitisse</strong></span> <span class='ocrx_word' id='word_1_167' title='bbox 1200 2417 1563 2493; x_wconf 86' lang='lat' dir='ltr'><strong>statuimus,</strong></span> <span class='ocrx_word' id='word_1_168' title='bbox 1608 2440 1757 2494; x_wconf 87' lang='lat' dir='ltr'><strong>una,</strong></span> <span class='ocrx_word' id='word_1_169' title='bbox 1805 2426 1879 2481; x_wconf 88' lang='lat' dir='ltr'><strong>ut</strong></span> <span class='ocrx_word' id='word_1_170' title='bbox 1920 2416 2233 2503; x_wconf 86' lang='lat' dir='ltr'><strong>quicquid</strong></span> <span class='ocrx_word' id='word_1_171' title='bbox 2275 2420 2454 2507; x_wconf 87' lang='lat' dir='ltr'><strong>plebi</strong></span> <span class='ocrx_word' id='word_1_172' title='bbox 2500 2435 2787 2501; x_wconf 87' lang='lat' dir='ltr'><strong>noceret,</strong></span> 
     </span>
     <span class='ocr_line' id='line_1_21' title="bbox 452 2510 2789 2618; baseline 0.003 -28"><span class='ocrx_word' id='word_1_173' title='bbox 452 2510 861 2611; x_wconf 83' lang='lat' dir='ltr'><strong>impedirent,</strong></span> <span class='ocrx_word' id='word_1_174' title='bbox 905 2524 1124 2601; x_wconf 88' lang='lat' dir='ltr'><strong>altera,</strong></span> <span class='ocrx_word' id='word_1_175' title='bbox 1174 2536 1246 2588; x_wconf 91' lang='lat' dir='ltr'><strong>ut</strong></span> <span class='ocrx_word' id='word_1_176' title='bbox 1297 2525 1470 2609; x_wconf 91' lang='lat' dir='ltr'><strong>quod</strong></span> <span class='ocrx_word' id='word_1_177' title='bbox 1526 2526 1835 2609; x_wconf 85' lang='lat' dir='ltr'><strong>prodesse</strong></span> <span class='ocrx_word' id='word_1_178' title='bbox 1882 2524 1941 2591; x_wconf 90' lang='lat' dir='ltr'><strong>ei</strong></span> <span class='ocrx_word' id='word_1_179' title='bbox 1989 2526 2425 2593; x_wconf 86' lang='lat' dir='ltr'><strong>existimarent</strong></span> <span class='ocrx_word' id='word_1_180' title='bbox 2476 2531 2789 2618; x_wconf 87' lang='lat' dir='ltr'><strong>idemque</strong></span> 
     </span>
     <span class='ocr_line' id='line_1_22' title="bbox 453 2631 2790 2730; baseline 0.005 -30"><span class='ocrx_word' id='word_1_181' title='bbox 453 2633 534 2700; x_wconf 96' lang='lat' dir='ltr'><strong>ab</strong></span> <span class='ocrx_word' id='word_1_182' title='bbox 581 2643 810 2697; x_wconf 88' lang='lat' dir='ltr'><strong>senatu</strong></span> <span class='ocrx_word' id='word_1_183' title='bbox 855 2631 1322 2717; x_wconf 89' lang='lat' dir='ltr'><strong>curulibusque</strong></span> <span class='ocrx_word' id='word_1_184' title='bbox 1369 2634 1857 2719; x_wconf 86' lang='lat' dir='ltr'><strong>magistratibus</strong></span> <span class='ocrx_word' id='word_1_185' title='bbox 1902 2637 2150 2723; x_wconf 85' lang='lat' dir='ltr'><strong>negligi</strong></span> <span class='ocrx_word' id='word_1_186' title='bbox 2189 2638 2506 2719; x_wconf 86' lang='lat' dir='ltr'><strong>viderent,</strong></span> <span class='ocrx_word' id='word_1_187' title='bbox 2552 2643 2629 2707; x_wconf 88' lang='lat' dir='ltr'><strong>id</strong></span> <span class='ocrx_word' id='word_1_188' title='bbox 2662 2645 2790 2730; x_wconf 90' lang='lat' dir='ltr'><strong>ipsi</strong></span> 
     </span>
     <span class='ocr_line' id='line_1_23' title="bbox 451 2740 2791 2835; baseline 0.004 -27"><span class='ocrx_word' id='word_1_189' title='bbox 451 2752 737 2827; x_wconf 84' lang='lat' dir='ltr'><strong>agerent,</strong></span> <span class='ocrx_word' id='word_1_190' title='bbox 783 2740 849 2804; x_wconf 86' lang='lat' dir='ltr'><strong>in</strong></span> <span class='ocrx_word' id='word_1_191' title='bbox 911 2740 1022 2804; x_wconf 87' lang='lat' dir='ltr'><strong>illa</strong></span> <span class='ocrx_word' id='word_1_192' title='bbox 1073 2740 1203 2805; x_wconf 89' lang='lat' dir='ltr'><strong>iam</strong></span> <span class='ocrx_word' id='word_1_193' title='bbox 1256 2740 1603 2826; x_wconf 86' lang='lat' dir='ltr'><strong>Augustus</strong></span> <span class='ocrx_word' id='word_1_194' title='bbox 1652 2766 1846 2829; x_wconf 90' lang='lat' dir='ltr'><strong>supra</strong></span> <span class='ocrx_word' id='word_1_195' title='bbox 1890 2744 2283 2831; x_wconf 87' lang='lat' dir='ltr'><strong>collegarum</strong></span> <span class='ocrx_word' id='word_1_196' title='bbox 2326 2751 2791 2835; x_wconf 87' lang='lat' dir='ltr'><strong>aequalitatem</strong></span> 
     </span>
     <span class='ocr_line' id='line_1_24' title="bbox 453 2848 2789 2947; baseline 0.002 -31"><span class='ocrx_word' id='word_1_197' title='bbox 453 2861 743 2927; x_wconf 85' lang='lat' dir='ltr'><strong>evectus,</strong></span> <span class='ocrx_word' id='word_1_198' title='bbox 785 2850 853 2913; x_wconf 91' lang='lat' dir='ltr'><strong>in</strong></span> <span class='ocrx_word' id='word_1_199' title='bbox 897 2848 1020 2914; x_wconf 88' lang='lat' dir='ltr'><strong>hac</strong></span> <span class='ocrx_word' id='word_1_200' title='bbox 1070 2849 1150 2915; x_wconf 90' lang='lat' dir='ltr'><strong>iis</strong></span> <span class='ocrx_word' id='word_1_201' title='bbox 1189 2872 1306 2936; x_wconf 90' lang='lat' dir='ltr'><strong>par</strong></span> <span class='ocrx_word' id='word_1_202' title='bbox 1349 2861 1504 2927; x_wconf 88' lang='lat' dir='ltr'><strong>erat,</strong></span> <span class='ocrx_word' id='word_1_203' title='bbox 1549 2862 1623 2916; x_wconf 90' lang='lat' dir='ltr'><strong>ut</strong></span> <span class='ocrx_word' id='word_1_204' title='bbox 1664 2874 1791 2917; x_wconf 91' lang='lat' dir='ltr'><strong>non</strong></span> <span class='ocrx_word' id='word_1_205' title='bbox 1836 2853 1983 2939; x_wconf 89' lang='lat' dir='ltr'><strong>plus</strong></span> <span class='ocrx_word' id='word_1_206' title='bbox 2024 2867 2244 2938; x_wconf 88' lang='lat' dir='ltr'><strong>posset</strong></span> <span class='ocrx_word' id='word_1_207' title='bbox 2290 2879 2487 2941; x_wconf 82' lang='lat' dir='ltr'><strong>quam</strong></span> <span class='ocrx_word' id='word_1_208' title='bbox 2514 2860 2789 2947; x_wconf 85' lang='lat' dir='ltr'><strong>singuli.</strong></span> 
     </span>
     <span class='ocr_line' id='line_1_25' title="bbox 453 2958 2788 3045; baseline 0.004 -20"><span class='ocrx_word' id='word_1_209' title='bbox 453 2959 676 3041; x_wconf 85' lang='lat' dir='ltr'><strong>Quare</strong></span> <span class='ocrx_word' id='word_1_210' title='bbox 727 2958 797 3023; x_wconf 87' lang='lat' dir='ltr'><strong>id</strong></span> <span class='ocrx_word' id='word_1_211' title='bbox 844 2958 904 3022; x_wconf 89' lang='lat' dir='ltr'><strong>ei</strong></span> <span class='ocrx_word' id='word_1_212' title='bbox 947 2959 1171 3023; x_wconf 89' lang='lat' dir='ltr'><strong>datum</strong></span> <span class='ocrx_word' id='word_1_213' title='bbox 1215 2981 1358 3023; x_wconf 91' lang='lat' dir='ltr'><strong>esse</strong></span> <span class='ocrx_word' id='word_1_214' title='bbox 1397 2959 1727 3045; x_wconf 89' lang='lat' dir='ltr'><strong>probabile</strong></span> <span class='ocrx_word' id='word_1_215' title='bbox 1774 2960 2051 3040; x_wconf 88' lang='lat' dir='ltr'><strong>videtur,</strong></span> <span class='ocrx_word' id='word_1_216' title='bbox 2102 2974 2176 3027; x_wconf 90' lang='lat' dir='ltr'><strong>ut</strong></span> <span class='ocrx_word' id='word_1_217' title='bbox 2220 2966 2411 3031; x_wconf 88' lang='lat' dir='ltr'><strong>etiam</strong></span> <span class='ocrx_word' id='word_1_218' title='bbox 2452 2966 2523 3031; x_wconf 87' lang='lat' dir='ltr'><strong>in</strong></span> <span class='ocrx_word' id='word_1_219' title='bbox 2564 2969 2788 3035; x_wconf 81' lang='lat' dir='ltr'><strong>feren-</strong></span> 
     </span>
     <span class='ocr_line' id='line_1_26' title="bbox 451 3065 2788 3167; baseline 0.001 -35"><span class='ocrx_word' id='word_1_220' title='bbox 451 3068 551 3133; x_wconf 86' lang='lat' dir='ltr'><strong>dis</strong></span> <span class='ocrx_word' id='word_1_221' title='bbox 586 3068 772 3134; x_wconf 85' lang='lat' dir='ltr'><strong>novis</strong></span> <span class='ocrx_word' id='word_1_222' title='bbox 816 3065 1072 3153; x_wconf 88' lang='lat' dir='ltr'><strong>legibus</strong></span> <span class='ocrx_word' id='word_1_223' title='bbox 1114 3068 1264 3153; x_wconf 90' lang='lat' dir='ltr'><strong>plus</strong></span> <span class='ocrx_word' id='word_1_224' title='bbox 1309 3079 1527 3155; x_wconf 89' lang='lat' dir='ltr'><strong>posset</strong></span> <span class='ocrx_word' id='word_1_225' title='bbox 1569 3091 1762 3153; x_wconf 88' lang='lat' dir='ltr'><strong>quam</strong></span> <span class='ocrx_word' id='word_1_226' title='bbox 1804 3070 2038 3155; x_wconf 87' lang='lat' dir='ltr'><strong>reliqui</strong></span> <span class='ocrx_word' id='word_1_227' title='bbox 2083 3071 2346 3137; x_wconf 89' lang='lat' dir='ltr'><strong>tribuni.</strong></span> <span class='ocrx_word' id='word_1_228' title='bbox 2427 3077 2573 3143; x_wconf 84' lang='lat' dir='ltr'><strong>Iam</strong></span> <span class='ocrx_word' id='word_1_229' title='bbox 2628 3102 2788 3167; x_wconf 78' lang='lat' dir='ltr'><strong>pro..</strong></span> 
     </span>
    </p>
   </div>
   <div class='ocr_carea' id='block_1_3' title="bbox 339 3174 2785 3267">
    <p class='ocr_par' dir='ltr' id='par_1_3' title="bbox 339 3174 2785 3267">
     <span class='ocr_line' id='line_1_27' title="bbox 339 3174 2785 3267; baseline 0.008 -29"><span class='ocrx_word' id='word_1_230' title='bbox 339 3265 344 3267; x_wconf 79' lang='lat'><strong>.</strong></span> <span class='ocrx_word' id='word_1_231' title='bbox 447 3175 628 3261; x_wconf 90' lang='lat' dir='ltr'><strong>prius</strong></span> <span class='ocrx_word' id='word_1_232' title='bbox 686 3175 872 3259; x_wconf 88' lang='lat' dir='ltr'><strong>quasi</strong></span> <span class='ocrx_word' id='word_1_233' title='bbox 933 3174 1340 3241; x_wconf 88' lang='lat' dir='ltr'><strong>tribunorum</strong></span> <span class='ocrx_word' id='word_1_234' title='bbox 1397 3176 1634 3261; x_wconf 87' lang='lat' dir='ltr'><strong>agendi</strong></span> <span class='ocrx_word' id='word_1_235' title='bbox 1658 3252 1663 3257; x_wconf 23' lang='lat'>⁸</span> <span class='ocrx_word' id='word_1_236' title='bbox 1691 3178 1875 3246; x_wconf 84' lang='lat' dir='ltr'><strong>locus</strong></span> <span class='ocrx_word' id='word_1_237' title='bbox 1924 3180 2077 3244; x_wconf 92' lang='lat' dir='ltr'><strong>olim</strong></span> <span class='ocrx_word' id='word_1_238' title='bbox 2121 3182 2333 3249; x_wconf 86' lang='lat' dir='ltr'><strong>fuerat</strong></span> <span class='ocrx_word' id='word_1_239' title='bbox 2386 3185 2455 3250; x_wconf 89' lang='lat' dir='ltr'><strong>in</strong></span> <span class='ocrx_word' id='word_1_240' title='bbox 2498 3191 2785 3257; x_wconf 85' lang='lat' dir='ltr'><strong>comitiis</strong></span> 
     </span>
    </p>
   </div>
   <div class='ocr_carea' id='block_1_4' title="bbox 437 3279 2880 4465">
    <p class='ocr_par' dir='ltr' id='par_1_4' title="bbox 437 3279 2880 4465">
     <span class='ocr_line' id='line_1_28' title="bbox 447 3279 2785 3385; baseline 0.01 -40"><span class='ocrx_word' id='word_1_241' title='bbox 447 3279 728 3358; x_wconf 89' lang='lat' dir='ltr'><strong>tributis,</strong></span> <span class='ocrx_word' id='word_1_242' title='bbox 769 3280 1008 3365; x_wconf 90' lang='lat' dir='ltr'><strong>quibus</strong></span> <span class='ocrx_word' id='word_1_243' title='bbox 1049 3282 1308 3347; x_wconf 89' lang='lat' dir='ltr'><strong>licentia</strong></span> <span class='ocrx_word' id='word_1_244' title='bbox 1353 3306 1573 3349; x_wconf 90' lang='lat' dir='ltr'><strong>eorum</strong></span> <span class='ocrx_word' id='word_1_245' title='bbox 1627 3300 1949 3365; x_wconf 85' lang='lat' dir='ltr'><strong>creverat3</strong></span> <span class='ocrx_word' id='word_1_246' title='bbox 2010 3300 2167 3355; x_wconf 90' lang='lat' dir='ltr'><strong>tunc</strong></span> <span class='ocrx_word' id='word_1_247' title='bbox 2210 3292 2445 3361; x_wconf 88' lang='lat' dir='ltr'><strong>horum</strong></span> <span class='ocrx_word' id='word_1_248' title='bbox 2488 3303 2785 3385; x_wconf 86' lang='lat' dir='ltr'><strong>potentia</strong></span> 
     </span>
     <span class='ocr_line' id='line_1_29' title="bbox 449 3388 2880 3492; baseline 0.009 -38"><span class='ocrx_word' id='word_1_249' title='bbox 449 3388 686 3455; x_wconf 89' lang='lat' dir='ltr'><strong>abolita</strong></span> <span class='ocrx_word' id='word_1_250' title='bbox 725 3388 940 3453; x_wconf 89' lang='lat' dir='ltr'><strong>omnia</strong></span> <span class='ocrx_word' id='word_1_251' title='bbox 981 3412 1099 3474; x_wconf 95' lang='lat' dir='ltr'><strong>per</strong></span> <span class='ocrx_word' id='word_1_252' title='bbox 1131 3400 1424 3455; x_wconf 88' lang='lat' dir='ltr'><strong>senatum</strong></span> <span class='ocrx_word' id='word_1_253' title='bbox 1467 3392 1957 3481; x_wconf 81' lang='lat' dir='ltr'><strong>incipiebantur,</strong></span> <span class='ocrx_word' id='word_1_254' title='bbox 1994 3396 2167 3481; x_wconf 91' lang='lat' dir='ltr'><strong>plebi</strong></span> <span class='ocrx_word' id='word_1_255' title='bbox 2200 3400 2411 3470; x_wconf 85' lang='lat' dir='ltr'><strong>inanis</strong></span> <span class='ocrx_word' id='word_1_256' title='bbox 2435 3411 2779 3492; x_wconf 84' lang='lat' dir='ltr'><strong>potestatis</strong></span> <span class='ocrx_word' id='word_1_257' title='bbox 2879 3488 2880 3491; x_wconf 8' lang='grc' dir='ltr'><strong>Ἴ</strong></span> 
     </span>
     <span class='ocr_line' id='line_1_30' title="bbox 449 3497 2880 3603; baseline 0.008 -42"><span class='ocrx_word' id='word_1_258' title='bbox 449 3497 698 3583; x_wconf 89' lang='lat' dir='ltr'><strong>species</strong></span> <span class='ocrx_word' id='word_1_259' title='bbox 733 3497 954 3562; x_wconf 91' lang='lat' dir='ltr'><strong>relicta</strong></span> <span class='ocrx_word' id='word_1_260' title='bbox 997 3508 1131 3563; x_wconf 87' lang='lat' dir='ltr'><strong>est:</strong></span> <span class='ocrx_word' id='word_1_261' title='bbox 1178 3521 1376 3583; x_wconf 89' lang='lat' dir='ltr'><strong>quare</strong></span> <span class='ocrx_word' id='word_1_262' title='bbox 1414 3499 1485 3563; x_wconf 90' lang='lat' dir='ltr'><strong>iu</strong></span> <span class='ocrx_word' id='word_1_263' title='bbox 1530 3511 1757 3588; x_wconf 89' lang='lat' dir='ltr'><strong>senatu</strong></span> <span class='ocrx_word' id='word_1_264' title='bbox 1803 3502 2209 3587; x_wconf 89' lang='lat' dir='ltr'><strong>potissimum</strong></span> <span class='ocrx_word' id='word_1_265' title='bbox 2242 3510 2551 3600; x_wconf 90' lang='lat' dir='ltr'><strong>Augusto</strong></span> <span class='ocrx_word' id='word_1_266' title='bbox 2586 3542 2778 3603; x_wconf 87' lang='lat' dir='ltr'><strong>prae-</strong></span> <span class='ocrx_word' id='word_1_267' title='bbox 2879 3544 2880 3599; x_wconf 64' lang='lat'>3</span> 
     </span>
     <span class='ocr_line' id='line_1_31' title="bbox 443 3602 2880 3708; baseline 0.01 -40"><span class='ocrx_word' id='word_1_268' title='bbox 443 3605 706 3691; x_wconf 88' lang='lat' dir='ltr'><strong>cipuum</strong></span> <span class='ocrx_word' id='word_1_269' title='bbox 771 3604 1036 3690; x_wconf 85' lang='lat' dir='ltr'><strong>aliquod</strong></span> <span class='ocrx_word' id='word_1_270' title='bbox 1095 3607 1200 3673; x_wconf 90' lang='lat' dir='ltr'><strong>ius</strong></span> <span class='ocrx_word' id='word_1_271' title='bbox 1273 3607 1587 3673; x_wconf 88' lang='lat' dir='ltr'><strong>tributum</strong></span> <span class='ocrx_word' id='word_1_272' title='bbox 1653 3632 1796 3675; x_wconf 88' lang='lat' dir='ltr'><strong>esse</strong></span> <span class='ocrx_word' id='word_1_273' title='bbox 1858 3612 2291 3683; x_wconf 84' lang='lat' dir='ltr'><strong>coniieietnus.</strong></span> <span class='ocrx_word' id='word_1_274' title='bbox 2384 3621 2622 3708; x_wconf 88' lang='lat' dir='ltr'><strong>quue</strong></span> <span class='ocrx_word' id='word_1_275' title='bbox 2692 3625 2776 3691; x_wconf 86' lang='lat' dir='ltr'><strong>ab</strong></span> <span class='ocrx_word' id='word_1_276' title='bbox 2879 3602 2880 3631; x_wconf 29' lang='grc' dir='ltr'>Ξ</span> 
     </span>
     <span class='ocr_line' id='line_1_32' title="bbox 443 3713 2775 3802; baseline 0.009 -24"><span class='ocrx_word' id='word_1_277' title='bbox 443 3713 660 3778; x_wconf 90' lang='lat' dir='ltr'><strong>Dione</strong></span> <span class='ocrx_word' id='word_1_278' title='bbox 721 3713 862 3799; x_wconf 91' lang='lat' dir='ltr'><strong>ipso</strong></span> <span class='ocrx_word' id='word_1_279' title='bbox 929 3714 1263 3793; x_wconf 88' lang='lat' dir='ltr'><strong>ducimur,</strong></span> <span class='ocrx_word' id='word_1_280' title='bbox 1323 3717 1434 3802; x_wconf 92' lang='lat' dir='ltr'><strong>qui</strong></span> <span class='ocrx_word' id='word_1_281' title='bbox 1494 3717 1575 3782; x_wconf 93' lang='lat' dir='ltr'><strong>ab</strong></span> <span class='ocrx_word' id='word_1_282' title='bbox 1639 3728 1865 3783; x_wconf 90' lang='lat' dir='ltr'><strong>senatu</strong></span> <span class='ocrx_word' id='word_1_283' title='bbox 1926 3720 2101 3788; x_wconf 89' lang='lat' dir='ltr'><strong>hunc</strong></span> <span class='ocrx_word' id='word_1_284' title='bbox 2162 3748 2401 3793; x_wconf 87' lang='lat' dir='ltr'><strong>novum</strong></span> <span class='ocrx_word' id='word_1_285' title='bbox 2456 3730 2775 3799; x_wconf 88' lang='lat' dir='ltr'><strong>honorem</strong></span> 
     </span>
     <span class='ocr_line' id='line_1_33' title="bbox 442 3821 2777 3912; baseline 0.009 -25"><span class='ocrx_word' id='word_1_286' title='bbox 442 3821 750 3908; x_wconf 89' lang='lat' dir='ltr'><strong>Augusto</strong></span> <span class='ocrx_word' id='word_1_287' title='bbox 791 3822 1121 3887; x_wconf 88' lang='lat' dir='ltr'><strong>decretum</strong></span> <span class='ocrx_word' id='word_1_288' title='bbox 1165 3846 1308 3889; x_wconf 91' lang='lat' dir='ltr'><strong>esse</strong></span> <span class='ocrx_word' id='word_1_289' title='bbox 1355 3824 1611 3903; x_wconf 84' lang='lat' dir='ltr'><strong>scribit3</strong></span> <span class='ocrx_word' id='word_1_290' title='bbox 1671 3850 1819 3893; x_wconf 88' lang='lat' dir='ltr'><strong>nam</strong></span> <span class='ocrx_word' id='word_1_291' title='bbox 1860 3851 2025 3912; x_wconf 89' lang='lat' dir='ltr'><strong>quae</strong></span> <span class='ocrx_word' id='word_1_292' title='bbox 2070 3845 2253 3899; x_wconf 88' lang='lat' dir='ltr'><strong>antea</strong></span> <span class='ocrx_word' id='word_1_293' title='bbox 2302 3838 2381 3903; x_wconf 92' lang='lat' dir='ltr'><strong>de</strong></span> <span class='ocrx_word' id='word_1_294' title='bbox 2422 3840 2777 3909; x_wconf 89' lang='lat' dir='ltr'><strong>tribunicia</strong></span> 
     </span>
     <span class='ocr_line' id='line_1_34' title="bbox 440 3930 2880 4023; baseline 0.01 -30"><span class='ocrx_word' id='word_1_295' title='bbox 440 3941 755 4017; x_wconf 86' lang='lat' dir='ltr'><strong>potestate</strong></span> <span class='ocrx_word' id='word_1_296' title='bbox 816 3930 874 3994; x_wconf 88' lang='lat' dir='ltr'><strong>ei</strong></span> <span class='ocrx_word' id='word_1_297' title='bbox 937 3930 1086 3997; x_wconf 86' lang='lat' dir='ltr'><strong>data</strong></span> <span class='ocrx_word' id='word_1_298' title='bbox 1141 3944 1338 4010; x_wconf 86' lang='lat' dir='ltr'><strong>erant,</strong></span> <span class='ocrx_word' id='word_1_299' title='bbox 1397 3956 1473 3999; x_wconf 86' lang='lat' dir='ltr'><strong>ea</strong></span> <span class='ocrx_word' id='word_1_300' title='bbox 1526 3957 1565 3998; x_wconf 88' lang='lat' dir='ltr'><strong>a</strong></span> <span class='ocrx_word' id='word_1_301' title='bbox 1625 3934 1879 4023; x_wconf 56' lang='lat' dir='ltr'><strong>populo⁴</strong></span> <span class='ocrx_word' id='word_1_302' title='bbox 1919 3960 1999 4003; x_wconf 85' lang='lat' dir='ltr'><strong>ex</strong></span> <span class='ocrx_word' id='word_1_303' title='bbox 2042 3944 2415 4010; x_wconf 85' lang='lat' dir='ltr'><strong>auctoritate</strong></span> <span class='ocrx_word' id='word_1_304' title='bbox 2462 3948 2775 4017; x_wconf 87' lang='lat' dir='ltr'><strong>videlicet</strong></span> <span class='ocrx_word' id='word_1_305' title='bbox 2879 3964 2880 4017; x_wconf 66' lang='lat' dir='ltr'><strong>i</strong></span> 
     </span>
     <span class='ocr_line' id='line_1_35' title="bbox 444 4020 2880 4140; baseline 0.009 -37"><span class='ocrx_word' id='word_1_306' title='bbox 444 4048 704 4103; x_wconf 88' lang='lat' dir='ltr'><strong>senatus</strong></span> <span class='ocrx_word' id='word_1_307' title='bbox 750 4039 1008 4103; x_wconf 86' lang='lat' dir='ltr'><strong>decreta</strong></span> <span class='ocrx_word' id='word_1_308' title='bbox 1053 4062 1196 4105; x_wconf 87' lang='lat' dir='ltr'><strong>esse</strong></span> <span class='ocrx_word' id='word_1_309' title='bbox 1237 4042 1341 4107; x_wconf 85' lang='lat' dir='ltr'><strong>vel</strong></span> <span class='ocrx_word' id='word_1_310' title='bbox 1381 4043 1723 4128; x_wconf 86' lang='lat' dir='ltr'><strong>perspicue</strong></span> <span class='ocrx_word' id='word_1_311' title='bbox 1772 4043 1931 4111; x_wconf 87' lang='lat' dir='ltr'><strong>dicit</strong></span> <span class='ocrx_word' id='word_1_312' title='bbox 1970 4049 2146 4135; x_wconf 89' lang='lat' dir='ltr'><strong>(libr.</strong></span> <span class='ocrx_word' id='word_1_313' title='bbox 2188 4052 2455 4133; x_wconf 90' lang='lat' dir='ltr'><strong>XLIX,</strong></span> <span class='ocrx_word' id='word_1_314' title='bbox 2505 4058 2615 4140; x_wconf 83' lang='lat'><strong>15)</strong></span> <span class='ocrx_word' id='word_1_315' title='bbox 2663 4061 2773 4124; x_wconf 85' lang='lat' dir='ltr'><strong>vel</strong></span> <span class='ocrx_word' id='word_1_316' title='bbox 2878 4020 2880 4037; x_wconf 21' lang='lat' dir='ltr'><em>A</em></span> 
     </span>
     <span class='ocr_line' id='line_1_36' title="bbox 440 4144 2880 4245; baseline 0.011 -36"><span class='ocrx_word' id='word_1_317' title='bbox 440 4156 604 4211; x_wconf 88' lang='lat' dir='ltr'><strong>tecte</strong></span> <span class='ocrx_word' id='word_1_318' title='bbox 640 4144 962 4231; x_wconf 88' lang='lat' dir='ltr'><strong>significat</strong></span> <span class='ocrx_word' id='word_1_319' title='bbox 997 4147 1172 4226; x_wconf 90' lang='lat' dir='ltr'><strong>(libr.</strong></span> <span class='ocrx_word' id='word_1_320' title='bbox 1216 4148 1333 4226; x_wconf 92' lang='lat' dir='ltr'><strong>LI,</strong></span> <span class='ocrx_word' id='word_1_321' title='bbox 1385 4150 1513 4235; x_wconf 86' lang='lat'><strong>19).</strong></span> <span class='ocrx_word' id='word_1_322' title='bbox 1590 4150 1737 4217; x_wconf 93' lang='lat' dir='ltr'><strong>Hoc</strong></span> <span class='ocrx_word' id='word_1_323' title='bbox 1786 4164 2013 4221; x_wconf 88' lang='lat' dir='ltr'><strong>autem·</strong></span> <span class='ocrx_word' id='word_1_324' title='bbox 2042 4157 2187 4224; x_wconf 90' lang='lat' dir='ltr'><strong>loco</strong></span> <span class='ocrx_word' id='word_1_325' title='bbox 2226 4163 2404 4245; x_wconf 91' lang='lat' dir='ltr'><strong>quod</strong></span> <span class='ocrx_word' id='word_1_326' title='bbox 2448 4188 2489 4228; x_wconf 89' lang='lat' dir='ltr'><strong>a</strong></span> <span class='ocrx_word' id='word_1_327' title='bbox 2534 4177 2769 4233; x_wconf 86' lang='lat' dir='ltr'><strong>senatu</strong></span> <span class='ocrx_word' id='word_1_328' title='bbox 2879 4168 2880 4237; x_wconf 78' lang='lat' dir='ltr'>J</span> 
     </span>
     <span class='ocr_line' id='line_1_37' title="bbox 439 4253 2880 4362; baseline 0.01 -45"><span class='ocrx_word' id='word_1_329' title='bbox 439 4253 848 4320; x_wconf 87' lang='lat' dir='ltr'><strong>tribuniciam</strong></span> <span class='ocrx_word' id='word_1_330' title='bbox 893 4266 1270 4341; x_wconf 83' lang='lat' dir='ltr'><strong>potestatem</strong></span> <span class='ocrx_word' id='word_1_331' title='bbox 1315 4270 1691 4345; x_wconf 85' lang='lat' dir='ltr'><strong>perpetuam</strong></span> <span class='ocrx_word' id='word_1_332' title='bbox 1738 4262 2046 4331; x_wconf 85' lang='lat' dir='ltr'><strong>tributam</strong></span> <span class='ocrx_word' id='word_1_333' title='bbox 2092 4289 2235 4334; x_wconf 91' lang='lat' dir='ltr'><strong>esse</strong></span> <span class='ocrx_word' id='word_1_334' title='bbox 2288 4271 2397 4349; x_wconf 88' lang='lat' dir='ltr'><strong>ait,</strong></span> <span class='ocrx_word' id='word_1_335' title='bbox 2436 4274 2599 4358; x_wconf 89' lang='lat' dir='ltr'><strong>quid</strong></span> <span class='ocrx_word' id='word_1_336' title='bbox 2646 4298 2767 4362; x_wconf 84' lang='lat' dir='ltr'><strong>po·</strong></span> <span class='ocrx_word' id='word_1_337' title='bbox 2879 4294 2880 4333; x_wconf 87' lang='lat'>1</span> 
     </span>
     <span class='ocr_line' id='line_1_38' title="bbox 437 4362 2767 4465; baseline 0.011 -39"><span class='ocrx_word' id='word_1_338' title='bbox 437 4369 563 4426; x_wconf 89' lang='lat' dir='ltr'><strong>test</strong></span> <span class='ocrx_word' id='word_1_339' title='bbox 611 4362 797 4428; x_wconf 79' lang='lat' dir='ltr'><strong>esse?</strong></span> <span class='ocrx_word' id='word_1_340' title='bbox 877 4362 1107 4452; x_wconf 87' lang='lat' dir='ltr'><strong>Neque</strong></span> <span class='ocrx_word' id='word_1_341' title='bbox 1165 4366 1338 4432; x_wconf 89' lang='lat' dir='ltr'><strong>enim</strong></span> <span class='ocrx_word' id='word_1_342' title='bbox 1387 4370 1693 4453; x_wconf 75' lang='lat' dir='ltr'><strong>Augusto</strong></span> <span class='ocrx_word' id='word_1_343' title='bbox 1751 4386 2060 4459; x_wconf 86' lang='lat' dir='ltr'><strong>regnante</strong></span> <span class='ocrx_word' id='word_1_344' title='bbox 2118 4376 2327 4465; x_wconf 87' lang='lat' dir='ltr'><strong>plebis</strong></span> <span class='ocrx_word' id='word_1_345' title='bbox 2374 4380 2466 4445; x_wconf 86' lang='lat' dir='ltr'><strong>ita</strong></span> <span class='ocrx_word' id='word_1_346' title='bbox 2508 4382 2767 4451; x_wconf 85' lang='lat' dir='ltr'><strong>sublata</strong></span> 
     </span>
    </p>
   </div>
   <div class='ocr_carea' id='block_1_5' title="bbox 2876 1240 2882 1951">
    <p class='ocr_par' dir='ltr' id='par_1_5' title="bbox 2876 1240 2882 1951">
     <span class='ocr_line' id='line_1_39' title="bbox 2876 1240 2882 1951; baseline 0 0"><span class='ocrx_word' id='word_1_347' title='bbox 2876 1240 2882 1951; x_wconf 95' lang='lat' dir='ltr'><strong> </strong></span> 
     </span>
    </p>
   </div>
   <div class='ocr_carea' id='block_1_6' title="bbox 2873 1240 2885 2569">
    <p class='ocr_par' dir='ltr' id='par_1_6' title="bbox 2873 1240 2885 2569">
     <span class='ocr_line' id='line_1_40' title="bbox 2873 1240 2885 2569; baseline 0 0"><span class='ocrx_word' id='word_1_348' title='bbox 2873 1240 2885 2569; x_wconf 95' lang='lat' dir='ltr'><strong> </strong></span> 
     </span>
    </p>
   </div>
  </div>
 </body>
</html>
