2917 5017
632 366 714 415 De
749 365 922 415 Gallia
957 366 1306 415 Romanorum
1343 366 1605 429 provincia
1639 367 1916 429 appendix.
2314 364 2431 431 187

164 527 406 593 sedecim
455 526 718 603 milites,
777 528 888 611 qui
939 527 1108 590 inter
1157 526 1388 611 vigiles
1442 525 1684 589 Romae
1741 526 2061 613 stipendia
2122 530 2433 605 fecerunt,

161 636 322 721 genio
361 636 696 711 centuriae,
732 635 800 699 in
839 657 970 717 qua
1003 635 1286 711 fuerunt,
1325 656 1503 699 aram
1539 647 1927 718 posuerunt:
1975 642 2087 719 qui
2092 638 2435 719 frumento

155 746 362 824 publico
383 736 582 805 ⁴ine-isi
619 752 767 805 sunt
813 746 938 807 Gal.
982 746 1214 805 Martis
1251 780 1337 791 --
1377 764 1637 823 quorum
1680 748 1936 807 nomina
1975 748 2163 824 infra
2202 750 2435 826 scripta

159 862 292 927 sunt,
331 855 546 914 milites
571 854 760 928 facti
801 854 1102 913 „mellino
1147 854 1216 913 II
1247 860 1311 912 et
1351 856 1663 913 Frontone
1704 874 1815 915 cos.
1860 851 1931 936 (i.
1970 874 2027 916 e.
2066 874 2235 917 anno
2268 850 2433 935 199).

160 958 497 1042 Sequuntur
557 957 1068 1041 quattuordecim
1129 958 1401 1021 militum
1455 958 1746 1034 nomina,
1824 982 1905 1023 ex
1967 957 2203 1043 quibus
2261 982 2433 1025 unus

156 1068 310 1131 miles
341 1068 545 1131 factus
585 1088 726 1131 esse
765 1066 1000 1131 dicitur
1027 1066 1113 1129 K.
1140 1067 1306 1141 Iun„
1347 1066 1633 1150 quinque
1659 1065 1825 1131 VIII
1853 1068 1941 1131 K.
1964 1073 2165 1153 Aug„
2206 1068 2433 1151 reliqui

154 1174 272 1237 IIII
310 1174 400 1237 Id.
441 1174 640 1259 Aug„
683 1174 857 1239 XVI
901 1174 989 1237 K.
1026 1172 1213 1249 Now,
1263 1174 1359 1239 VI
1389 1174 1479 1237 K.
1508 1174 1696 1251 Nov„
1742 1175 1840 1239 Id.
1866 1175 2054 1253 Nov„
2094 1187 2225 1241 tres
2268 1176 2435 1242 VIII

155 1282 234 1345 Id.
258 1282 432 1357 Dec„
469 1282 608 1347 IIII
646 1282 734 1345 K.
759 1282 919 1358 Ian„
957 1293 1096 1345 tum
1135 1282 1381 1347 Severo
1423 1292 1489 1345 et
1516 1282 1849 1349 Victorino
1890 1306 2021 1350 cos.
2064 1286 2135 1367 (i.
2172 1309 2227 1350 e.
2266 1308 2434 1351 anno

157 1390 284 1472 ⁶200)
325 1412 490 1455 unus
534 1390 622 1455 Κ.
659 1389 888 1466 Febr„
946 1391 1104 1455 alter
1147 1391 1246 1455 Id.
1293 1391 1485 1455 Febr.
1530 1389 1777 1477 Aperta
1826 1393 2085 1457 videtur
2138 1416 2281 1459 esse
2332 1394 2433 1457 in-

156 1498 380 1582 scriptio
421 1520 542 1563 nec
583 1498 926 1582 quicquam
973 1497 1208 1563 habere
1227 1546 1244 1574 ,
1307 1499 1484 1583 quod
1529 1522 1567 1565 a
1610 1504 1929 1565 communi
1980 1524 2177 1587 quam
2220 1503 2435 1568 adhuc

158 1606 536 1682 credidimus,
579 1609 818 1671 ratione
859 1606 1186 1682 discedat3
1232 1630 1380 1671 nam
1415 1608 1601 1684 illud,
1645 1608 1821 1692 quod
1858 1609 2091 1694 vigiles
2128 1611 2435 1676 dicuntur

161 1716 292 1779 inter
339 1737 446 1779 eos
505 1736 648 1779 esse
694 1715 1018 1800 inscripti,
1082 1716 1193 1800 qui
1237 1717 1632 1780 frumentum
1679 1716 2005 1800 publicum
2048 1720 2433 1805 acciperent,

161 1824 436 1908 praeclare
477 1824 756 1887 illustrat
801 1824 1060 1911 Ulpian.
1111 1826 1338 1908 fragm.
1376 1824 1501 1899 III,
1544 1826 1603 1900 5,
1646 1824 1758 1908 qui
1796 1848 1875 1887 ex
1908 1833 2433 1892 senatusconsulto

155 1931 221 1994 ait
256 1953 590 1995 concessum
643 1954 762 1994 esse
801 1931 1052 1996 Latinis
1069 1979 1086 2007 ,
1143 1944 1216 1993 uc
1257 1937 1314 1993 si
1357 1938 1629 1995 triennio
1670 1936 1833 1993 inter
1876 1937 2090 2013 vagitas
2134 1940 2433 1999 militave-

153 2044 284 2113 rint,
343 2044 440 2101 ἐπε
489 2043 829 2111 Quiritium
887 2051 1366 2120 consequantur,
1430 2040 1669 2105 civium
1726 2050 1941 2105 autem
1999 2042 2433 2109 Romanorum

152 2146 250 2211 hoc
281 2147 684 2211 commodum
715 2148 920 2213 fuisse
957 2158 1224 2223 constat,
1262 2159 1337 2211 ut
1363 2148 1757 2213 frumentum
1788 2148 2120 2234 publicum
2146 2153 2433 2238 accipere

150 2266 394 2340 possent.
503 2254 684 2336 Quid
734 2256 804 2320 in
858 2256 960 2319 his
1017 2267 1146 2333 est,
1207 2257 1384 2341 quod
1445 2280 1685 2322 annum
1728 2258 2051 2342 quendam
2096 2261 2435 2327 militarem

149 2364 558 2429 demonstret?
639 2364 732 2429 At
772 2364 1246 2429 Mommsenius
1308 2365 1402 2429 sic
1451 2366 1898 2443 ratiocinatur,
1957 2369 2135 2452 quod
2178 2380 2432 2454 tempus

76 2482 79 2523 ἑ
150 2473 397 2537 sedecim
445 2473 542 2539 illi
595 2472 828 2537 milites
887 2494 1082 2557 supra
1133 2472 1479 2538 triennium
1522 2475 1939 2552 meruissent,
1996 2476 2135 2541 eius
2178 2478 2431 2543 elucere

149 2604 250 2645 non
307 2605 446 2647 esse
504 2582 813 2647 rationem
871 2582 1154 2647 habitam
1211 2580 1683 2666 trienniumque
1701 2629 1719 2660 ,
1788 2585 1963 2669 quod
2020 2608 2103 2649 ex
2162 2582 2293 2649 SC.
2347 2584 2428 2649 ad

151 2689 436 2755 civitatem
485 2690 840 2755 Romanam
895 2690 1364 2774 assequendam
1421 2713 1585 2775 opus
1644 2704 1847 2769 esset,
1910 2693 1990 2758 ab
2046 2691 2188 2759 Cal.
2240 2694 2433 2759 Mart.

76 2798 78 2831 ³
149 2798 270 2861 anni
309 2798 430 2863 200
493 2820 635 2863 esse
689 2808 1123 2863 numeratum:
1191 2797 1530 2883 perspicue
1581 2798 1783 2881 igit-ur
1826 2822 2137 2885 apparere
2194 2824 2434 2866 annum

148 2906 468 2983 militarem,
509 2906 694 2971 cuius
735 2906 990 2971 initium
1035 2907 1118 2972 ab
1163 2904 1301 2971 Cal.
1347 2906 1542 2973 Mart.
1590 2907 1954 2972 duceretur.
2030 2908 2183 2990 Qua
2218 2908 2285 2971 in
2330 2932 2433 2975 ra-

147 3014 292 3079 tione
353 3016 522 3080 duae
592 3036 696 3081 res
766 3015 1254 3101 praetermissae
1323 3025 1474 3079 sunt
1536 3016 1949 3082 vehementer
2016 3017 2432 3093 necessariae,

76 3122 78 3139 ²
144 3123 392 3207 primum
423 3124 537 3209 qui
572 3124 918 3189 triennium
949 3124 1118 3188 inter
1140 3123 1374 3209 vigiles
1399 3124 1804 3201 meruissent,
1846 3126 2169 3203 continu0,
2206 3148 2433 3210 quam-

144 3230 224 3294 vis
259 3254 379 3295 non
423 3242 640 3297 essent
681 3232 956 3317 professi
994 3254 1114 3297 nec
1150 3232 1484 3317 petissent,
1532 3232 1855 3298 civitatem
1891 3235 2247 3301 Romanam
2290 3257 2433 3300 esse

76 3358 78 3369 ἱ
143 3348 468 3414 assecutos,
504 3339 760 3417 deinde,
796 3340 909 3424 qui
934 3340 1152 3405 Latini
1191 3340 1346 3405 facti
1387 3353 1602 3405 essent
1636 3342 1830 3418 cives,
1873 3364 2100 3409 rursus
2130 3343 2433 3409 continuo

76 3444 79 3521 ἰ
141 3444 194 3507 in
238 3447 483 3513 tabulas
539 3469 793 3524 eorum,
849 3448 962 3532 qui
1007 3449 1401 3513 frumentum
1446 3449 1779 3535 publicum
1832 3451 2225 3537 acciperent,
2289 3472 2433 3515 esse

76 3540 78 3633 ζ
141 3552 479 3640 inscriptos.
577 3554 836 3621 Etenim
889 3556 943 3621 si
993 3565 1108 3620 aut
1157 3556 1388 3641 vigiles
1443 3568 1593 3642 post
1652 3557 1971 3641 stipendia
2022 3559 2280 3624 triennii
2324 3558 2428 3625 ius

76 3712 79 3737 ,
141 3672 360 3727 tantum
403 3663 680 3730 civitatis
721 3664 1046 3731 Romanae
1086 3664 1575 3750 consequendae
1591 3710 1609 3739 ,
1662 3687 1790 3730 non
1846 3667 2049 3751 ipsam
2111 3666 2433 3731 civitatem

76 3776 78 3779 ’
141 3770 656 3856 adipiscebantur,
699 3782 812 3837 aut
855 3774 968 3858 qui
1015 3774 1190 3839 cives
1233 3773 1509 3839 Romani
1546 3774 1699 3839 facti
1744 3784 1943 3851 erant,
1992 3773 2433 3861 expectabant,

143 3877 276 3943 dum
317 3881 384 3945 in
425 3880 658 3947 tabulis
703 3882 1006 3946 frumenti
1044 3880 1287 3967 publici
1326 3881 1471 3948 loca
1505 3904 1711 3947 vacua
1737 3883 1983 3959 fierent,
2026 3905 2153 3947 non
2189 3894 2435 3969 poterat

145 3988 311 4052 modo
351 3989 665 4066 accidere,
711 3988 828 4055 sed
869 4000 1042 4055 certe
1083 3990 1458 4075 plerumque
1502 3990 1855 4067 accidebat,
1901 4001 1975 4055 ut
2015 3991 2247 4077 vigiles
2290 4001 2435 4077 post

148 4096 370 4179 expleta
411 4096 667 4161 triennii
707 4096 1026 4182 stipendia
1065 4091 1463 4181 aliquamdiu
1484 4144 1501 4174 ,
1566 4097 1723 4163 dum
1768 4109 1831 4163 et
1874 4099 2049 4165 cives
2090 4100 2319 4164 fierent
2372 4110 2435 4164 et

147 4201 506 4268 frumentum
559 4204 890 4290 publicum
951 4205 1334 4291 acciperent,
1405 4216 1832 4292 expectarent.
1939 4207 2177 4273 Manca
2232 4207 2435 4292 igitur

149 4320 230 4373 est
255 4322 312 4375 et
341 4312 762 4379 incertissima
787 4313 1300 4379 Mommseniana
1325 4315 1505 4391 ratio,
1542 4337 1623 4379 ex
1647 4337 1777 4401 qua
1800 4315 2239 4380 nihilomnino
2264 4313 2432 4379 effici

153 4438 382 4499 censeo,
437 4423 678 4489 nedum
733 4444 1039 4510 apparere
1091 4445 1332 4489 annum
1369 4424 1705 4489 militarem
1722 4471 1740 4502 ,
1798 4424 1910 4509 qui
1945 4424 2013 4488 in
2054 4422 2196 4489 aliis
2235 4422 2430 4489 rebus
