2917 5017
93 601 366 660 881188,
412 596 488 648 111
529 585 784 667 Mauri,
845 593 956 676 qui
1000 594 1064 658 in
1106 595 1496 682 Hispaniam
1536 601 1937 684 invaserant,
1979 613 2471 696 repellerentur.

93 689 242 752 Ad
307 714 511 776 quam
569 717 706 760 rem
765 721 892 764 non
951 701 1162 788 legato
1218 715 1465 772 tantum
1524 731 1687 794 opus
1748 727 1921 792 erat,
1988 718 2103 782 sed
2156 721 2469 807 imprimis

89 796 544 883 legionibus,
603 827 764 889 quas
821 830 970 873 cum
1013 813 1334 878 senatoria
1381 827 1553 880 esset
1596 822 1958 903 provincia,
2016 827 2227 893 nullas
2274 831 2355 895 ad
2398 833 2468 897 id

91 917 402 995 tempus
447 912 532 1011 in,
555 901 834 982 Baetica*
860 917 1066 984 fuisse
1109 932 1378 987 constat.
1466 926 1555 989 At
1602 927 1669 991 in
1710 929 2177 1000 Tarraconensi
2224 937 2466 1026 Hispa-

89 1016 228 1078 nia
277 1018 442 1083 olim
485 1021 607 1087 sub
651 1023 957 1110 Augusto
999 1037 1064 1091 et
1099 1027 1363 1094 Tiberio
1403 1033 1659 1099 fuerant
1700 1047 1829 1103 tres
1868 1041 2157 1126 legiones
2218 1043 2461 1130 (Strab.
2517 1058 2526 1067 “

87 1125 224 1190 ΙΙΙ
275 1150 349 1212 p.
401 1129 552 1206 1063
600 1130 756 1197 Tac.
798 1134 1034 1200 Annal.
1077 1136 1194 1214 IV,
1239 1139 1348 1222 5),
1397 1140 1442 1203 i.
1482 1163 1535 1206 8.
1578 1142 1677 1208 VI
1721 1145 2006 1226 Victrix,
2052 1151 2125 1214 X
2168 1151 2465 1233 Gemina,

91 1233 221 1298 IV
268 1235 730 1317 Macedonica,
775 1265 856 1306 ex
893 1243 1133 1328 quibus
1181 1268 1328 1312 cum
1373 1261 1601 1334 pacata
1646 1252 1977 1320 videretur
2016 1280 2159 1324 esse
2202 1264 2464 1346 provin-

95 1341 244 1420 cia,
291 1357 532 1428 quarta
573 1360 636 1412 et
679 1350 931 1416 decima
968 1354 1276 1438 paulatim
1325 1357 1667 1422 translatae
1714 1374 1897 1440 sunt,
1948 1365 2059 1428 illa
2099 1368 2166 1431 in
2208 1369 2465 1438 Britan-

94 1452 300 1516 niam
365 1465 427 1517 et
483 1453 898 1524 Germaniam
953 1460 1136 1542 (Tac.
1176 1464 1349 1529 Hist.
1390 1467 1458 1542 I,
1512 1467 1589 1532 12
1630 1479 1691 1532 81
1735 1471 1874 1552 18),
1938 1471 2097 1539 haec
2144 1476 2227 1539 ad
2286 1479 2462 1546 aliud

100 1559 402 1640 bellum,
447 1566 621 1647 quod
658 1567 1066 1652 ignoramus:
1137 1571 1298 1636 illud
1341 1586 1587 1640 certum
1632 1590 1762 1653 est,
1808 1601 1956 1644 cum
2000 1580 2215 1648 Galba
2254 1585 2464 1674 impe-

109 1669 292 1732 rium
337 1687 726 1757 capesseret,
773 1684 970 1742 unam
1011 1679 1214 1745 fuisse
1256 1681 1320 1744 in
1361 1685 1695 1768 provincia
1725 1687 2048 1771 legionem
2085 1691 2184 1756 VI
2221 1692 2462 1759 Victri-

125 1799 270 1842 cem
319 1779 538 1863 (Suet.
587 1782 780 1850 Galb.
829 1809 882 1852 c.
932 1787 1039 1864 103
1103 1788 1260 1854 Tac.
1299 1791 1473 1856 Hist.
1513 1791 1566 1867 I,
1625 1793 1751 1874 16).
1840 1795 1975 1860 Sed
2024 1799 2217 1863 rediit
2268 1804 2463 1886 paulo

116 1899 276 1970 post
317 1911 486 1973 quae
529 1891 804 1971 abierat,
861 1895 1110 1960 decima
1151 1897 1324 1982 legio
1367 1897 1553 1983 (Tac.
1598 1899 1771 1966 Hist.
1807 1903 1909 1980 H,
1956 1905 2065 1980 58)
2112 1907 2460 1994 additaque

111 2005 262 2059 erat
309 1999 346 2061 I
389 1996 722 2079 Adiutrix,
771 2025 962 2086 quam
1006 2003 1086 2068 ab
1129 2004 1342 2070 Galba
1385 2008 1809 2094 conscriptam
1849 2011 2153 2078 Vitellius
2198 2014 2265 2080 in
2297 2016 2459 2084 His-

105 2105 388 2188 paniam
433 2109 671 2172 reverti
716 2110 994 2176 iusserat
1037 2113 1224 2196 (Tac.
1267 2114 1308 2178 1.
1347 2115 1390 2178 l.
1429 2115 1519 2193 II,
1566 2116 1717 2201 67):
1769 2141 1965 2204 quare
2010 2145 2158 2186 cum
2202 2124 2459 2211 Vespa-

109 2213 352 2278 sianus
397 2215 481 2280 ad
525 2216 866 2302 imperium
913 2223 1298 2305 perveniret,
1340 2236 1472 2289 tres
1514 2247 1741 2291 rursus
1779 2228 2068 2314 legiones
2107 2231 2173 2294 in
2217 2231 2454 2300 Tarra-

111 2324 394 2387 conensi
438 2325 774 2409 provincia
813 2328 1016 2394 fuisse
1059 2330 1336 2416 legimus
1385 2332 1568 2417 (Tac.
1603 2334 1645 2397 l.
1670 2334 1859 2411 LIII,
1892 2337 2023 2418 44).
2094 2335 2231 2404 Sed
2264 2365 2345 2406 ex
2376 2344 2455 2408 iis

112 2443 312 2496 sexta
353 2442 420 2496 et
460 2432 712 2500 decima
741 2457 870 2500 non
893 2438 1096 2503 multo
1121 2449 1270 2524 post
1297 2451 1446 2504 sunt
1472 2441 1539 2504 in
1567 2439 1980 2508 Germaniam
2008 2447 2241 2512 missae
2268 2449 2453 2529 (Tac.

109 2539 158 2601 l.
181 2540 228 2602 l.
257 2539 386 2616 IV,
421 2542 532 2624 68)
577 2565 784 2626 neque
823 2567 1110 2629 unquam
1153 2547 1505 2627 redierunt,
1548 2550 1703 2614 item
1740 2549 1775 2614 I
1820 2551 1901 2616 ab
1944 2551 2345 2641 Vespasiano
2386 2557 2453 2621 in

120 2645 548 2714 Germaniam
572 2650 832 2716 videtur
853 2676 996 2718 esse
1017 2667 1282 2720 avocata
1305 2659 1709 2739 (interfuisse
1736 2659 1906 2722 enim
1930 2683 2067 2726 eam
2088 2661 2455 2732 Suevorum

118 2755 292 2820 bello
334 2755 464 2821 sub
491 2757 708 2824 Nerva
745 2770 1017 2826 testatur
1055 2763 1280 2828 titulus
1319 2767 1494 2850 apud
1524 2763 1727 2830 Orell.
1764 2789 1829 2830 n.
1856 2768 2051 2852 5439)
2090 2774 2453 2859 mansitque

131 2864 188 2928 in
227 2864 594 2930 Germania
637 2878 699 2931 et
725 2868 1076 2935 Pannonia.
1142 2872 1308 2936 Eius
1349 2873 1493 2938 loco
1536 2896 1617 2937 ne
1664 2885 1839 2938 tanta
1862 2877 2207 2960 provincia
2246 2881 2453 2966 legio-

125 2997 276 3039 num
328 2974 565 3040 robore
625 2988 897 3055 careret,
956 2979 1154 3044 missa
1201 2991 1299 3044 est
1344 2979 1479 3044 VII
1524 2979 1837 3060 Gemina,
1901 3007 2094 3068 quam
2143 3008 2340 3052 unam
2382 2989 2451 3053 in

123 3084 446 3170 Hispania
488 3085 862 3150 collocatam
904 3086 1107 3152 fuisse
1154 3087 1444 3153 scribunt
1486 3089 1756 3154 Ptolem.
1798 3091 1900 3168 H,
1946 3092 2019 3169 6,
2076 3094 2157 3159 30
2208 3107 2271 3160 81
2316 3095 2451 3161 Dio

123 3193 268 3269 LV,
311 3193 416 3258 24.
502 3191 683 3274 Quid
733 3193 936 3280 igitur
988 3196 1332 3281 ingruente
1377 3196 1759 3263 Maurorum
1816 3198 1982 3266 bello
2026 3201 2289 3268 Marcus
2352 3204 2449 3269 fa-

123 3303 344 3367 ceret?
430 3301 507 3365 In
551 3300 778 3366 Africa
837 3303 1141 3370 universa
1191 3327 1388 3369 unam
1439 3317 1689 3371 constat
1731 3309 1935 3374 fuisse
1977 3310 2299 3392 legionem
2342 3313 2446 3378 III

125 3411 531 3496 Augustam,
575 3432 740 3494 quae
785 3411 839 3476 si
881 3412 1329 3490 adhiberetur,
1373 3438 1412 3479 a
1451 3425 1637 3501 tergo
1672 3417 1889 3501 potius
1929 3417 1996 3482 in
2034 3418 2305 3484 Mauros
2349 3421 2447 3484 in-

129 3518 366 3583 vadere
432 3517 740 3584 debebat:
827 3523 1156 3607 proximae
1221 3520 1583 3587 Galliarum
1648 3525 2017 3610 provinciae
2079 3526 2447 3610 legionibus

131 3628 448 3693 vacabant
490 3649 610 3692 nec
651 3650 817 3713 quae
862 3627 1203 3694 Germanis
1245 3631 1573 3716 oppositae
1616 3641 1796 3694 erant
1834 3631 2147 3718 legiones,
2190 3645 2453 3720 propter

133 3735 476 3822 ingentem,
519 3734 630 3820 qui
673 3747 829 3801 tunc
867 3747 1020 3813 erat,
1065 3737 1352 3802 omnium
1395 3737 1868 3804 Germanorum
1910 3751 2155 3806 motum
2192 3744 2449 3808 avocari

131 3852 445 3928 poterant,
490 3845 864 3928 praesertim
905 3867 1050 3909 cum
1091 3846 1456 3932 pestilentia
1494 3871 1609 3933 per
1647 3858 1849 3912 totum
1884 3847 2106 3914 orbem
2136 3861 2451 3916 terrarum

128 3960 484 4036 propagata
539 3951 820 4018 sciamus
873 3975 1096 4018 omnes
1141 3954 1463 4020 exercitus
1508 3955 1668 4020 adeo
1714 3978 1857 4021 esse
1900 3957 2310 4036 imminutos,
2374 3970 2450 4023 ut

128 4060 472 4146 imperator
527 4061 610 4124 ad
673 4083 894 4126 servos
957 4084 1030 4126 ac
1072 4061 1382 4128 barbaros
1435 4064 1783 4150 confugere
1825 4076 2181 4151 cogeretur.
2270 4064 2446 4131 Olim

130 4191 238 4253 per
276 4180 570 4254 tempora
611 4169 767 4236 belli
796 4169 1124 4235 Vitelliani
1155 4168 1430 4236 Cluvius
1456 4171 1693 4250 Rufus,
1736 4171 2087 4259 Hispaniae
2134 4174 2447 4239 citerioris
2556 4189 2559 4192 ’

132 4276 376 4364 legatus
395 4322 412 4353 ,
477 4276 659 4358 (Tac.
705 4277 874 4342 Hist.
916 4279 1037 4355 IV,
1087 4279 1197 4363 39)
1261 4301 1408 4344 cum
1458 4278 1793 4345 latrocinia
1836 4280 2219 4346 Maurorum
2260 4281 2446 4345 time-

137 4397 370 4462 rentur,
413 4409 610 4451 unam
657 4407 734 4450 ex
778 4387 1008 4464 tribus,
1049 4409 1214 4472 quas
1257 4386 1557 4474 regebat,
1602 4388 1967 4474 legionibus
2010 4389 2077 4452 in
2117 4388 2443 4452 Baeticam

1968 4497 2041 4561 10
