2917 5017
851 241 942 290 De.
969 238 1138 290 Gallia
1173 241 1526 291 Romanorum
1564 243 1843 306 provincia.
2414 241 2523 310 39,

135 397 450 465 dicionis
503 401 708 468 fuisse
757 400 1121 488 significat?
1203 400 1282 465 In
1339 401 1487 487 ipsa
1522 401 1782 485 quidem
1826 404 1983 468 citra
2018 405 2271 470 Padum
2314 407 2502 474 Italia

131 507 386 572 nullae
431 519 593 574 tunc
647 508 924 594 amplius
963 517 1146 572 erant
1189 507 1473 574 coloniae
1516 509 1788 576 Latinae
1836 532 1957 576 nec
2004 511 2059 576 si
2098 535 2264 596 quae
2318 527 2503 582 extra

129 615 418 680 Italiam
457 627 680 697 erant,
735 638 847 682 eae
901 625 1054 678 tune
1095 615 1222 680 iam
1268 614 1570 700 petebant
1604 617 1925 682 civitatem
1938 665 1958 695 ‚
2014 641 2211 703 quare
2256 643 2422 704 quae
2460 645 2501 686 a

135 720 484 788 Suetonio
529 724 850 798 dicantur,
897 723 1179 787 coloniae
1222 723 1289 786 in
1331 721 1797 808 Transpadana
1837 724 2051 792 Gallia
2105 727 2263 792 sitae
2304 728 2499 793 relin-

136 841 495 912 quuntur,
557 831 626 894 in
670 854 798 915 qua
842 831 896 896 si
939 831 1152 896 nullae
1193 831 1471 896 fuissent
1514 832 1639 896 nisi
1683 831 1903 897 Latini
1956 833 2118 899 iuris
2186 835 2498 913 civitates,

140 959 290 1020 quo
355 949 544 1023 pacto
587 935 832 1004 Caesar
871 939 1138 1004 Latinas
1192 939 1475 1004 colonias
1534 939 1711 1006 adire
1766 940 2015 1026 potuit?
2100 941 2255 1028 Ipsa
2310 943 2499 1008 etiam

142 1046 456 1110 coloniae
509 1046 1022 1112 Novocomensis
1075 1047 1344 1112 historia
1405 1047 1527 1134 (de
1592 1069 1721 1131 qua
1773 1048 1855 1112 ef.
1916 1045 2497 1114 Commentationes

143 1164 426 1218 nostrae
485 1153 821 1239 epigraph.
861 1154 893 1219 I
959 1179 1019 1243 p.
1060 1153 1214 1235 308)
1291 1176 1414 1218 non
1475 1155 1687 1219 omnia
1744 1154 1981 1240 oppida
2033 1154 2500 1241 Transpadana

137 1261 435 1326 Latinae
471 1261 872 1326 condicionis
897 1263 1100 1326 fuisse
1135 1261 1436 1338 ostendit,
1482 1284 1675 1345 quam
1693 1259 1971 1349 Appian.
1993 1263 2141 1329 bell.
2160 1263 2284 1331 civ.
2302 1263 2393 1341 H,
2412 1264 2495 1330 26

141 1391 276 1432 cur
318 1369 600 1433 adderet
641 1392 788 1434 cum
823 1369 1060 1434 Latino
1097 1369 1238 1433 iure
1281 1391 1424 1434 esse
1470 1392 1508 1433 a
1541 1365 1821 1434 Caesare
1865 1369 2211 1448 conditam,
2257 1372 2313 1436 si
2350 1373 2497 1438 uni-

143 1476 335 1540 versi
381 1475 838 1561 Transpadani
881 1476 949 1540 in
1001 1499 1078 1540 eo
1128 1476 1389 1542 essent?
1470 1476 1698 1561 Neque
1750 1478 1954 1544 uHum
2008 1479 2161 1544 satis
2209 1479 2497 1545 validum

143 1596 624 1668 argumentum
673 1583 754 1650 ab
799 1585 878 1649 iis
898 1632 913 1659 ‚
960 1584 1072 1668 qui
1115 1595 1309 1650 totam
1352 1584 1881 1670 Transpadanam
1924 1588 2255 1673 regionem
2294 1612 2333 1653 a
2374 1584 2497 1653 Cn.

143 1691 484 1777 Pompeio
506 1691 856 1758 Latinitate
898 1693 1198 1758 donatam
1221 1715 1364 1757 esse
1405 1702 1716 1768 statuunt,
1761 1693 1975 1758 afferri
2002 1693 2193 1760 video
2236 1695 2347 1779 (cf.
2374 1693 2499 1762 Sa-

151 1800 468 1884 vignium
509 1799 551 1863 1.
597 1799 643 1862 1.
687 1823 751 1885 p.
782 1800 956 1883 312).
1015 1800 1178 1865 Nam
1220 1802 1393 1883 quod
1442 1800 1601 1864 nihil
1639 1801 1845 1866 fuisse
1890 1801 2135 1876 dicunt,
2178 1823 2296 1866 cur
2337 1802 2497 1868 aliae

153 1907 470 1970 civitates
527 1907 924 1971 donarentur
982 1907 1328 1972 Latinitate
1345 1955 1362 1984 ,
1435 1907 1595 1972 aliae
1651 1931 1782 1972 non
1835 1907 2256 1985 donarentur,
2329 1910 2498 1993 quis,

149 2037 430 2098 quaeso,
478 2037 655 2079 nunc
699 2024 911 2099 potest
955 2027 1086 2080 tam
1145 2015 1493 2102 diligenter
1526 2015 1683 2099 quid
1748 2037 2037 2100 quaeque
2090 2016 2326 2101 egerit,
2388 2039 2497 2083 co-

149 2145 480 2206 gnoscere
499 2169 518 2198 ‚
580 2133 652 2186 ut
693 2122 938 2188 iudicet
980 2148 1062 2188 an
1101 2125 1226 2190 alia
1276 2123 1385 2188 alii
1439 2123 1683 2188 meritis
1736 2124 1802 2186 in
1862 2122 2323 2209 rempublicam
2366 2125 2499 2190 Ro-

151 2254 418 2296 manam
451 2230 886 2315 praestiterit?
955 2232 1216 2296 Deinde
1253 2231 1428 2314 quod
1476 2253 1555 2295 ex
1594 2231 1696 2307 iis,
1742 2254 1907 2315 quae
1951 2241 2101 2317 post
2140 2232 2301 2297 haec
2335 2243 2499 2298 tem-

157 2361 324 2422 pora
389 2337 876 2422 Transpadanis
945 2339 1262 2404 accidisse
1339 2349 1714 2415 narrantur,
1786 2340 2132 2424 quicquam
2198 2339 2279 2402 de
2337 2339 2499 2405 iuris

162 2445 550 2510 diversitate
588 2467 754 2529 quae
784 2445 954 2508 inter
993 2447 1172 2532 ipsos
1212 2446 1439 2522 fuerit,
1494 2445 1711 2531 colligi
1749 2467 1941 2531 posse
1977 2455 2237 2530 negant,
2278 2445 2348 2510 id
2378 2467 2499 2511 nee

162 2551 322 2616 satis
377 2573 610 2615 verum
651 2573 794 2616 esse
839 2553 1034 2637 paulo
1088 2553 1258 2618 infra
1312 2554 1777 2639 perspiciemus
1818 2575 1941 2618 nee
1976 2551 2202 2617 debuit
2239 2553 2498 2616 omnino

161 2658 402 2734 afferri,
452 2658 636 2742 quia,
696 2659 752 2723 si
794 2682 924 2744 qua
961 2661 1126 2726 forte
1181 2673 1326 2726 ante
1369 2661 1755 2725 dictaturam
1799 2657 2100 2726 Caesaris
2141 2660 2354 2724 fuerat
2392 2660 2494 2724 di-

177 2767 465 2842 versitas,
513 2788 590 2830 ea
631 2788 760 2830 non
783 2767 996 2830 minus
1028 2767 1165 2832 tolli
1185 2768 1412 2852 potuit,
1455 2789 1650 2851 quam
1678 2764 1801 2831 hac
1825 2767 1971 2852 lege
2000 2766 2169 2830 Iulia
2188 2767 2496 2850 quicquid

175 2872 242 2934 in
271 2873 451 2936 Italia
486 2873 634 2958 ipsa
667 2872 906 2938 diversi
948 2874 1110 2938 iuris
1151 2876 1382 2950 fuerat,
1433 2872 1759 2939 sublatum
1792 2883 1907 2936 est.
1965 2872 2266 2956 Denique
2301 2874 2499 2940 verba

174 2978 513 3045 Ciceronis
555 2981 641 3044 ad
689 2979 826 3045 Att.
870 2981 954 3056 V,
1003 2985 1070 3044 11
1123 2985 1470 3044 Marcellus
1493 2981 1691 3060 foede
1734 2981 1805 3040 de
1855 2980 2153 3042 Comensi.
2214 2984 2355 3042 Etsi
2393 2984 2499 3044 ille

159 3093 614 3170 magistratum
657 3110 786 3150 non
823 3099 1128 3171 gesserat,
1184 3099 1323 3150 erat
1361 3098 1571 3150 tamen
1621 3089 2117 3167 Transpadanus
2130 3132 2145 3162 ‚
2186 3109 2349 3170 quae
2389 3087 2499 3152 ille

165 3196 248 3259 de
285 3195 353 3260 N
355 3197 794 3272 ovocomensi‚
835 3219 1028 3280 quem
1056 3193 1300 3261 Caesar
1327 3195 1585 3260 civitate
1627 3194 1915 3271 donarat,
1958 3194 2327 3260 aMarcello
2366 3218 2497 3262 cos.

171 3303 374 3388 virgis
417 3324 606 3368 caeso
651 3303 841 3380 dicit,
903 3304 1210 3369 subtilius
1263 3314 1469 3390 agunt
1518 3326 1709 3386 quam
1766 3303 1984 3367 verius
2045 3303 2215 3386 quod
2260 3303 2345 3366 ad
2383 3325 2497 3367 ne-

163 3411 534 3476 cessitatem
585 3410 912 3496 quandam
967 3412 1337 3478 Latinitatis
1407 3409 1709 3476 omnibus
1769 3409 2253 3495 Transpadanis
2312 3409 2497 3476 datae

163 3520 482 3585 referunt.
556 3517 807 3600 Quidni
845 3521 1016 3586 enim
1065 3522 1239 3587 dicat
1277 3519 1633 3586 Comenses
1678 3518 1827 3583 ideo
1862 3541 1993 3582 non
2039 3518 2245 3582 fuisse
2287 3519 2498 3602 negli-

167 3627 424 3714 gendos
441 3674 460 3703 ,
519 3628 696 3711 quod
740 3628 1190 3713 Transpadani
1248 3627 1523 3715 proximi
1570 3627 1697 3690 sint
1737 3625 1981 3690 civitati
2026 3647 2293 3710 eamque
2348 3647 2499 3690 mox

167 3734 510 3820 adepturi?
583 3734 684 3799 Ne
735 3736 898 3800 illud
956 3735 1219 3819 quidem
1269 3757 1537 3802 necesse
1589 3744 1755 3810 erat,
1808 3743 1883 3797 ut
1938 3743 2280 3819 antequam
2324 3734 2498 3799 cives

167 3842 446 3908 Romani
469 3842 716 3920 fierent,
731 3843 1144 3910 Latinitatem
1165 3843 1677 3929 adipiscerentur
1685 3841 2163 3927 Transpadani3
2182 3842 2499 3926 siquidem

168 3951 483 4036 plurimas
515 3951 739 4018 Italiae
779 3953 1070 4020 civitates
1115 3951 1293 4016 nullo
1331 3950 1665 4015 interiecto
1689 3949 2058 4014 Latinitatis
2082 3949 2267 4034 quasi
2290 3948 2499 4032 gradu

172 4059 255 4124 ad
295 4059 654 4125 Romanam
701 4061 1024 4127 civitatem
1069 4044 1444 4145 pervenisse
1491 4067 1761 4124 constat.
1842 4056 2090 4122 Verum
2127 4056 2303 4141 quod
2346 4077 2499 4121 con-

171 4167 306 4232 ficit
327 4189 487 4243 rem,
523 4167 789 4234 fuerunt
813 4168 1006 4234 etiam
1032 4177 1180 4253 post
1206 4165 1593 4232 dictaturam
1615 4163 1914 4232 Caesaris
1942 4164 2011 4228 in
2034 4163 2501 4249 Transpadana

180 4274 394 4340 Gallia
435 4275 628 4340 alieni
670 4276 834 4353 iuris
875 4274 1202 4350 homines,
1245 4272 1487 4337 nedum
1530 4283 1675 4336 ante
1718 4294 1879 4365 eam.
1970 4272 2133 4336 Nam
2173 4270 2499 4356 Inalpinas
