2917 5017
438 298 521 367 26
1084 303 1162 353 Dc
1204 302 1377 353 Gallia
1416 302 1766 353 Romanorum
1806 303 2082 367 provincia.

607 468 769 533 Nam
812 492 977 535 anno
1023 469 1103 535 99
1130 493 1187 533 a.
1219 465 1373 534 Chr.
1411 488 1572 551 quas
1616 466 1980 552 provincias
2025 464 2390 531 habuerunt
2431 458 2756 532 consules,

440 576 533 641 M.
580 579 899 643 Antonius
950 590 1159 643 orator
1216 589 1277 641 et
1316 576 1400 642 A.
1445 575 1819 639 Postumius
1867 574 2192 639 Albinus?
2270 572 2462 637 Illum
2487 616 2504 644 ,
2567 566 2758 631 cuius

440 686 745 751 memoria
786 686 869 751 sit
911 684 1445 758 celebratissima,
1501 705 1582 747 ex
1639 683 2023 767 scriptorum
2083 680 2334 747 silentio
2385 676 2759 761 colligimus

438 794 506 857 in
550 793 735 858 Italia
778 795 1112 870 mansisse,
1173 814 1293 857 nec
1328 792 1565 877 piratas
1607 791 1672 854 in
1719 788 1949 855 Cilicia
1985 813 2064 855 ex
2110 788 2448 854 consulatu
2489 782 2760 857 domuit,

439 902 554 966 sed
599 925 678 965 ex
723 914 1043 989 praetura,
1099 900 1541 987 proconsulari
1602 910 1814 963 tamen
1879 898 2146 983 imperio
2199 906 2483 960 ornatus.
2587 888 2764 955 Cum

441 1011 609 1075 enim
651 1036 689 1075 a
736 1008 874 1075 Cic.
924 1010 1004 1073 de
1048 1021 1205 1073 orat.
1244 1008 1311 1083 Ι,
1363 1010 1437 1072 18
1479 1030 1592 1093 pro
1634 1008 1894 1072 consule
1939 1006 2324 1093 appelletur,
2384 1001 2560 1089 apud
2607 998 2760 1063 Liv.

440 1118 589 1203 epit.
618 1118 923 1185 LXVIII
964 1127 1216 1203 praetor
1260 1127 1544 1181 vocatur.
1600 1116 1704 1180 De
1747 1110 1954 1181 altero
1979 1137 2110 1180 cos.
2151 1134 2300 1177 cum
2339 1111 2501 1175 nihil
2537 1118 2765 1173 notum

442 1225 545 1302 sit,
592 1226 867 1313 Pighius
908 1226 1147 1291 Annal.
1174 1224 1280 1287 III
1319 1248 1381 1310 p.
1411 1225 1528 1291 178
1571 1248 1718 1289 eum
1745 1223 2171 1289 Macedoniae
2211 1219 2568 1307 praefuisse
2608 1238 2766 1281 con-

438 1334 594 1398 iicit.
652 1334 974 1419 Equidem
1020 1356 1139 1399 nec
1178 1332 1425 1398 affirmo
1452 1333 1800 1417 quicquam
1827 1344 1890 1397 et
1929 1342 2256 1397 externam
2297 1330 2574 1413 aliquam
2613 1347 2768 1411 pro-

442 1442 717 1507 vinciam
762 1466 911 1508 eum
954 1442 1311 1507 obtinuisse
1350 1440 1678 1527 probabile
1703 1463 1847 1506 esse
1874 1440 2086 1505 video.
2147 1434 2526 1522 Insequenti
2547 1443 2769 1497 autem

441 1573 609 1614 anno
649 1550 729 1615 T.
773 1550 1047 1615 Didium
1112 1560 1361 1615 constat
1402 1549 1780 1634 Hispaniam
1836 1549 2197 1623 citeriorem
2249 1545 2496 1609 rexisse
2541 1542 2766 1628 (Fast.

440 1658 763 1743 triumph„
796 1658 965 1725 Gen.
988 1659 1079 1734 Π,
1106 1659 1184 1725 27
1206 1683 1223 1734 3
1248 1659 1419 1723 Plut.
1448 1658 1616 1722 Sert.
1639 1680 1694 1721 c.
1717 1657 1787 1733 33
1827 1656 1979 1721 Liv.
2007 1656 2158 1742 epit.
2183 1649 2770 1729 LX;,Comment.

442 1766 771 1852 epigraph.
809 1766 956 1831 Vol.
1003 1767 1072 1829 ΙΙ
1120 1790 1179 1851 p.
1231 1767 1427 1847 171),
1486 1765 1662 1829 unde
1711 1766 2026 1850 collegam
2085 1765 2226 1829 eius
2273 1762 2358 1845 Q.
2403 1758 2770 1826 Caecilium

442 1874 779 1939 Metellum
804 1874 1141 1960 Nepotem,
1183 1874 1264 1937 de
1307 1896 1435 1959 quo
1484 1884 1749 1949 tacetur,
1791 1873 2012 1939 Italiae
2059 1872 2414 1958 praefuisse
2456 1867 2772 1951 intelligi-

447 2005 611 2046 mus.
692 1982 983 2067 Itemque
1036 1982 1326 2067 proximo
1378 1981 1638 2046 biennio
1693 1982 1942 2050 divisae
1991 1982 2297 2047 videntur
2352 1978 2554 2044 fuisse
2615 1998 2775 2061 pro-

445 2090 715 2165 vinciae,
758 2102 831 2153 ut
880 2112 1047 2155 anno
1092 2091 1171 2157 97
1212 2090 1287 2155 Ρ.
1330 2088 1628 2154 Licinius
1655 2088 1936 2155 Crassus
1969 2089 2355 2175 Hispaniam
2397 2085 2778 2152 ulteriorem

448 2196 711 2262 haberet
752 2197 959 2278 (Fast.
998 2198 1323 2283 triumph„
1363 2198 1604 2263 Ascon.
1650 2198 1718 2261 in
1743 2198 1964 2262 Pison.
2009 2222 2072 2283 p.
2102 2197 2176 2261 14
2211 2198 2313 2261 ed.
2337 2196 2596 2277 Orell.),
2644 2190 2776 2258 Cn.

445 2301 787 2369 Cornelius
830 2304 1151 2371 Lentulus
1192 2306 1466 2382 Italiam,
1505 2329 1672 2371 anno
1717 2307 1799 2373 96
1847 2303 1970 2371 Cn.
2017 2306 2344 2371 Domitius
2381 2303 2776 2369 Ahenobar-

444 2412 569 2477 bus
613 2425 677 2477 et
718 2412 801 2476 L.
846 2410 1116 2479 Cassius
1160 2414 1524 2499 Longinus,
1572 2415 1653 2479 de
1691 2415 1929 2497 quibus
1975 2427 2240 2491 tacetur,
2291 2412 2585 2477 similiter
2627 2434 2774 2477 sor-

444 2522 734 2584 tirentur.
846 2522 938 2585 At
999 2522 1079 2586 de
1138 2524 1287 2588 anni
1343 2524 1423 2588 95
1483 2522 1858 2587 consulibus
1914 2521 2164 2608 plenior
2207 2520 2396 2586 nobis
2461 2522 2778 2587 memoria

446 2639 758 2713 superest.
872 2628 1034 2693 Nam
1095 2629 1177 2711 Q.
1245 2630 1544 2695 Mucium
1609 2630 1990 2695 Scaevolam
2057 2630 2252 2695 tradit
2309 2630 2640 2694 Asconius
2705 2630 2774 2693 in

442 2735 660 2800 Pison.
701 2759 767 2821 p.
797 2736 868 2799 15
890 2734 1091 2801 Orell.
1128 2739 1546 2822 provinciam,
1572 2760 1654 2802 ne
1679 2738 1856 2803 oneri
1883 2749 2052 2802 esset
2075 2738 2341 2813 aerarin,
2366 2737 2774 2823 deposuisse,

444 2845 617 2907 unde
664 2845 719 2907 ei
766 2867 845 2908 ex
890 2866 1063 2909 more
1120 2856 1447 2909 externam
1493 2845 1772 2931 aliquam
1815 2846 2210 2932 provinciam
2255 2846 2361 2910 vel
2419 2845 2774 2911 decernen-

444 2952 592 3016 dam
632 2952 837 3017 fuisse
882 2953 985 3018 vel
1029 2953 1355 3017 decretam
1396 2976 1540 3021 esse
1579 2954 2026 3040 intelligimus,
2072 2954 2210 3031 sed,
2253 2976 2402 3019 cum
2445 2954 2777 3031 consulari

444 3060 732 3125 exercitu
771 3061 839 3123 in
875 3060 1052 3124 nulla
1094 3083 1257 3146 opus
1303 3086 1446 3129 esse
1491 3064 1738 3129 videret
1799 3070 1986 3146 (nam
2046 3062 2218 3129 domi
2265 3062 2552 3145 forisque
2611 3073 2778 3127 tunc

444 3190 667 3253 pacem
722 3168 926 3234 fuisse
982 3170 1070 3233 ait
1122 3167 1367 3254 Obseq.
1426 3193 1482 3235 c.
1540 3172 1700 3257 110)
1753 3172 1998 3236 Romae
2057 3172 2388 3235 mansisse.
2498 3169 2780 3237 Diversi

441 3277 687 3362 ingenii
733 3286 867 3341 erat
906 3278 1153 3363 collega
1175 3278 1315 3342 eius
1341 3277 1423 3342 L.
1448 3279 1746 3343 Licinius
1775 3276 2079 3355 Crassus,
2129 3279 2242 3363 qui
2279 3301 2426 3345 cum
2461 3276 2776 3363 triumphi

444 3384 793 3469 cupiditate
828 3385 1147 3471 flagraret,
1185 3386 1255 3449 in
1294 3386 1583 3451 citeriore
1606 3386 1836 3464 Gallia,
1875 3409 2067 3470 quam
2111 3386 2397 3472 regebat,
2449 3386 2774 3469 quosdam

444 3493 710 3579 Alpium
750 3493 1013 3569 incolas,
1051 3494 1165 3582 qui
1205 3494 1636 3559 Romanorum
1677 3518 1870 3581 agros
1907 3494 2316 3569 infestabant,
2359 3504 2769 3560 consectatus

444 3600 723 3665 domuit:
791 3614 929 3665 tum
986 3603 1178 3667 rediit
1238 3602 1762 3689 triumphumque
1821 3603 1903 3670 ab
1951 3615 2177 3667 senatu
2235 3602 2417 3687 petiit
2465 3598 2637 3687 (Cic.
2683 3604 2766 3667 de

440 3709 681 3773 invent.
721 3710 826 3785 II,
878 3711 954 3774 :37
974 3711 1021 3793 ).
1132 3710 1234 3773 Ex
1285 3709 1385 3775 his
1432 3733 1588 3775 cave
1649 3712 1946 3797 colligas,
2012 3710 2293 3777 Galliam
2349 3711 2551 3781 solam
2613 3725 2771 3779 tunc

445 3813 669 3882 Crassi
711 3818 917 3882 fuisse
955 3817 1371 3902 provinciam,
1412 3821 1708 3901 quamvis
1749 3819 1894 3885 Val.
1941 3820 2120 3885 Max.
2163 3819 2288 3895 III,
2331 3820 2393 3895 7,
2432 3821 2472 3885 6
2511 3844 2660 3887 eum
2703 3837 2770 3887 et

444 3924 723 3989 Galliam
778 3925 1135 3990 obtinuisse
1192 3939 1255 3989 et
1297 3948 1377 3990 ex
1422 3928 1762 3993 consulatu
1805 3927 2166 3992 obtinuisse
2227 3928 2482 3993 referat.
2565 3928 2770 4012 Quod

442 4042 789 4117 utrumque
857 4032 1096 4097 falsum
1156 4044 1273 4097 est.
1376 4034 1638 4099 Etenim
1701 4036 2072 4121 ademptum
2125 4036 2190 4101 ei
2246 4058 2390 4100 esse
2458 4038 2770 4125 triumphi

442 4140 749 4205 honorem
788 4164 827 4205 a
871 4141 1121 4225 collega
1162 4154 1377 4207 narrat
1420 4140 1560 4207 Cic.
1605 4144 1671 4207 in
1708 4145 1840 4208 Pis.
1869 4144 1988 4225 26,
2038 4144 2108 4208 id
2149 4143 2326 4229 quod
2364 4144 2454 4209 ita
2491 4147 2770 4233 explicat

441 4248 807 4325 Asconius,
876 4271 1025 4313 cum
1068 4248 1149 4312 L.
1194 4247 1474 4315 Crassus
1534 4252 1882 4337 plurimum
1939 4254 2002 4317 in
2069 4264 2296 4319 senatu
2349 4255 2590 4319 valeret
2645 4280 2768 4324 nec

443 4356 718 4421 dubium
766 4357 1113 4435 videretur,
1159 4357 1314 4443 quin
1361 4372 1572 4447 patres
1617 4360 1676 4425 ei
1720 4361 2117 4448 triumphum
2161 4374 2378 4429 essent
2419 4365 2765 4445 decreturi,
