2917 5017
803 338 885 388 De
924 338 1187 388 dictatoris
1224 336 1464 389 Caesaris
1504 338 1802 391 honoribus.
2331 338 2450 405 211

198 501 357 563 πάντα
398 503 603 587 πάτρια
646 502 945 588 λεχθῆναι
994 502 1263 583 γνόντες,
1320 502 1459 583 περὶ
1503 503 1573 565 δὲ
1615 507 1724 565 τοῦ
1774 503 2080 588 ἱππάρχου
2139 504 2456 589 ἀκριβολο-

196 608 455 691 γοῦμενοι.
560 610 691 675 Hic
762 609 965 695 igitur
1026 606 1270 675 Caesar
1330 614 1714 693 παραχρῆμα
1776 609 2016 675 dicitur
2075 610 2456 678 dictaturam

194 714 383 792 inisse,
434 717 473 781 i.
510 741 594 794 e.,
652 731 727 783 ut
770 718 1076 795 arbitror,
1142 718 1356 783 statim
1398 728 1736 803 postquam
1781 741 1922 784 eam
1966 718 2089 784 sibi
2134 720 2457 785 decretam

192 844 306 888 esse
340 828 639 911 cognovit,
680 827 1003 892 decretam
1046 838 1261 892 autem
1302 848 1443 891 esse
1489 848 1570 890 ex
1595 826 1826 893 Dionis
1867 828 2031 905 loco,
2075 830 2188 913 qui
2223 829 2455 893 citatus

189 943 283 1008 est,
316 933 757 1012 intelleximus,
811 947 1153 1022 postquam
1196 936 1429 1000 anulus
1473 936 1766 1021 Pompeii
1809 936 2008 1003 occisi
2049 936 2322 1003 Romam
2361 937 2456 1003 al-

184 1039 322 1105 latus
377 1053 483 1109 est.
564 1043 715 1126 Quo
768 1045 971 1131 igitur
1014 1054 1299 1130 tempore
1349 1041 1594 1108 Caesar
1635 1044 1910 1109 dictator
1949 1046 2018 1109 II
2061 1046 2269 1111 factus
2313 1047 2456 1112 est?

183 1138 513 1234 Pompeium
556 1165 883 1217 mortuum
922 1175 1065 1217 esse
1106 1153 1195 1216 ait
1236 1152 1466 1218 Vellei.
1502 1154 1590 1228 H,
1637 1154 1716 1215 53
1756 1153 1966 1239 pridie
1999 1154 2242 1219 natales
2281 1176 2456 1233 suos,

182 1256 287 1321 Dio
322 1259 541 1338 XLII,
601 1262 637 1324 5
704 1261 934 1326 eodem
978 1261 1083 1325 die
1128 1282 1257 1345 quo
1302 1262 1453 1325 olim
1501 1262 1898 1347 triumphum
1948 1262 2033 1327 de
2077 1262 2456 1329 Mithridate

179 1376 229 1429 et
262 1367 459 1451 piratis
503 1370 779 1455 egisset3
827 1382 1048 1435 natum
1089 1381 1303 1435 autem
1346 1392 1492 1435 esse
1537 1369 1778 1434 scimus
1811 1370 1978 1455 prid.
2006 1371 2156 1435 Kal.
2185 1369 2455 1437 Octobr.

178 1474 340 1557 (Plin.
388 1489 513 1542 nat.
563 1479 711 1543 hist.
753 1469 1145 1555 XXXVII,
1193 1478 1266 1553 2,
1324 1477 1459 1559 13),
1524 1478 1956 1563 triumphasse
2009 1502 2126 1567 per
2182 1480 2456 1545 biduum

174 1582 395 1664 (Vellei.
431 1588 528 1664 II,
577 1588 686 1672 40)
737 1589 982 1652 eodem·
1008 1599 1071 1651 et
1114 1588 1407 1673 proximo
1452 1586 1858 1651 antecedenti
1899 1588 2005 1652 die
2061 1588 2257 1675 (Plin.
2302 1588 2454 1663 VH,

174 1690 281 1776 26),
322 1707 389 1758 ut
428 1718 577 1760 eum
618 1696 1027 1761 interfectum
1074 1720 1215 1761 esse
1264 1708 1514 1761 constet
1551 1719 1608 1759 a.
1652 1693 1714 1757 d.
1754 1696 1858 1759 III
1894 1696 2046 1760 Kal.
2087 1694 2238 1761 Oct.
2315 1696 2456 1761 Iam

172 1822 275 1882 quo
320 1802 419 1867 die
472 1815 624 1891 post
669 1805 957 1870 occisum
998 1803 1383 1889 Pompeium
1426 1801 1671 1869 Caesar
1714 1804 2176 1869 Alexandriam
2225 1826 2456 1889 pervc-

168 1909 304 1973 nerit
340 1914 731 1997 anulumque
770 1913 969 1979 occisi
1010 1913 1254 1977 inimici
1292 1912 1648 1997 acceperit,
1691 1934 1820 1974 non
1867 1912 2055 1997 plane
2095 1912 2319 1997 liquet,
2367 1912 2456 1977 si-

168 2017 392 2098 quidem
434 2020 711 2085 dubium
750 2022 955 2086 videri
996 2021 1211 2098 debet,
1254 2044 1335 2085 an
1377 2020 1552 2105 quod
1597 2019 1663 2083 in
1701 2018 1878 2083 Livii
1923 2018 2071 2104 epit.
2097 2016 2302 2086 CXII
2337 2033 2456 2099 est,

168 2121 477 2193 Caesarem
524 2141 673 2216 post
716 2130 889 2195 diem
932 2131 1194 2194 tertium
1236 2130 1605 2194 insecutum
1647 2151 1825 2205 esse,
1882 2128 2100 2213 potius
2144 2130 2228 2195 ad
2275 2131 2456 2195 navi·
2502 2206 2510 2210 ,

162 2234 449 2317 gationem
491 2238 727 2303 Rhodo
766 2230 1229 2304 Alexandriam
1293 2259 1520 2301 versus
1571 2237 1778 2301 tribus
1823 2238 2057 2302 diebus
2101 2241 2454 2305 confectam

159 2345 461 2425 pertineat,
506 2348 626 2412 sed
669 2348 763 2412 sic
803 2358 1013 2413 tamen
1044 2346 1545 2410 existimandum
1577 2345 1716 2419 erit,
1757 2345 2084 2409 celerrime
2113 2344 2456 2411 Caesarem

156 2460 327 2535 atque
368 2455 633 2521 ineunte
670 2467 842 2521 certe
884 2478 1103 2523 mense
1146 2452 1417 2519 Octobri
1465 2452 1830 2517 advenisse.
1896 2454 2122 2539 Itaque
2155 2478 2273 2541 per
2297 2466 2457 2519 tem·

154 2582 361 2643 porum
412 2588 485 2629 ac
546 2565 899 2650 spatiorum
952 2563 1261 2627 rationem
1322 2561 1461 2626 fieri
1518 2562 1728 2647 potuit
1746 2610 1763 2638 ,
1822 2571 1896 2625 ut
1946 2563 2120 2629 circa
2173 2563 2457 2629 medium

154 2690 413 2735 mensem
456 2670 815 2738 Octobrem
874 2672 1107 2736 anulus
1151 2671 1447 2755 Pompeii
1493 2670 1761 2734 Romam
1815 2680 2264 2754 apportaretur
2305 2692 2457 2735 exe-

152 2788 410 2863 unteque
456 2780 687 2845 eodem
730 2803 951 2845 mense
996 2781 1101 2845 vel
1138 2780 1401 2843 ineunte
1446 2778 1740 2862 proximo
1791 2778 2056 2842 nuntius
2111 2777 2194 2840 de
2249 2776 2458 2842 dicta-

152 2895 279 2952 tura
330 2888 595 2953 decreta
652 2889 735 2950 ad
796 2885 1141 2953 Caesarem
1200 2889 1551 2951 referretur
1610 2886 1796 2969 isque
1853 2884 2138 2969 insignia
2192 2885 2455 2950 alterius

151 2992 488 3061 dictaturae
548 3008 849 3062 sumeret.
948 2997 1165 3081 Atque
1217 2997 1384 3060 hanc
1438 2995 1783 3069 rationem,
1844 3004 1918 3056 ut
1967 2992 2110 3078 ipso
2163 3016 2332 3057 anno
2377 2993 2457 3059 48

148 3102 289 3170 haec
326 3106 649 3170 dictatura
688 3116 861 3169 esset
894 3106 1069 3180 inita,
1114 3104 1458 3169 videbatur
1477 3102 1852 3179 confirmare
1871 3101 2052 3185 quod
2077 3101 2208 3165 Dio
2238 3101 2460 3167 adiicit

148 3215 233 3275 καὶ
276 3215 477 3277 εἵπετο
528 3214 697 3298 αὐτῷ
740 3216 774 3277 ὁ
827 3216 1075 3291 ὕπατος,
1120 3214 1187 3277 in
1230 3235 1359 3297 quo
1404 3235 1534 3277 non
1579 3211 1968 3277 mediocrem
2013 3209 2461 3275 difficultatem

142 3319 512 3408 interpretes
569 3322 975 3387 invenerunt.
1078 3321 1244 3385 Nam
1298 3321 1646 3405 Xylander
1697 3331 1764 3384 et
1813 3318 2254 3383 Leunclavius
2309 3340 2460 3382 cum

142 3432 550 3496 emendarent
596 3434 633 3513 ἡ
686 3432 913 3498 ὕπατος
956 3430 997 3493 i.
1042 3451 1097 3493 e.
1143 3428 1504 3492 >consularis
1547 3428 1866 3513 dignit-as,
1931 3426 2013 3489 de
2067 3425 2290 3490 ordine
2343 3426 2460 3489 ho-

142 3560 359 3603 norum
392 3539 663 3605 Antonii
698 3537 1178 3623 intelligebant:
1224 3536 1619 3601 successisse
1663 3535 1832 3599 enim
1869 3534 2240 3619 magisterio
2280 3533 2462 3616 equi·-

140 3658 299 3723 tum,
360 3647 542 3733 quod
596 3659 753 3712 tunc
806 3656 1090 3733 gereret,
1158 3656 1381 3729 postea
1422 3644 1848 3707 consulatum.
1944 3640 2079 3707 Sed
2121 3639 2462 3705 Fabricius

140 3758 435 3838 quoniam
488 3778 653 3839 quae
712 3766 1071 3839 sequuntur
1087 3800 1104 3829 ,
1170 3774 1400 3837 parum
1454 3773 1602 3815 cum
1645 3774 1720 3814 ea
1767 3750 2082 3816 sententia
2119 3750 2464 3815 convenire

138 3864 485 3942 iudicabat,
528 3866 623 3929 sic
650 3865 965 3949 explicare
1008 3860 1251 3936 maluit,
1290 3860 1565 3923 cessisse
1596 3859 1653 3925 ei
1686 3860 2013 3925 consulem
2048 3859 2090 3922 i.
2116 3881 2170 3923 e.
2207 3859 2282 3922 P.
2311 3855 2464 3923 Ser-

142 3973 357 4039 vilium
377 4022 397 4051 ,
458 3984 801 4059 postquam
854 3972 948 4035 M.
992 3970 1319 4035 Antonius
1376 3969 1686 4053 magister
1735 3970 2026 4053 equitum
2081 3967 2296 4032 dictus
2345 3976 2464 4044 est,

140 4079 439 4147 abdicato
482 4082 863 4167 magistratu
904 4079 998 4145 illi
1042 4078 1153 4163 qui
1192 4078 1518 4143 dictatoris
1563 4077 1770 4141 vicem
1811 4087 2062 4162 gereret
2076 4124 2094 4152 ,
2143 4074 2464 4153 obedisse,

139 4210 253 4255 nec
302 4190 622 4256 sententia
676 4189 937 4255 meliore
995 4200 1059 4253 et
1107 4186 1289 4252 verbi
1333 4188 1590 4249 ἕπεσθαι
1632 4184 2100 4270 significatione
2141 4182 2465 4257 inusitata,

138 4310 208 4361 ut
236 4296 550 4363 Sturzius
594 4298 687 4363 sic
726 4298 1273 4383 interpretaretur,
1315 4294 1650 4359 consulem
1693 4290 2039 4358 Servilium
2078 4290 2295 4365 huius,
2337 4290 2378 4353 i.
2409 4312 2465 4355 e.

141 4402 481 4484 Caesaris,
536 4406 848 4473 iudicium
894 4414 1189 4471 secutum
1234 4425 1409 4479 esse,
1463 4402 1616 4467 huic
1659 4399 2013 4465 assensisse
2058 4400 2142 4464 de
2179 4394 2466 4463 Antonio

1932 4507 2062 4573 14*
