2917 5017
617 299 700 348 De
735 298 908 350 Gallia
945 301 1296 350 Romanorum
1333 301 1597 365 provincia
1630 305 1907 368 appendix.
2301 301 2419 368 159

143 462 624 546 interpretatione
657 472 862 548 egeat,
899 463 1404 547 praetermittere
1445 464 1646 548 cupit,
1688 464 1975 532 historici
2012 466 2421 553 potissimum

143 581 326 656 partes
365 579 596 634 tuetur.
678 571 906 654 Itaque
957 573 1284 656 propriam
1341 572 1621 656 aliquam
1674 573 1931 638 laudem
1986 575 2179 641 habet
2230 577 2421 641 etiam

145 690 358 758 praeter
391 678 573 754 hanc,
613 679 694 742 de
734 701 862 762 qua
897 678 1322 764 disputamus,
1359 681 1823 766 quaestionem,
1866 684 1931 746 in
1960 707 2089 768 qua
2122 685 2175 748 si
2206 686 2421 750 minus

143 797 284 850 recte
339 787 662 851 videbitur
713 787 1038 852 iudicasse
1059 835 1076 864 ,
1133 787 1296 852 illud
1351 788 1783 873 relinquetur,
1844 793 2019 874 quod
2078 794 2421 858 multarum

140 917 318 957 rerum
363 905 646 980 tempora
689 896 1020 960 constituit
1063 897 1438 983 primusque
1484 909 1759 980 quantae
1802 898 1926 964 hoc
1966 900 2109 964 loco
2140 901 2420 966 difficul-

66 1013 68 1050 :
138 1013 270 1066 tates
310 1025 382 1066 ac
422 1003 722 1069 tenebrae
763 1005 1051 1080 laterent,
1091 1004 1416 1068 indicavit.
1506 1005 1629 1070 Est
1666 1017 1879 1072 autem
1907 1008 2420 1074 Hofmannianae

66 1147 69 1154 ·
139 1111 420 1196 opinionis
483 1134 733 1176 summa
788 1112 964 1180 haec.
1070 1113 1174 1177 De
1229 1113 1396 1198 legis
1437 1112 1734 1179 Vatiniae
1790 1115 1895 1178 die
1948 1117 2121 1198 quod
2180 1118 2419 1194 statuit,

137 1220 278 1283 idem
329 1242 484 1295 nos,
539 1219 712 1284 idem
765 1231 910 1284 ante
961 1232 1307 1304 utrumque
1367 1233 1661 1286 nostrum
1720 1223 2049 1288 Fet-ratius
2112 1225 2419 1290 docuerat

66 1341 70 1375 ὲ
137 1350 311 1412 neque
348 1328 482 1391 ulla
522 1338 732 1413 potest
769 1351 1109 1413 superesse
1142 1329 1479 1408 dubitatio,
1518 1332 1672 1415 quin
1706 1331 1885 1415 prius
1912 1332 2421 1415 quinquennium

66 1449 70 1484 ἑ
137 1437 368 1520 imperii,
411 1436 593 1521 quod
636 1433 900 1501 Caesari
947 1437 1168 1502 datum
1207 1438 1310 1515 sit,
1355 1439 1436 1504 ab
1480 1440 1623 1525 ipsa
1660 1439 1826 1524 legis
1870 1439 1973 1504 die
2015 1441 2055 1504 i.
2098 1463 2152 1504 e.
2198 1465 2237 1506 a
2278 1438 2419 1506 Cal.

65 1556 74 1592 ³
139 1545 295 1630 Mart.
334 1545 483 1608 anni
519 1545 602 1608 59
643 1567 852 1628 usque
897 1545 978 1610 ad
1009 1543 1147 1609 Cal.
1175 1547 1442 1610 Martias
1491 1547 1747 1630 quintas
1790 1548 1939 1612 anni
1968 1548 2047 1611 54
2090 1549 2419 1633 pertineat.

66 1683 72 1722 ε
141 1654 313 1737 Ipsam
355 1653 532 1738 legis
574 1653 868 1718 Vatiniae
911 1654 1042 1716 vim
1086 1675 1162 1718 ac
1199 1665 1527 1730 naturam,
1584 1679 1775 1739 quam
1829 1678 1947 1720 nos
2000 1657 2189 1720 etiam
2242 1667 2423 1722 extra

151 1757 394 1824 Caesaris
471 1783 582 1825 res
653 1762 972 1846 persecuti
1043 1763 1244 1826 multa
1312 1764 1595 1828 vidimus
1664 1764 1747 1828 de
1813 1765 2143 1848 provincia
2206 1764 2423 1830 Gallia

66 1885 76 1921 ἰ
149 1870 403 1945 sanxisse,
444 1869 916 1953 praetermittit.
999 1871 1290 1935 Alterius
1334 1871 1757 1956 quinquennii
1802 1884 2129 1936 auctorem
2175 1895 2301 1936 non
2347 1883 2422 1936 ut

65 1997 76 2032 2
145 1977 298 2062 vulgo
339 1974 416 2041 C.
465 1976 870 2042 Trebonium
917 1978 1247 2043 tribunum
1290 1980 1523 2065 plebis,
1570 1979 1707 2055 sed,
1747 1992 1821 2043 ut
1864 2003 2015 2058 nos,
2062 1977 2183 2044 Cn.
2227 1981 2419 2046 Pom-

66 2104 76 2139 :
137 2085 316 2169 peium
355 2098 420 2149 et
462 2084 566 2148 M.
607 2081 918 2150 Crassum
975 2087 1178 2152 fuisse
1223 2088 1541 2164 ostendit,
1601 2087 1770 2152 diem
1820 2099 2031 2152 autem
2078 2088 2420 2154 discedens

68 2213 73 2220 ·
135 2217 164 2256 a
195 2206 396 2259 nostra
433 2215 606 2278 quae
655 2216 850 2279 supra
896 2196 1187 2281 exposita
1227 2208 1326 2260 est
1363 2196 1711 2272 sententia,
1764 2197 1975 2261 exisse
2018 2198 2239 2261 statuit
2280 2195 2419 2262 Cal.

66 2323 71 2329 ·
133 2300 290 2366 Mart.
329 2303 478 2368 anni
529 2302 630 2366 49.
723 2301 911 2366 Tunc
965 2326 1134 2368 anno
1179 2303 1260 2368 52
1305 2303 1527 2368 decem
1572 2304 1971 2369 tribunorum
2021 2304 2231 2392 plebis
2274 2306 2420 2390 lege

65 2431 74 2465 ε
134 2407 362 2474 Caesari
417 2409 652 2475 datum
704 2433 879 2488 esse,
931 2422 1006 2475 ut
1052 2411 1278 2477 ultimo
1333 2412 1584 2497 imperii
1640 2434 1808 2476 anno
1860 2413 1899 2476 i.
1942 2435 1999 2476 e.
2048 2413 2127 2476 50
2182 2437 2220 2476 a
2264 2411 2419 2478 Chr.

66 2518 80 2575 ζ.
133 2517 331 2581 absens
371 2531 438 2582 et
479 2519 876 2603 provinciam
909 2521 1390 2605 exercitumque
1417 2520 1699 2584 retinens
1726 2521 2131 2599 consulatum
2160 2531 2420 2606 peteret,

66 2644 82 2703 {J
134 2647 234 2707 quo
279 2628 446 2692 facto
503 2649 657 2691 eum
721 2629 1042 2692 existimat
1085 2629 1253 2693 ultro
1299 2629 1595 2713 deposita
1636 2628 1971 2711 provincia
2018 2629 2421 2696 consulatum

66 2758 80 2793 2.
134 2755 266 2796 anno
303 2735 380 2799 49
443 2735 652 2800 fuisse
710 2749 1067 2820 gesturum.
1177 2736 1307 2802 Sed
1371 2759 1519 2802 cum
1584 2759 1659 2800 eo
1715 2737 1953 2800 honore
2014 2737 2421 2800 inimicorum

138 2840 346 2906 insidiis
401 2843 700 2907 deiectus
762 2853 966 2920 esset,
1029 2844 1194 2910 hanc
1248 2845 1719 2910 contentionem
1772 2844 2092 2917 extitisse,
2154 2854 2227 2906 ut
2280 2844 2419 2928 ipse

66 2973 73 3008 ς·
137 2951 248 3012 anni
287 2951 366 3017 48
413 2952 820 3016 consulatum
865 2963 1145 3038 peteret,
1206 2951 1581 3037 Pompeiani
1626 2952 1911 3018 absentis
1954 2952 2264 3016 rationem
2304 2951 2419 3016 ha-

66 3083 70 3116 ε
137 3056 369 3124 bendam
413 3082 563 3125 esse
602 3072 932 3146 negarent.
999 3061 1100 3124 Ea
1139 3060 1221 3125 de
1268 3083 1465 3126 causa
1502 3084 1557 3124 a.
1588 3061 1650 3124 d.
1678 3061 1808 3126 VII
1846 3061 1947 3126 Id.
1972 3062 2109 3125 Ian.
2154 3060 2303 3123 anni
2338 3060 2420 3124 49

135 3169 736 3234 senatusconsultum
777 3168 940 3232 illud
983 3168 1224 3233 factum
1251 3191 1414 3244 esse,
1458 3191 1589 3252 quo
1618 3169 1947 3252 provincia
1970 3168 2421 3253 exercitusque

67 3311 69 3318 ·
133 3272 174 3335 ei
211 3275 628 3342 adimeretur:
677 3275 829 3340 hinc
871 3276 1186 3360 originem
1234 3276 1380 3342 belli
1423 3288 1655 3354 natam,
1699 3276 1851 3342 hinc
1890 3278 1993 3341 ius
2037 3287 2099 3342 et
2142 3277 2421 3362 Pompe·-

134 3379 386 3448 ianorum
433 3395 502 3448 et
543 3381 843 3449 Caesaris
897 3406 1038 3449 esse
1084 3385 1526 3471 repetendum.
1618 3385 1915 3449 Pendent
1962 3385 2163 3470 igitur
2212 3385 2423 3449 omnia

135 3511 193 3552 ex
231 3491 476 3558 duabas
519 3492 796 3556 maxime
838 3491 940 3556 his
984 3491 1214 3567 rebus,
1271 3492 1550 3577 primum
1596 3501 1669 3554 ut
1712 3492 2125 3558 Hofmannus
2170 3492 2422 3578 imperii

135 3595 246 3682 lege
282 3599 598 3686 Pompeia
654 3599 786 3664 dati
843 3600 1016 3664 diem
1059 3597 1198 3664 Cal.
1241 3599 1497 3663 Martiis
1554 3599 1702 3662 anni
1750 3600 1829 3664 49
1882 3601 2094 3664 exisse
2145 3609 2423 3672 censeat,

137 3704 335 3772 deinde
375 3721 452 3773 ut
497 3708 866 3795 petitionem
912 3709 1285 3773 consulatus
1331 3708 1481 3773 anni
1519 3708 1597 3772 49
1648 3707 1861 3772 datam
1900 3729 2045 3772 esse
2081 3707 2422 3772 existimet.

269 3816 372 3882 De
417 3828 694 3903 utraque
739 3841 808 3882 re
851 3839 1000 3883 cum
1045 3813 1164 3882 nos
1207 3815 1274 3880 in
1321 3817 1647 3902 superiore
1688 3817 2217 3882 commentatione
2242 3815 2427 3880 aliter

66 3961 68 3964 >
137 3927 552 4004 statuerimus,
603 3948 724 4012 age
764 3936 1145 4013 argumenta
1185 3925 1627 4008 rationesque,
1673 3923 1911 4009 quibus
1957 3924 2061 3988 vir
2096 3933 2425 4008 praestan·-

137 4030 390 4099 tissimus
428 4035 653 4111 utitur,
691 4034 1153 4110 examinemus,
1195 4055 1360 4118 quae
1401 4032 1456 4096 si
1492 4032 1939 4108 refellerimus,
1979 4043 2237 4097 nostrae
2279 4052 2426 4096 sen-

66 4187 69 4216 ,
139 4141 338 4206 tentiae
382 4165 518 4208 non
553 4142 943 4210 mediocrem
975 4140 1171 4208 fidem
1197 4141 1598 4208 adiiciemus.
1667 4141 1929 4206 Initium
1958 4151 2173 4206 autem
2199 4138 2425 4222 dispu-

141 4249 286 4312 tandi
327 4249 524 4314 sumit
565 4251 646 4315 ab
692 4250 906 4315 Dione
955 4247 1184 4316 Cassio
1222 4249 1589 4325 XXXIX,
1643 4249 1758 4325 33,
1823 4249 1936 4332 qui
1989 4250 2170 4314 locus
2232 4268 2427 4333 supra

140 4374 189 4435 p-
211 4357 283 4422 78
316 4368 376 4421 et
400 4358 483 4422 86
527 4357 758 4464 allatus
805 4369 924 4434 est,
965 4358 1080 4442 qui
1124 4369 1461 4442 postquam
1498 4354 1621 4422 Cn.
1644 4355 1953 4442 Pompeio
1980 4367 2045 4420 et
2068 4356 2161 4420 M.
2189 4352 2427 4422 Crasso
