<?xml version="1.0" encoding="UTF-8"?>
<!DOCTYPE html PUBLIC "-//W3C//DTD XHTML 1.0 Transitional//EN"
    "http://www.w3.org/TR/xhtml1/DTD/xhtml1-transitional.dtd">
<html xmlns="http://www.w3.org/1999/xhtml" xml:lang="en" lang="en">
 <head>
  <title>
</title>
<meta http-equiv="Content-Type" content="text/html;charset=utf-8" />
  <meta name='ocr-system' content='tesseract 3.04.00' />
  <meta name='ocr-capabilities' content='ocr_page ocr_carea ocr_par ocr_line ocrx_word'/>
</head>
<body>
  <div class='ocr_page' id='page_1' title='image "augustiwilhelmi01unkngoog_0175.png"; bbox 0 0 2917 5017; ppageno 0'>
   <div class='ocr_carea' id='block_1_1' title="bbox 463 301 2259 369">
    <p class='ocr_par' dir='ltr' id='par_1_1' title="bbox 463 301 2259 369">
     <span class='ocr_line' id='line_1_1' title="bbox 463 301 2259 369; baseline -0.004 -8"><span class='ocrx_word' id='word_1_1' title='bbox 463 301 584 368; x_wconf 83' lang='lat'>160</span> <span class='ocrx_word' id='word_1_2' title='bbox 969 305 1053 356; x_wconf 86' lang='lat' dir='ltr'>De</span> <span class='ocrx_word' id='word_1_3' title='bbox 1087 304 1260 356; x_wconf 83' lang='lat' dir='ltr'>Gallia</span> <span class='ocrx_word' id='word_1_4' title='bbox 1295 305 1647 356; x_wconf 83' lang='lat' dir='ltr'>Romanorum</span> <span class='ocrx_word' id='word_1_5' title='bbox 1686 304 1948 369; x_wconf 77' lang='lat' dir='ltr'>provincia</span> <span class='ocrx_word' id='word_1_6' title='bbox 1984 303 2259 368; x_wconf 76' lang='lat' dir='ltr'><strong>appendix.</strong></span> 
     </span>
    </p>
   </div>
   <div class='ocr_carea' id='block_1_2' title="bbox 457 463 2780 1096">
    <p class='ocr_par' dir='ltr' id='par_1_2' title="bbox 457 463 2780 1096">
     <span class='ocr_line' id='line_1_2' title="bbox 457 463 2774 555; baseline -0.003 -21"><span class='ocrx_word' id='word_1_7' title='bbox 457 469 604 555; x_wconf 85' lang='lat' dir='ltr'>lege</span> <span class='ocrx_word' id='word_1_8' title='bbox 641 468 968 533; x_wconf 87' lang='lat' dir='ltr'>Trebonia</span> <span class='ocrx_word' id='word_1_9' title='bbox 1003 467 1372 553; x_wconf 86' lang='lat' dir='ltr'>provincias</span> <span class='ocrx_word' id='word_1_10' title='bbox 1411 467 1479 530; x_wconf 90' lang='lat' dir='ltr'>in</span> <span class='ocrx_word' id='word_1_11' title='bbox 1520 467 2027 551; x_wconf 85' lang='lat' dir='ltr'>quinquennium</span> <span class='ocrx_word' id='word_1_12' title='bbox 2066 466 2251 531; x_wconf 86' lang='lat' dir='ltr'>datas</span> <span class='ocrx_word' id='word_1_13' title='bbox 2298 487 2441 555; x_wconf 80' lang='lat' dir='ltr'>esse</span> <span class='ocrx_word' id='word_1_14' title='bbox 2478 463 2774 539; x_wconf 85' lang='lat' dir='ltr'>narravit,</span> 
     </span>
     <span class='ocr_line' id='line_1_3' title="bbox 467 573 2777 661; baseline -0.003 -20"><span class='ocrx_word' id='word_1_15' title='bbox 467 575 730 641; x_wconf 78' lang='lat' dir='ltr'>Caesari</span> <span class='ocrx_word' id='word_1_16' title='bbox 797 575 1276 661; x_wconf 79' lang='lat' dir='ltr'>postulantibus</span> <span class='ocrx_word' id='word_1_17' title='bbox 1341 574 1563 639; x_wconf 87' lang='lat' dir='ltr'>amicis</span> <span class='ocrx_word' id='word_1_18' title='bbox 1633 573 2115 658; x_wconf 85' lang='lat' dir='ltr'>ferentibusque</span> <span class='ocrx_word' id='word_1_19' title='bbox 2180 577 2341 660; x_wconf 88' lang='lat' dir='ltr'>ipsis</span> <span class='ocrx_word' id='word_1_20' title='bbox 2406 573 2777 638; x_wconf 87' lang='lat' dir='ltr'>consulibus</span> 
     </span>
     <span class='ocr_line' id='line_1_4' title="bbox 459 681 2779 768; baseline -0.002 -20"><span class='ocrx_word' id='word_1_21' title='bbox 459 686 812 750; x_wconf 80' lang='lat' dir='ltr'>triennium</span> <span class='ocrx_word' id='word_1_22' title='bbox 851 685 1176 749; x_wconf 86' lang='lat' dir='ltr'>adiectum</span> <span class='ocrx_word' id='word_1_23' title='bbox 1221 705 1366 748; x_wconf 91' lang='lat' dir='ltr'>esse</span> <span class='ocrx_word' id='word_1_24' title='bbox 1412 681 1665 757; x_wconf 81' lang='lat' dir='ltr'>scribit,</span> <span class='ocrx_word' id='word_1_25' title='bbox 1717 687 1874 746; x_wconf 79' lang='grc' dir='ltr'>ὥστε</span> <span class='ocrx_word' id='word_1_26' title='bbox 1912 685 2021 768; x_wconf 85' lang='grc' dir='ltr'>τὴν</span> <span class='ocrx_word' id='word_1_27' title='bbox 2060 685 2391 768; x_wconf 75' lang='grc' dir='ltr'>ἡγεμονίαν</span> <span class='ocrx_word' id='word_1_28' title='bbox 2430 685 2535 744; x_wconf 84' lang='grc' dir='ltr'>καὶ</span> <span class='ocrx_word' id='word_1_29' title='bbox 2576 681 2779 766; x_wconf 81' lang='grc' dir='ltr'>ἐκείνῳ</span> 
     </span>
     <span class='ocr_line' id='line_1_5' title="bbox 459 787 2778 878; baseline -0 -23"><span class='ocrx_word' id='word_1_30' title='bbox 459 794 595 878; x_wconf 82' lang='grc' dir='ltr'>τρία</span> <span class='ocrx_word' id='word_1_31' title='bbox 643 795 748 877; x_wconf 82' lang='grc' dir='ltr'>ἔτη</span> <span class='ocrx_word' id='word_1_32' title='bbox 794 797 1021 868; x_wconf 81' lang='grc' dir='ltr'>πλείω,</span> <span class='ocrx_word' id='word_1_33' title='bbox 1081 797 1234 875; x_wconf 82' lang='grc' dir='ltr'><strong>ὥςγε</strong></span> <span class='ocrx_word' id='word_1_34' title='bbox 1281 793 1546 875; x_wconf 78' lang='grc' dir='ltr'><strong>τάληθὲς</strong></span> <span class='ocrx_word' id='word_1_35' title='bbox 1590 793 1958 874; x_wconf 81' lang='grc' dir='ltr'>εὑρίσκεται,</span> <span class='ocrx_word' id='word_1_36' title='bbox 2024 799 2305 876; x_wconf 76' lang='grc' dir='ltr'><strong>μηκῦναι.</strong></span> <span class='ocrx_word' id='word_1_37' title='bbox 2400 791 2494 855; x_wconf 84' lang='lat' dir='ltr'>At</span> <span class='ocrx_word' id='word_1_38' title='bbox 2536 787 2778 874; x_wconf 83' lang='lat' dir='ltr'>Appia·</span> 
     </span>
     <span class='ocr_line' id='line_1_6' title="bbox 461 897 2780 978; baseline -0.002 -13"><span class='ocrx_word' id='word_1_39' title='bbox 461 925 586 966; x_wconf 90' lang='lat' dir='ltr'>nus</span> <span class='ocrx_word' id='word_1_40' title='bbox 630 901 779 965; x_wconf 86' lang='lat' dir='ltr'>bell.</span> <span class='ocrx_word' id='word_1_41' title='bbox 831 901 954 966; x_wconf 84' lang='lat' dir='ltr'>civ.</span> <span class='ocrx_word' id='word_1_42' title='bbox 993 900 1082 978; x_wconf 91' lang='lat' dir='ltr'>II,</span> <span class='ocrx_word' id='word_1_43' title='bbox 1133 902 1228 978; x_wconf 79' lang='lat'>18,</span> <span class='ocrx_word' id='word_1_44' title='bbox 1276 897 1509 966; x_wconf 90' lang='lat' dir='ltr'>Cicero</span> <span class='ocrx_word' id='word_1_45' title='bbox 1548 899 1717 964; x_wconf 90' lang='lat' dir='ltr'>Phil.</span> <span class='ocrx_word' id='word_1_46' title='bbox 1754 901 1843 977; x_wconf 93' lang='lat' dir='ltr'>II,</span> <span class='ocrx_word' id='word_1_47' title='bbox 1900 900 1992 978; x_wconf 77' lang='lat'>10,</span> <span class='ocrx_word' id='word_1_48' title='bbox 2038 899 2331 965; x_wconf 85' lang='lat' dir='ltr'>Velleius</span> <span class='ocrx_word' id='word_1_49' title='bbox 2368 901 2459 976; x_wconf 88' lang='grc' dir='ltr'>ΙΙ,</span> <span class='ocrx_word' id='word_1_50' title='bbox 2508 899 2626 975; x_wconf 82' lang='grc'>46,</span> <span class='ocrx_word' id='word_1_51' title='bbox 2674 898 2780 961; x_wconf 86' lang='lat' dir='ltr'>Li-</span> 
     </span>
     <span class='ocr_line' id='line_1_7' title="bbox 457 1006 2780 1096; baseline -0.002 -21"><span class='ocrx_word' id='word_1_52' title='bbox 457 1011 606 1076; x_wconf 84' lang='lat' dir='ltr'>vius</span> <span class='ocrx_word' id='word_1_53' title='bbox 649 1011 801 1096; x_wconf 86' lang='lat' dir='ltr'>epit.</span> <span class='ocrx_word' id='word_1_54' title='bbox 841 1006 984 1086; x_wconf 88' lang='lat' dir='ltr'>CV,</span> <span class='ocrx_word' id='word_1_55' title='bbox 1024 1009 1412 1074; x_wconf 79' lang='lat' dir='ltr'>Plutarchus</span> <span class='ocrx_word' id='word_1_56' title='bbox 1454 1009 1681 1094; x_wconf 89' lang='lat' dir='ltr'><strong>Pomp.</strong></span> <span class='ocrx_word' id='word_1_57' title='bbox 1726 1031 1781 1074; x_wconf 94' lang='lat' dir='ltr'>c.</span> <span class='ocrx_word' id='word_1_58' title='bbox 1822 1009 1924 1086; x_wconf 83' lang='lat'>52,</span> <span class='ocrx_word' id='word_1_59' title='bbox 1968 1008 2012 1073; x_wconf 87' lang='lat' dir='ltr'>i.</span> <span class='ocrx_word' id='word_1_60' title='bbox 2052 1032 2109 1073; x_wconf 91' lang='lat' dir='ltr'>e.</span> <span class='ocrx_word' id='word_1_61' title='bbox 2150 1032 2395 1086; x_wconf 88' lang='lat' dir='ltr'>omnes,</span> <span class='ocrx_word' id='word_1_62' title='bbox 2435 1009 2549 1092; x_wconf 92' lang='lat' dir='ltr'>qui</span> <span class='ocrx_word' id='word_1_63' title='bbox 2592 1007 2780 1070; x_wconf 86' lang='lat' dir='ltr'>huius</span> 
     </span>
    </p>
   </div>
   <div class='ocr_carea' id='block_1_3' title="bbox 457 1117 2875 1419">
    <p class='ocr_par' dir='ltr' id='par_1_3' title="bbox 457 1117 2875 1419">
     <span class='ocr_line' id='line_1_8' title="bbox 457 1117 2875 1212; baseline -0.002 -28"><span class='ocrx_word' id='word_1_64' title='bbox 457 1119 552 1184; x_wconf 89' lang='lat' dir='ltr'>rei</span> <span class='ocrx_word' id='word_1_65' title='bbox 607 1118 994 1183; x_wconf 85' lang='lat' dir='ltr'>mentionem</span> <span class='ocrx_word' id='word_1_66' title='bbox 1046 1118 1324 1194; x_wconf 85' lang='lat' dir='ltr'>faciunt,</span> <span class='ocrx_word' id='word_1_67' title='bbox 1383 1118 1652 1182; x_wconf 86' lang='lat' dir='ltr'>alterum</span> <span class='ocrx_word' id='word_1_68' title='bbox 1704 1117 2215 1201; x_wconf 85' lang='lat' dir='ltr'>quinquennium</span> <span class='ocrx_word' id='word_1_69' title='bbox 2272 1117 2602 1182; x_wconf 85' lang='lat' dir='ltr'>adiectum</span> <span class='ocrx_word' id='word_1_70' title='bbox 2649 1139 2783 1180; x_wconf 89' lang='lat' dir='ltr'>esse</span> <span class='ocrx_word' id='word_1_71' title='bbox 2871 1147 2875 1212; x_wconf 66' lang='lat' dir='ltr'>j</span> 
     </span>
     <span class='ocr_line' id='line_1_9' title="bbox 459 1223 2873 1310; baseline -0.001 -21"><span class='ocrx_word' id='word_1_72' title='bbox 459 1225 742 1292; x_wconf 88' lang='lat' dir='ltr'>tradunt.</span> <span class='ocrx_word' id='word_1_73' title='bbox 843 1227 1232 1309; x_wconf 88' lang='lat' dir='ltr'>Discrepare</span> <span class='ocrx_word' id='word_1_74' title='bbox 1290 1225 1494 1310; x_wconf 84' lang='lat' dir='ltr'>igitur</span> <span class='ocrx_word' id='word_1_75' title='bbox 1550 1247 1697 1289; x_wconf 90' lang='lat' dir='ltr'>cum</span> <span class='ocrx_word' id='word_1_76' title='bbox 1759 1225 2091 1289; x_wconf 84' lang='lat' dir='ltr'>videretur</span> <span class='ocrx_word' id='word_1_77' title='bbox 2142 1225 2376 1289; x_wconf 90' lang='lat' dir='ltr'>Dionis</span> <span class='ocrx_word' id='word_1_78' title='bbox 2434 1223 2783 1288; x_wconf 86' lang='lat' dir='ltr'>auctoritas</span> <span class='ocrx_word' id='word_1_79' title='bbox 2871 1295 2873 1302; x_wconf 25' lang='lat'><strong>¹</strong></span> 
     </span>
     <span class='ocr_line' id='line_1_10' title="bbox 463 1321 2875 1419; baseline -0.001 -21"><span class='ocrx_word' id='word_1_80' title='bbox 463 1355 613 1398; x_wconf 89' lang='lat' dir='ltr'>cum</span> <span class='ocrx_word' id='word_1_81' title='bbox 665 1335 927 1411; x_wconf 89' lang='lat' dir='ltr'>ceteris,</span> <span class='ocrx_word' id='word_1_82' title='bbox 981 1333 1062 1397; x_wconf 88' lang='lat' dir='ltr'>ad</span> <span class='ocrx_word' id='word_1_83' title='bbox 1116 1332 1531 1419; x_wconf 87' lang='lat' dir='ltr'>praecipitem</span> <span class='ocrx_word' id='word_1_84' title='bbox 1574 1333 1749 1397; x_wconf 88' lang='lat' dir='ltr'>illam</span> <span class='ocrx_word' id='word_1_85' title='bbox 1794 1346 1857 1398; x_wconf 92' lang='lat' dir='ltr'>et</span> <span class='ocrx_word' id='word_1_86' title='bbox 1892 1332 2207 1398; x_wconf 82' lang='lat' dir='ltr'>lubricam</span> <span class='ocrx_word' id='word_1_87' title='bbox 2250 1333 2567 1396; x_wconf 86' lang='lat' dir='ltr'>rationem</span> <span class='ocrx_word' id='word_1_88' title='bbox 2620 1333 2783 1396; x_wconf 87' lang='lat' dir='ltr'>Hof-</span> <span class='ocrx_word' id='word_1_89' title='bbox 2871 1321 2875 1332; x_wconf 48' lang='lat'>&#39;¹</span> 
     </span>
    </p>
   </div>
   <div class='ocr_carea' id='block_1_4' title="bbox 455 1441 2783 2070">
    <p class='ocr_par' dir='ltr' id='par_1_4' title="bbox 455 1441 2783 2070">
     <span class='ocr_line' id='line_1_11' title="bbox 459 1441 2781 1526; baseline -0.001 -20"><span class='ocrx_word' id='word_1_90' title='bbox 459 1466 732 1508; x_wconf 88' lang='lat' dir='ltr'>mannus</span> <span class='ocrx_word' id='word_1_91' title='bbox 782 1442 1032 1507; x_wconf 90' lang='lat' dir='ltr'>delatus</span> <span class='ocrx_word' id='word_1_92' title='bbox 1079 1452 1196 1518; x_wconf 90' lang='lat' dir='ltr'>est,</span> <span class='ocrx_word' id='word_1_93' title='bbox 1238 1451 1312 1506; x_wconf 89' lang='lat' dir='ltr'>ut</span> <span class='ocrx_word' id='word_1_94' title='bbox 1351 1463 1602 1505; x_wconf 86' lang='lat' dir='ltr'>errasse</span> <span class='ocrx_word' id='word_1_95' title='bbox 1645 1441 1925 1505; x_wconf 87' lang='lat' dir='ltr'>Dionem</span> <span class='ocrx_word' id='word_1_96' title='bbox 1970 1452 2311 1507; x_wconf 80' lang='lat' dir='ltr'>statueret:</span> <span class='ocrx_word' id='word_1_97' title='bbox 2356 1441 2781 1526; x_wconf 79' lang='lat' dir='ltr'>periculosam</span> 
     </span>
     <span class='ocr_line' id='line_1_12' title="bbox 459 1549 2782 1636; baseline -0.001 -21"><span class='ocrx_word' id='word_1_98' title='bbox 459 1573 612 1615; x_wconf 89' lang='lat' dir='ltr'>sane</span> <span class='ocrx_word' id='word_1_99' title='bbox 675 1573 814 1614; x_wconf 87' lang='lat' dir='ltr'>eam</span> <span class='ocrx_word' id='word_1_100' title='bbox 876 1572 1050 1625; x_wconf 89' lang='lat' dir='ltr'>esse,</span> <span class='ocrx_word' id='word_1_101' title='bbox 1115 1549 1230 1614; x_wconf 89' lang='lat' dir='ltr'>sed</span> <span class='ocrx_word' id='word_1_102' title='bbox 1271 1573 1417 1614; x_wconf 86' lang='lat' dir='ltr'>cum</span> <span class='ocrx_word' id='word_1_103' title='bbox 1464 1551 1939 1636; x_wconf 86' lang='lat' dir='ltr'>interpretando</span> <span class='ocrx_word' id='word_1_104' title='bbox 1981 1551 2065 1614; x_wconf 85' lang='lat' dir='ltr'>ad</span> <span class='ocrx_word' id='word_1_105' title='bbox 2108 1550 2487 1614; x_wconf 83' lang='lat' dir='ltr'>elevandam</span> <span class='ocrx_word' id='word_1_106' title='bbox 2530 1550 2782 1614; x_wconf 87' lang='lat' dir='ltr'>dissen-</span> 
     </span>
     <span class='ocr_line' id='line_1_13' title="bbox 459 1657 2783 1744; baseline 0 -22"><span class='ocrx_word' id='word_1_107' title='bbox 459 1660 706 1723; x_wconf 87' lang='lat' dir='ltr'>sionem</span> <span class='ocrx_word' id='word_1_108' title='bbox 748 1657 910 1722; x_wconf 90' lang='lat' dir='ltr'>nihil</span> <span class='ocrx_word' id='word_1_109' title='bbox 950 1657 1175 1743; x_wconf 88' lang='lat' dir='ltr'>profici</span> <span class='ocrx_word' id='word_1_110' title='bbox 1215 1658 1459 1742; x_wconf 88' lang='lat' dir='ltr'>possit,</span> <span class='ocrx_word' id='word_1_111' title='bbox 1507 1669 1619 1722; x_wconf 89' lang='lat' dir='ltr'>aut</span> <span class='ocrx_word' id='word_1_112' title='bbox 1662 1658 2129 1744; x_wconf 86' lang='lat' dir='ltr'>desperandam</span> <span class='ocrx_word' id='word_1_113' title='bbox 2175 1659 2435 1723; x_wconf 91' lang='lat' dir='ltr'>omnino</span> <span class='ocrx_word' id='word_1_114' title='bbox 2484 1681 2637 1722; x_wconf 90' lang='lat' dir='ltr'>esse</span> <span class='ocrx_word' id='word_1_115' title='bbox 2681 1681 2783 1722; x_wconf 84' lang='lat' dir='ltr'>ve-</span> 
     </span>
     <span class='ocr_line' id='line_1_14' title="bbox 455 1766 2781 1851; baseline -0 -20"><span class='ocrx_word' id='word_1_116' title='bbox 455 1767 850 1832; x_wconf 86' lang='lat' dir='ltr'>ritatemaut</span> <span class='ocrx_word' id='word_1_117' title='bbox 885 1767 1324 1831; x_wconf 81' lang='lat' dir='ltr'>aestimatione</span> <span class='ocrx_word' id='word_1_118' title='bbox 1358 1767 1533 1830; x_wconf 83' lang='lat' dir='ltr'>facta</span> <span class='ocrx_word' id='word_1_119' title='bbox 1565 1778 1775 1832; x_wconf 87' lang='lat' dir='ltr'>utram</span> <span class='ocrx_word' id='word_1_120' title='bbox 1805 1768 1988 1851; x_wconf 88' lang='lat' dir='ltr'>sequi</span> <span class='ocrx_word' id='word_1_121' title='bbox 2015 1767 2313 1832; x_wconf 86' lang='lat' dir='ltr'>malimus</span> <span class='ocrx_word' id='word_1_122' title='bbox 2338 1766 2781 1831; x_wconf 87' lang='lat' dir='ltr'>auctoritatem</span> 
     </span>
     <span class='ocr_line' id='line_1_15' title="bbox 457 1875 2783 1960; baseline 0 -22"><span class='ocrx_word' id='word_1_123' title='bbox 457 1875 849 1960; x_wconf 85' lang='lat' dir='ltr'>eligendum.</span> <span class='ocrx_word' id='word_1_124' title='bbox 933 1875 1160 1960; x_wconf 89' lang='lat' dir='ltr'>Neque</span> <span class='ocrx_word' id='word_1_125' title='bbox 1211 1875 1370 1940; x_wconf 87' lang='lat' dir='ltr'>tanti</span> <span class='ocrx_word' id='word_1_126' title='bbox 1425 1875 1797 1940; x_wconf 86' lang='lat' dir='ltr'>faciendum</span> <span class='ocrx_word' id='word_1_127' title='bbox 1856 1899 1999 1941; x_wconf 90' lang='lat' dir='ltr'>esse</span> <span class='ocrx_word' id='word_1_128' title='bbox 2040 1875 2275 1940; x_wconf 89' lang='lat' dir='ltr'>Dionis</span> <span class='ocrx_word' id='word_1_129' title='bbox 2329 1876 2453 1939; x_wconf 94' lang='lat' dir='ltr'>hoc</span> <span class='ocrx_word' id='word_1_130' title='bbox 2492 1876 2783 1940; x_wconf 88' lang='lat' dir='ltr'>testimo-</span> 
     </span>
     <span class='ocr_line' id='line_1_16' title="bbox 457 1983 2782 2070; baseline 0.001 -25"><span class='ocrx_word' id='word_1_131' title='bbox 457 1983 656 2059; x_wconf 90' lang='lat' dir='ltr'>nium,</span> <span class='ocrx_word' id='word_1_132' title='bbox 701 1984 812 2068; x_wconf 91' lang='lat' dir='ltr'>qui</span> <span class='ocrx_word' id='word_1_133' title='bbox 859 2006 1006 2049; x_wconf 90' lang='lat' dir='ltr'>cum</span> <span class='ocrx_word' id='word_1_134' title='bbox 1047 1983 1246 2048; x_wconf 90' lang='lat' dir='ltr'>addat</span> <span class='ocrx_word' id='word_1_135' title='bbox 1285 1986 1448 2066; x_wconf 80' lang='grc' dir='ltr'>ὥσγε</span> <span class='ocrx_word' id='word_1_136' title='bbox 1492 1986 1760 2067; x_wconf 78' lang='grc' dir='ltr'><strong>τάληθὲς</strong></span> <span class='ocrx_word' id='word_1_137' title='bbox 1804 1985 2164 2068; x_wconf 72' lang='grc' dir='ltr'>εὑρίσκεται,</span> <span class='ocrx_word' id='word_1_138' title='bbox 2212 1985 2425 2070; x_wconf 89' lang='lat' dir='ltr'>ipsum</span> <span class='ocrx_word' id='word_1_139' title='bbox 2469 1983 2782 2060; x_wconf 87' lang='lat' dir='ltr'>indicare,</span> 
     </span>
    </p>
   </div>
   <div class='ocr_carea' id='block_1_5' title="bbox 453 2091 2875 2178">
    <p class='ocr_par' dir='ltr' id='par_1_5' title="bbox 453 2091 2875 2178">
     <span class='ocr_line' id='line_1_17' title="bbox 453 2091 2875 2178; baseline 0.001 -25"><span class='ocrx_word' id='word_1_140' title='bbox 453 2113 584 2154; x_wconf 89' lang='lat' dir='ltr'>non</span> <span class='ocrx_word' id='word_1_141' title='bbox 627 2113 790 2174; x_wconf 89' lang='lat' dir='ltr'>quae</span> <span class='ocrx_word' id='word_1_142' title='bbox 837 2092 1011 2176; x_wconf 89' lang='lat' dir='ltr'>apud</span> <span class='ocrx_word' id='word_1_143' title='bbox 1056 2103 1350 2156; x_wconf 81' lang='lat' dir='ltr'>auctores</span> <span class='ocrx_word' id='word_1_144' title='bbox 1392 2091 1743 2168; x_wconf 87' lang='lat' dir='ltr'>invenerit,</span> <span class='ocrx_word' id='word_1_145' title='bbox 1810 2091 1925 2158; x_wconf 89' lang='lat' dir='ltr'>sed</span> <span class='ocrx_word' id='word_1_146' title='bbox 1970 2115 2135 2178; x_wconf 88' lang='lat' dir='ltr'>quae</span> <span class='ocrx_word' id='word_1_147' title='bbox 2178 2093 2317 2178; x_wconf 84' lang='lat' dir='ltr'>ipse</span> <span class='ocrx_word' id='word_1_148' title='bbox 2362 2092 2701 2168; x_wconf 88' lang='lat' dir='ltr'>statuerit,</span> <span class='ocrx_word' id='word_1_149' title='bbox 2750 2117 2783 2156; x_wconf 90' lang='lat' dir='ltr'>a</span> <span class='ocrx_word' id='word_1_150' title='bbox 2872 2097 2875 2102; x_wconf 79' lang='grc'>’</span> 
     </span>
    </p>
   </div>
   <div class='ocr_carea' id='block_1_6' title="bbox 455 2200 2785 2386">
    <p class='ocr_par' dir='ltr' id='par_1_6' title="bbox 455 2200 2785 2386">
     <span class='ocr_line' id='line_1_18' title="bbox 457 2200 2785 2288; baseline 0 -24"><span class='ocrx_word' id='word_1_151' title='bbox 457 2222 600 2264; x_wconf 91' lang='lat' dir='ltr'>sese</span> <span class='ocrx_word' id='word_1_152' title='bbox 657 2201 899 2264; x_wconf 82' lang='lat' dir='ltr'>referri.</span> <span class='ocrx_word' id='word_1_153' title='bbox 1007 2201 1212 2265; x_wconf 90' lang='lat' dir='ltr'>Nobis</span> <span class='ocrx_word' id='word_1_154' title='bbox 1275 2223 1428 2265; x_wconf 87' lang='lat' dir='ltr'>vero</span> <span class='ocrx_word' id='word_1_155' title='bbox 1484 2200 1629 2286; x_wconf 87' lang='lat' dir='ltr'>ipsa</span> <span class='ocrx_word' id='word_1_156' title='bbox 1685 2201 1795 2266; x_wconf 89' lang='lat' dir='ltr'>illa</span> <span class='ocrx_word' id='word_1_157' title='bbox 1852 2201 2051 2267; x_wconf 84' lang='lat' dir='ltr'>verba</span> <span class='ocrx_word' id='word_1_158' title='bbox 2111 2225 2410 2288; x_wconf 85' lang='lat' dir='ltr'>magnam</span> <span class='ocrx_word' id='word_1_159' title='bbox 2478 2202 2785 2266; x_wconf 84' lang='lat' dir='ltr'>videntur</span> 
     </span>
     <span class='ocr_line' id='line_1_19' title="bbox 455 2308 2780 2386; baseline 0.001 -15"><span class='ocrx_word' id='word_1_160' title='bbox 455 2308 688 2374; x_wconf 86' lang='lat' dir='ltr'>habere</span> <span class='ocrx_word' id='word_1_161' title='bbox 729 2309 1293 2386; x_wconf 88' lang='lat' dir='ltr'>confirmationem,</span> <span class='ocrx_word' id='word_1_162' title='bbox 1333 2319 1406 2373; x_wconf 89' lang='lat' dir='ltr'>ut</span> <span class='ocrx_word' id='word_1_163' title='bbox 1433 2309 1666 2374; x_wconf 92' lang='lat' dir='ltr'>Dionis</span> <span class='ocrx_word' id='word_1_164' title='bbox 1696 2310 2129 2374; x_wconf 90' lang='lat' dir='ltr'>testimonium</span> <span class='ocrx_word' id='word_1_165' title='bbox 2160 2334 2245 2374; x_wconf 87' lang='lat' dir='ltr'>ne</span> <span class='ocrx_word' id='word_1_166' title='bbox 2272 2322 2780 2377; x_wconf 85' lang='lat' dir='ltr'>contemnamus.</span> 
     </span>
    </p>
   </div>
   <div class='ocr_carea' id='block_1_7' title="bbox 451 2416 2875 3049">
    <p class='ocr_par' dir='ltr' id='par_1_7' title="bbox 451 2416 2875 3049">
     <span class='ocr_line' id='line_1_20' title="bbox 456 2416 2875 2505; baseline 0 -23"><span class='ocrx_word' id='word_1_167' title='bbox 456 2416 832 2482; x_wconf 87' lang='lat' dir='ltr'>Ostendunt</span> <span class='ocrx_word' id='word_1_168' title='bbox 883 2419 1052 2482; x_wconf 90' lang='lat' dir='ltr'>enim</span> <span class='ocrx_word' id='word_1_169' title='bbox 1103 2417 1280 2501; x_wconf 88' lang='lat' dir='ltr'>quod</span> <span class='ocrx_word' id='word_1_170' title='bbox 1334 2417 1509 2502; x_wconf 89' lang='lat' dir='ltr'>apud</span> <span class='ocrx_word' id='word_1_171' title='bbox 1571 2428 1865 2484; x_wconf 85' lang='lat' dir='ltr'>auctores</span> <span class='ocrx_word' id='word_1_172' title='bbox 1922 2420 2299 2505; x_wconf 88' lang='lat' dir='ltr'>reperisset,</span> <span class='ocrx_word' id='word_1_173' title='bbox 2360 2441 2489 2484; x_wconf 90' lang='lat' dir='ltr'>non</span> <span class='ocrx_word' id='word_1_174' title='bbox 2544 2431 2783 2485; x_wconf 86' lang='lat' dir='ltr'>temere</span> <span class='ocrx_word' id='word_1_175' title='bbox 2873 2443 2875 2472; x_wconf 84' lang='lat'>;</span> 
     </span>
     <span class='ocr_line' id='line_1_21' title="bbox 455 2525 2875 2616; baseline 0.001 -26"><span class='ocrx_word' id='word_1_176' title='bbox 455 2547 626 2602; x_wconf 88' lang='lat' dir='ltr'>eum,</span> <span class='ocrx_word' id='word_1_177' title='bbox 670 2525 786 2590; x_wconf 90' lang='lat' dir='ltr'>sed</span> <span class='ocrx_word' id='word_1_178' title='bbox 813 2526 1295 2590; x_wconf 81' lang='lat' dir='ltr'>ratiocinatione</span> <span class='ocrx_word' id='word_1_179' title='bbox 1320 2527 1615 2590; x_wconf 86' lang='lat' dir='ltr'>instituta</span> <span class='ocrx_word' id='word_1_180' title='bbox 1635 2527 1966 2612; x_wconf 90' lang='lat' dir='ltr'>posuisse;</span> <span class='ocrx_word' id='word_1_181' title='bbox 2014 2527 2295 2592; x_wconf 89' lang='lat' dir='ltr'>Dionem</span> <span class='ocrx_word' id='word_1_182' title='bbox 2322 2539 2541 2593; x_wconf 89' lang='lat' dir='ltr'>autem</span> <span class='ocrx_word' id='word_1_183' title='bbox 2568 2529 2783 2616; x_wconf 84' lang='lat' dir='ltr'>potius</span> <span class='ocrx_word' id='word_1_184' title='bbox 2872 2550 2875 2580; x_wconf 87' lang='lat'><strong>:</strong></span> 
     </span>
     <span class='ocr_line' id='line_1_22' title="bbox 455 2631 2875 2718; baseline 0.002 -21"><span class='ocrx_word' id='word_1_185' title='bbox 455 2655 738 2710; x_wconf 88' lang='lat' dir='ltr'>errasse,</span> <span class='ocrx_word' id='word_1_186' title='bbox 799 2633 910 2716; x_wconf 89' lang='lat' dir='ltr'>qui</span> <span class='ocrx_word' id='word_1_187' title='bbox 963 2632 1219 2718; x_wconf 90' lang='lat' dir='ltr'>optimis</span> <span class='ocrx_word' id='word_1_188' title='bbox 1275 2631 1648 2699; x_wconf 86' lang='lat' dir='ltr'>auctoribus</span> <span class='ocrx_word' id='word_1_189' title='bbox 1706 2645 2027 2712; x_wconf 87' lang='lat' dir='ltr'>uteretur,</span> <span class='ocrx_word' id='word_1_190' title='bbox 2084 2636 2151 2699; x_wconf 91' lang='lat' dir='ltr'>in</span> <span class='ocrx_word' id='word_1_191' title='bbox 2206 2636 2564 2702; x_wconf 88' lang='lat' dir='ltr'>rationibus</span> <span class='ocrx_word' id='word_1_192' title='bbox 2630 2639 2781 2703; x_wconf 90' lang='lat' dir='ltr'>sub-</span> <span class='ocrx_word' id='word_1_193' title='bbox 2873 2687 2875 2691; x_wconf 85' lang='lat'>-</span> 
     </span>
     <span class='ocr_line' id='line_1_23' title="bbox 457 2741 2875 2828; baseline 0.003 -23"><span class='ocrx_word' id='word_1_194' title='bbox 457 2741 798 2820; x_wconf 88' lang='lat' dir='ltr'>ducendis,</span> <span class='ocrx_word' id='word_1_195' title='bbox 842 2765 1034 2826; x_wconf 88' lang='lat' dir='ltr'>quam</span> <span class='ocrx_word' id='word_1_196' title='bbox 1073 2763 1214 2818; x_wconf 78' lang='grc'><strong>1108,</strong></span> <span class='ocrx_word' id='word_1_197' title='bbox 1253 2743 1366 2826; x_wconf 88' lang='lat' dir='ltr'>qui</span> <span class='ocrx_word' id='word_1_198' title='bbox 1399 2752 1541 2827; x_wconf 91' lang='lat' dir='ltr'>post</span> <span class='ocrx_word' id='word_1_199' title='bbox 1566 2754 1815 2806; x_wconf 88' lang='lat' dir='ltr'>tantum</span> <span class='ocrx_word' id='word_1_200' title='bbox 1846 2743 2153 2828; x_wconf 90' lang='lat' dir='ltr'>temporis</span> <span class='ocrx_word' id='word_1_201' title='bbox 2182 2744 2595 2810; x_wconf 69' lang='lat' dir='ltr'>intervallum</span> <span class='ocrx_word' id='word_1_202' title='bbox 2627 2749 2784 2812; x_wconf 88' lang='lat' dir='ltr'>seri·</span> <span class='ocrx_word' id='word_1_203' title='bbox 2873 2777 2875 2794; x_wconf 52' lang='grc' dir='ltr'>ε</span> 
     </span>
     <span class='ocr_line' id='line_1_24' title="bbox 451 2848 2875 2941; baseline 0.002 -27"><span class='ocrx_word' id='word_1_204' title='bbox 451 2848 716 2927; x_wconf 88' lang='lat' dir='ltr'>bamus,</span> <span class='ocrx_word' id='word_1_205' title='bbox 778 2861 1052 2934; x_wconf 89' lang='lat' dir='ltr'>quantae</span> <span class='ocrx_word' id='word_1_206' title='bbox 1096 2851 1434 2936; x_wconf 86' lang='lat' dir='ltr'>superbiae</span> <span class='ocrx_word' id='word_1_207' title='bbox 1480 2863 1579 2916; x_wconf 88' lang='lat' dir='ltr'>est</span> <span class='ocrx_word' id='word_1_208' title='bbox 1626 2851 2038 2916; x_wconf 80' lang='lat' dir='ltr'>existimare?</span> <span class='ocrx_word' id='word_1_209' title='bbox 2126 2853 2231 2916; x_wconf 89' lang='lat' dir='ltr'>Ae</span> <span class='ocrx_word' id='word_1_210' title='bbox 2278 2875 2489 2918; x_wconf 90' lang='lat' dir='ltr'>nonne</span> <span class='ocrx_word' id='word_1_211' title='bbox 2532 2855 2685 2941; x_wconf 90' lang='lat' dir='ltr'>ipse</span> <span class='ocrx_word' id='word_1_212' title='bbox 2728 2865 2787 2920; x_wconf 91' lang='lat' dir='ltr'>et</span> <span class='ocrx_word' id='word_1_213' title='bbox 2872 2903 2875 2910; x_wconf 77' lang='grc'>.</span> 
     </span>
     <span class='ocr_line' id='line_1_25' title="bbox 452 2959 2875 3049; baseline 0.003 -28"><span class='ocrx_word' id='word_1_214' title='bbox 452 2980 644 3043; x_wconf 89' lang='lat' dir='ltr'>posse</span> <span class='ocrx_word' id='word_1_215' title='bbox 687 2970 751 3022; x_wconf 94' lang='lat' dir='ltr'>et</span> <span class='ocrx_word' id='word_1_216' title='bbox 795 2959 1031 3024; x_wconf 89' lang='lat' dir='ltr'>debere</span> <span class='ocrx_word' id='word_1_217' title='bbox 1079 2959 1238 3024; x_wconf 89' lang='lat' dir='ltr'>alios</span> <span class='ocrx_word' id='word_1_218' title='bbox 1284 2981 1504 3024; x_wconf 89' lang='lat' dir='ltr'>secum</span> <span class='ocrx_word' id='word_1_219' title='bbox 1548 2960 1893 3024; x_wconf 88' lang='lat' dir='ltr'>dissentire</span> <span class='ocrx_word' id='word_1_220' title='bbox 1932 2961 2253 3025; x_wconf 62' lang='lat' dir='ltr'>indicat?</span> <span class='ocrx_word' id='word_1_221' title='bbox 2302 2959 2375 3026; x_wconf 87' lang='lat' dir='ltr'>Si</span> <span class='ocrx_word' id='word_1_222' title='bbox 2418 2963 2566 3046; x_wconf 89' lang='lat' dir='ltr'>quis</span> <span class='ocrx_word' id='word_1_223' title='bbox 2606 2965 2785 3049; x_wconf 89' lang='lat' dir='ltr'>quod</span> <span class='ocrx_word' id='word_1_224' title='bbox 2872 3009 2875 3018; x_wconf 87' lang='lat'>·</span> 
     </span>
    </p>
   </div>
   <div class='ocr_carea' id='block_1_8' title="bbox 451 3066 2790 3158">
    <p class='ocr_par' dir='ltr' id='par_1_8' title="bbox 451 3066 2790 3158">
     <span class='ocr_line' id='line_1_26' title="bbox 451 3066 2790 3158; baseline 0.003 -28"><span class='ocrx_word' id='word_1_225' title='bbox 451 3087 679 3130; x_wconf 87' lang='lat' dir='ltr'>verum</span> <span class='ocrx_word' id='word_1_226' title='bbox 743 3066 827 3131; x_wconf 91' lang='lat' dir='ltr'>sit</span> <span class='ocrx_word' id='word_1_227' title='bbox 881 3079 1182 3152; x_wconf 83' lang='lat' dir='ltr'>quaerat,</span> <span class='ocrx_word' id='word_1_228' title='bbox 1245 3068 1591 3133; x_wconf 89' lang='lat' dir='ltr'>triennium</span> <span class='ocrx_word' id='word_1_229' title='bbox 1647 3066 1735 3133; x_wconf 85' lang='lat' dir='ltr'>ait</span> <span class='ocrx_word' id='word_1_230' title='bbox 1789 3091 1931 3134; x_wconf 89' lang='lat' dir='ltr'>esse</span> <span class='ocrx_word' id='word_1_231' title='bbox 1990 3071 2246 3134; x_wconf 83' lang='lat' dir='ltr'>datum:</span> <span class='ocrx_word' id='word_1_232' title='bbox 2309 3072 2525 3156; x_wconf 89' lang='lat' dir='ltr'>specie</span> <span class='ocrx_word' id='word_1_233' title='bbox 2579 3073 2790 3158; x_wconf 86' lang='lat' dir='ltr'>igitur</span> 
     </span>
    </p>
   </div>
   <div class='ocr_carea' id='block_1_9' title="bbox 451 3175 2875 3479">
    <p class='ocr_par' dir='ltr' id='par_1_9' title="bbox 451 3175 2875 3479">
     <span class='ocr_line' id='line_1_27' title="bbox 451 3175 2875 3261; baseline 0.004 -24"><span class='ocrx_word' id='word_1_234' title='bbox 451 3175 596 3258; x_wconf 87' lang='lat' dir='ltr'>plus</span> <span class='ocrx_word' id='word_1_235' title='bbox 649 3175 954 3251; x_wconf 85' lang='lat' dir='ltr'>dabatur,</span> <span class='ocrx_word' id='word_1_236' title='bbox 1009 3199 1199 3260; x_wconf 91' lang='lat' dir='ltr'>quam</span> <span class='ocrx_word' id='word_1_237' title='bbox 1265 3177 1544 3258; x_wconf 88' lang='lat' dir='ltr'>speciem</span> <span class='ocrx_word' id='word_1_238' title='bbox 1600 3177 1710 3260; x_wconf 88' lang='lat' dir='ltr'>qui</span> <span class='ocrx_word' id='word_1_239' title='bbox 1762 3189 2171 3261; x_wconf 85' lang='lat' dir='ltr'>sequeretur,</span> <span class='ocrx_word' id='word_1_240' title='bbox 2230 3201 2380 3243; x_wconf 90' lang='lat' dir='ltr'>eum</span> <span class='ocrx_word' id='word_1_241' title='bbox 2432 3179 2785 3246; x_wconf 86' lang='lat' dir='ltr'>dissentire</span> <span class='ocrx_word' id='word_1_242' title='bbox 2872 3217 2875 3238; x_wconf 65' lang='lat'><em>2</em></span> 
     </span>
     <span class='ocr_line' id='line_1_28' title="bbox 453 3283 2875 3374; baseline 0.004 -28"><span class='ocrx_word' id='word_1_243' title='bbox 453 3283 804 3366; x_wconf 87' lang='lat' dir='ltr'>oportebat.</span> <span class='ocrx_word' id='word_1_244' title='bbox 897 3283 1198 3367; x_wconf 89' lang='lat' dir='ltr'>Denique</span> <span class='ocrx_word' id='word_1_245' title='bbox 1249 3283 1566 3369; x_wconf 87' lang='lat' dir='ltr'>numquid</span> <span class='ocrx_word' id='word_1_246' title='bbox 1624 3285 1922 3350; x_wconf 85' lang='lat' dir='ltr'>dissentit</span> <span class='ocrx_word' id='word_1_247' title='bbox 1964 3285 2140 3351; x_wconf 87' lang='lat' dir='ltr'>Dio?</span> <span class='ocrx_word' id='word_1_248' title='bbox 2218 3287 2567 3374; x_wconf 88' lang='lat' dir='ltr'>Appianus</span> <span class='ocrx_word' id='word_1_249' title='bbox 2624 3291 2785 3355; x_wconf 85' lang='lat' dir='ltr'>alte·</span> <span class='ocrx_word' id='word_1_250' title='bbox 2873 3341 2875 3346; x_wconf 86' lang='lat'>.</span> 
     </span>
     <span class='ocr_line' id='line_1_29' title="bbox 451 3391 2875 3479; baseline 0.002 -25"><span class='ocrx_word' id='word_1_251' title='bbox 451 3413 596 3454; x_wconf 90' lang='lat' dir='ltr'>rum</span> <span class='ocrx_word' id='word_1_252' title='bbox 653 3391 1162 3478; x_wconf 89' lang='lat' dir='ltr'>quinquennium</span> <span class='ocrx_word' id='word_1_253' title='bbox 1219 3404 1472 3478; x_wconf 86' lang='lat' dir='ltr'>praeter</span> <span class='ocrx_word' id='word_1_254' title='bbox 1522 3394 1705 3479; x_wconf 90' lang='lat' dir='ltr'>prius</span> <span class='ocrx_word' id='word_1_255' title='bbox 1753 3391 2017 3458; x_wconf 87' lang='lat' dir='ltr'>Caesari</span> <span class='ocrx_word' id='word_1_256' title='bbox 2064 3395 2288 3460; x_wconf 88' lang='lat' dir='ltr'>datum</span> <span class='ocrx_word' id='word_1_257' title='bbox 2338 3419 2483 3462; x_wconf 89' lang='lat' dir='ltr'>esse</span> <span class='ocrx_word' id='word_1_258' title='bbox 2536 3397 2779 3474; x_wconf 82' lang='lat' dir='ltr'>scribit,</span> <span class='ocrx_word' id='word_1_259' title='bbox 2870 3421 2875 3460; x_wconf 71' lang='lat'><strong><em>1</em></strong></span> 
     </span>
    </p>
   </div>
   <div class='ocr_carea' id='block_1_10' title="bbox 447 3496 2784 4459">
    <p class='ocr_par' dir='ltr' id='par_1_10' title="bbox 447 3496 2784 4459">
     <span class='ocr_line' id='line_1_30' title="bbox 456 3496 2770 3591; baseline 0.003 -29"><span class='ocrx_word' id='word_1_260' title='bbox 456 3496 747 3564; x_wconf 89' lang='lat' dir='ltr'>Velleius</span> <span class='ocrx_word' id='word_1_261' title='bbox 785 3515 1192 3587; x_wconf 83' lang='lat' dir='ltr'>prorogatam</span> <span class='ocrx_word' id='word_1_262' title='bbox 1237 3502 1303 3565; x_wconf 91' lang='lat' dir='ltr'>in</span> <span class='ocrx_word' id='word_1_263' title='bbox 1346 3503 1859 3586; x_wconf 89' lang='lat' dir='ltr'>quinquennium</span> <span class='ocrx_word' id='word_1_264' title='bbox 1898 3502 2310 3588; x_wconf 86' lang='lat' dir='ltr'>provinciam,</span> <span class='ocrx_word' id='word_1_265' title='bbox 2359 3506 2770 3591; x_wconf 86' lang='lat' dir='ltr'>similiterque</span> 
     </span>
     <span class='ocr_line' id='line_1_31' title="bbox 457 3603 2774 3702; baseline 0.005 -32"><span class='ocrx_word' id='word_1_266' title='bbox 457 3603 690 3672; x_wconf 87' lang='lat' dir='ltr'>Cicero</span> <span class='ocrx_word' id='word_1_267' title='bbox 746 3620 810 3673; x_wconf 93' lang='lat' dir='ltr'>et</span> <span class='ocrx_word' id='word_1_268' title='bbox 859 3609 1124 3674; x_wconf 87' lang='lat' dir='ltr'>Livius:</span> <span class='ocrx_word' id='word_1_269' title='bbox 1191 3610 1331 3696; x_wconf 89' lang='lat' dir='ltr'>ipse</span> <span class='ocrx_word' id='word_1_270' title='bbox 1391 3611 1690 3675; x_wconf 88' lang='lat' dir='ltr'>consules</span> <span class='ocrx_word' id='word_1_271' title='bbox 1746 3611 2071 3688; x_wconf 89' lang='lat' dir='ltr'>effecisse,</span> <span class='ocrx_word' id='word_1_272' title='bbox 2134 3622 2208 3677; x_wconf 91' lang='lat' dir='ltr'>ut</span> <span class='ocrx_word' id='word_1_273' title='bbox 2252 3611 2518 3679; x_wconf 81' lang='lat' dir='ltr'>Caesari</span> <span class='ocrx_word' id='word_1_274' title='bbox 2576 3616 2774 3702; x_wconf 88' lang='lat' dir='ltr'>impe-</span> 
     </span>
     <span class='ocr_line' id='line_1_32' title="bbox 449 3715 2783 3809; baseline 0.004 -31"><span class='ocrx_word' id='word_1_275' title='bbox 449 3715 620 3780; x_wconf 89' lang='lat' dir='ltr'>rium</span> <span class='ocrx_word' id='word_1_276' title='bbox 677 3717 746 3780; x_wconf 92' lang='lat' dir='ltr'>in</span> <span class='ocrx_word' id='word_1_277' title='bbox 803 3719 1149 3783; x_wconf 89' lang='lat' dir='ltr'>triennium</span> <span class='ocrx_word' id='word_1_278' title='bbox 1205 3719 1692 3803; x_wconf 89' lang='lat' dir='ltr'>produceretur.</span> <span class='ocrx_word' id='word_1_279' title='bbox 1780 3720 1885 3784; x_wconf 90' lang='lat' dir='ltr'>Illi</span> <span class='ocrx_word' id='word_1_280' title='bbox 1928 3720 2131 3806; x_wconf 84' lang='lat' dir='ltr'>igitur</span> <span class='ocrx_word' id='word_1_281' title='bbox 2178 3721 2258 3786; x_wconf 90' lang='lat' dir='ltr'>de</span> <span class='ocrx_word' id='word_1_282' title='bbox 2302 3723 2449 3808; x_wconf 85' lang='lat' dir='ltr'>lege</span> <span class='ocrx_word' id='word_1_283' title='bbox 2467 3770 2486 3800; x_wconf 97' lang='lat'>,</span> <span class='ocrx_word' id='word_1_284' title='bbox 2537 3723 2608 3786; x_wconf 91' lang='lat' dir='ltr'>in</span> <span class='ocrx_word' id='word_1_285' title='bbox 2652 3747 2783 3809; x_wconf 91' lang='lat' dir='ltr'>qua</span> 
     </span>
     <span class='ocr_line' id='line_1_33' title="bbox 449 3825 2784 3917; baseline 0.003 -29"><span class='ocrx_word' id='word_1_286' title='bbox 449 3826 958 3911; x_wconf 89' lang='lat' dir='ltr'>quinquennium</span> <span class='ocrx_word' id='word_1_287' title='bbox 993 3827 1398 3891; x_wconf 84' lang='lat' dir='ltr'>nominatum</span> <span class='ocrx_word' id='word_1_288' title='bbox 1443 3828 1547 3904; x_wconf 87' lang='lat' dir='ltr'>sit,</span> <span class='ocrx_word' id='word_1_289' title='bbox 1593 3825 1837 3904; x_wconf 89' lang='lat' dir='ltr'>dicunt,</span> <span class='ocrx_word' id='word_1_290' title='bbox 1880 3828 1987 3894; x_wconf 91' lang='lat' dir='ltr'>hic</span> <span class='ocrx_word' id='word_1_291' title='bbox 2028 3831 2173 3916; x_wconf 86' lang='lat' dir='ltr'>lege</span> <span class='ocrx_word' id='word_1_292' title='bbox 2218 3831 2458 3896; x_wconf 87' lang='lat' dir='ltr'>omissa</span> <span class='ocrx_word' id='word_1_293' title='bbox 2497 3832 2660 3917; x_wconf 87' lang='lat' dir='ltr'>quid</span> <span class='ocrx_word' id='word_1_294' title='bbox 2703 3856 2784 3896; x_wconf 90' lang='lat' dir='ltr'>ex</span> 
     </span>
     <span class='ocr_line' id='line_1_34' title="bbox 451 3935 2784 4024; baseline 0.005 -28"><span class='ocrx_word' id='word_1_295' title='bbox 451 3954 526 3996; x_wconf 87' lang='lat' dir='ltr'>ea</span> <span class='ocrx_word' id='word_1_296' title='bbox 565 3947 984 3999; x_wconf 90' lang='lat' dir='ltr'>consecutum</span> <span class='ocrx_word' id='word_1_297' title='bbox 1031 3935 1112 4000; x_wconf 91' lang='lat' dir='ltr'>sit</span> <span class='ocrx_word' id='word_1_298' title='bbox 1151 3935 1362 4000; x_wconf 86' lang='lat' dir='ltr'>refert.</span> <span class='ocrx_word' id='word_1_299' title='bbox 1446 3935 1643 4000; x_wconf 89' lang='lat' dir='ltr'>Nulla</span> <span class='ocrx_word' id='word_1_300' title='bbox 1680 3936 1883 4022; x_wconf 84' lang='lat' dir='ltr'>igitur</span> <span class='ocrx_word' id='word_1_301' title='bbox 1928 3948 2025 4002; x_wconf 84' lang='lat' dir='ltr'>est</span> <span class='ocrx_word' id='word_1_302' title='bbox 2068 3940 2179 4004; x_wconf 87' lang='lat' dir='ltr'>illa</span> <span class='ocrx_word' id='word_1_303' title='bbox 2222 3963 2415 4024; x_wconf 86' lang='lat' dir='ltr'>quam</span> <span class='ocrx_word' id='word_1_304' title='bbox 2454 3941 2784 4007; x_wconf 88' lang='lat' dir='ltr'>Hofman-</span> 
     </span>
     <span class='ocr_line' id='line_1_35' title="bbox 447 4043 2781 4131; baseline 0.006 -27"><span class='ocrx_word' id='word_1_305' title='bbox 447 4063 574 4106; x_wconf 90' lang='lat' dir='ltr'>nus</span> <span class='ocrx_word' id='word_1_306' title='bbox 619 4043 960 4108; x_wconf 86' lang='lat' dir='ltr'>maximam</span> <span class='ocrx_word' id='word_1_307' title='bbox 999 4065 1140 4109; x_wconf 89' lang='lat' dir='ltr'>esse</span> <span class='ocrx_word' id='word_1_308' title='bbox 1185 4045 1406 4108; x_wconf 89' lang='lat' dir='ltr'>statuit</span> <span class='ocrx_word' id='word_1_309' title='bbox 1441 4044 1676 4110; x_wconf 90' lang='lat' dir='ltr'>Dionis</span> <span class='ocrx_word' id='word_1_310' title='bbox 1723 4067 1871 4110; x_wconf 90' lang='lat' dir='ltr'>cum</span> <span class='ocrx_word' id='word_1_311' title='bbox 1909 4047 2172 4131; x_wconf 90' lang='lat' dir='ltr'>reliquis</span> <span class='ocrx_word' id='word_1_312' title='bbox 2220 4049 2599 4116; x_wconf 87' lang='lat' dir='ltr'>auctoribus</span> <span class='ocrx_word' id='word_1_313' title='bbox 2642 4053 2781 4117; x_wconf 88' lang='lat' dir='ltr'>dis-</span> 
     </span>
     <span class='ocr_line' id='line_1_36' title="bbox 451 4148 2781 4245; baseline 0.006 -32"><span class='ocrx_word' id='word_1_314' title='bbox 451 4148 664 4214; x_wconf 88' lang='lat' dir='ltr'>sensio</span> <span class='ocrx_word' id='word_1_315' title='bbox 720 4150 1228 4236; x_wconf 88' lang='lat' dir='ltr'>dedueimurque</span> <span class='ocrx_word' id='word_1_316' title='bbox 1273 4153 1358 4217; x_wconf 86' lang='lat' dir='ltr'>ad</span> <span class='ocrx_word' id='word_1_317' title='bbox 1402 4175 1543 4216; x_wconf 88' lang='lat' dir='ltr'>eam</span> <span class='ocrx_word' id='word_1_318' title='bbox 1590 4155 2124 4221; x_wconf 88' lang='lat' dir='ltr'>consuetudinem</span> <span class='ocrx_word' id='word_1_319' title='bbox 2167 4155 2551 4236; x_wconf 85' lang='lat' dir='ltr'>Romanam,</span> <span class='ocrx_word' id='word_1_320' title='bbox 2610 4184 2781 4245; x_wconf 89' lang='lat' dir='ltr'>quae</span> 
     </span>
     <span class='ocr_line' id='line_1_37' title="bbox 450 4259 2777 4355; baseline 0.006 -35"><span class='ocrx_word' id='word_1_321' title='bbox 450 4277 646 4342; x_wconf 88' lang='lat' dir='ltr'>supra</span> <span class='ocrx_word' id='word_1_322' title='bbox 681 4282 754 4355; x_wconf 68' lang='lat' dir='ltr'>p.</span> <span class='ocrx_word' id='word_1_323' title='bbox 775 4259 856 4325; x_wconf 87' lang='grc'>86</span> <span class='ocrx_word' id='word_1_324' title='bbox 897 4284 936 4324; x_wconf 88' lang='lat' dir='ltr'>a</span> <span class='ocrx_word' id='word_1_325' title='bbox 959 4260 1147 4326; x_wconf 91' lang='lat' dir='ltr'>nobis</span> <span class='ocrx_word' id='word_1_326' title='bbox 1183 4273 1677 4326; x_wconf 84' lang='lat' dir='ltr'>commemorata</span> <span class='ocrx_word' id='word_1_327' title='bbox 1702 4274 1819 4338; x_wconf 90' lang='lat' dir='ltr'>est,</span> <span class='ocrx_word' id='word_1_328' title='bbox 1863 4272 1937 4327; x_wconf 91' lang='lat' dir='ltr'>ut</span> <span class='ocrx_word' id='word_1_329' title='bbox 1968 4263 2219 4350; x_wconf 89' lang='lat' dir='ltr'>imperii</span> <span class='ocrx_word' id='word_1_330' title='bbox 2246 4269 2623 4352; x_wconf 87' lang='lat' dir='ltr'>prorogatio</span> <span class='ocrx_word' id='word_1_331' title='bbox 2646 4292 2777 4334; x_wconf 91' lang='lat' dir='ltr'>non</span> 
     </span>
     <span class='ocr_line' id='line_1_38' title="bbox 447 4362 2774 4459; baseline 0.005 -29"><span class='ocrx_word' id='word_1_332' title='bbox 447 4362 528 4430; x_wconf 85' lang='lat' dir='ltr'>ab</span> <span class='ocrx_word' id='word_1_333' title='bbox 571 4366 752 4431; x_wconf 87' lang='lat' dir='ltr'>exitu</span> <span class='ocrx_word' id='word_1_334' title='bbox 795 4368 1030 4432; x_wconf 88' lang='lat' dir='ltr'>veteris</span> <span class='ocrx_word' id='word_1_335' title='bbox 1073 4368 1360 4454; x_wconf 89' lang='lat' dir='ltr'>imperii,</span> <span class='ocrx_word' id='word_1_336' title='bbox 1407 4363 1545 4434; x_wconf 29' lang='lat' dir='ltr'>sed*</span> <span class='ocrx_word' id='word_1_337' title='bbox 1570 4371 1650 4435; x_wconf 91' lang='lat' dir='ltr'>ab</span> <span class='ocrx_word' id='word_1_338' title='bbox 1692 4371 1798 4436; x_wconf 91' lang='lat' dir='ltr'>die</span> <span class='ocrx_word' id='word_1_339' title='bbox 1838 4395 2047 4437; x_wconf 85' lang='lat' dir='ltr'>novae</span> <span class='ocrx_word' id='word_1_340' title='bbox 2091 4373 2259 4459; x_wconf 85' lang='lat' dir='ltr'>legis</span> <span class='ocrx_word' id='word_1_341' title='bbox 2304 4389 2774 4442; x_wconf 89' lang='lat' dir='ltr'>numeraretur.</span> 
     </span>
    </p>
   </div>
  </div>
 </body>
</html>
