2917 5017
841 347 926 398 De
965 349 1133 402 Gallia
1173 355 1523 408 Romanorum
1572 361 1849 424 provincia.
2432 367 2507 434 19

155 501 390 568 babile
443 518 546 571 est
607 510 716 573 alii
779 522 1078 580 externae
1135 518 1503 602 provinciae
1554 525 1911 608 praefuisse
1964 542 2218 615 praeter
2258 535 2507 615 Asiam,

165 634 254 674 ex
301 635 429 696 qua
475 615 562 679 ab
601 616 678 680 Τ.
723 619 1008 686 Albucio
1059 635 1403 691 accusatus
1460 640 1560 694 est
1596 629 1765 716 (cio.
1812 635 1993 700 Brut.
2034 661 2088 702 c.
2134 639 2217 704 26
2260 652 2327 706 et
2368 644 2499 726 30).

167 718 465 785 Praefuit
513 735 733 790 autem
781 728 839 791 ei
879 750 1043 795 anno
1092 732 1208 797 120
1249 737 1425 818 (nam
1476 737 1614 804 Cic.
1674 739 1755 806 de
1808 755 1967 808 orat.
2008 745 2100 822 ΙΙ,
2142 749 2221 814 67
2263 748 2344 813 L.
2378 751 2499 816 Se-

167 830 630 912 ptumuleium,
681 831 758 898 C.
779 835 1061 902 Gracchi
1093 841 1592 922 interfectorem,
1632 847 1713 914 ab
1758 871 1835 914 eo
1874 852 2115 936 petisse
2159 869 2394 934 narrat,
2431 870 2505 924 ut

175 957 242 1000 se
279 938 346 1001 in
392 939 630 1004 Asiam
685 945 1080 1027 praefectum
1131 947 1431 1028 duceret,
1492 976 1612 1020 nec
1659 957 1729 1021 id
1784 960 1985 1025 multo
2038 974 2189 1047 post
2238 965 2501 1032 caedem

169 1042 455 1110 Gracchi
501 1048 800 1116 accidere
844 1056 1120 1139 potuit),
1175 1081 1306 1122 non
1347 1082 1517 1125 anno
1564 1062 1671 1126 121
1698 1110 1715 1139 ,
1772 1078 1847 1130 ut
1887 1066 2081 1154 Pigh.
2126 1073 2359 1138 Annal.
2396 1075 2501 1140 III

161 1175 225 1237 p.
273 1154 356 1218 69
399 1155 759 1234 existimat,
816 1183 898 1225 ac
947 1183 1094 1226 cum
1133 1178 1432 1250 praetura
1474 1192 1615 1234 eam
1668 1173 1873 1238 fuisse
1914 1177 2319 1244 coniunctam
2358 1181 2499 1268 ipse

159 1261 490 1342 significat
545 1265 720 1351 apud
765 1264 907 1332 Cic.
967 1269 1050 1334 de
1099 1285 1255 1339 orat.
1306 1276 1370 1353 I,
1425 1278 1493 1343 17
1512 1324 1529 1354 ,
1574 1279 1655 1343 75
1680 1326 1699 1356 ‚
1754 1281 1867 1346 ubi
1926 1307 1999 1348 se
2052 1307 2197 1350 cum
2242 1301 2499 1372 praetor

159 1368 476 1435 Rhodum
522 1375 844 1452 venisset,
903 1397 1051 1444 cum
1105 1383 1458 1466 Apollonio
1516 1386 1905 1454 collocutum
1962 1414 2107 1458 esse
2160 1395 2281 1470 ait,
2346 1396 2496 1461 item

159 1475 402 1544 Cicero
464 1481 546 1545 de
599 1481 708 1546 fin.
764 1484 829 1560 I,
883 1486 953 1562 3,
1009 1489 1086 1564 9,
1159 1489 1274 1574 qui
1335 1513 1485 1556 eum
1552 1506 1908 1579 praetorem
1955 1499 2232 1565 Athenis
2291 1504 2495 1569 fuisse

153 1587 410 1652 scribit.
499 1588 654 1670 Quo
693 1602 966 1678 utroque
1009 1596 1154 1662 loco
1193 1619 1338 1663 cum
1385 1623 1514 1665 non
1570 1625 1687 1688 pro
1744 1617 2069 1690 praetore,
2122 1619 2196 1672 ut
2238 1611 2493 1696 proprie

155 1693 448 1761 debebat
468 1743 486 1773 ,
539 1698 654 1762 sed
703 1713 958 1785 praetor
1001 1707 1392 1790 appelletur,
1456 1709 1739 1776 dubitari
1790 1724 2039 1798 potest,
2095 1739 2174 1780 an
2230 1740 2357 1784 non
2412 1743 2493 1784 ex

150 1817 496 1886 praetura,
558 1808 736 1891 quod
803 1810 948 1896 lege
1005 1810 1390 1898 Sempronia
1448 1815 1713 1883 licuisse
1787 1819 2102 1898 diximus,
2174 1826 2289 1890 sed
2348 1827 2491 1912 ipso

149 1923 500 1996 praeturae
544 1939 712 1980 anno
737 1930 1064 1985 externam
1092 1922 1495 2006 provinciam
1522 1927 1860 2011 acceperit.
1912 1925 2047 1992 Sed
2072 1928 2195 1994 hoc
2228 1934 2489 2018 quidem

149 2020 480 2086 incertum
527 2046 670 2090 esse
722 2026 1053 2106 videatur3
1119 2029 1283 2094 illud
1333 2032 1589 2097 silentio
1628 2033 2016 2119 scriptorum
2062 2039 2487 2121 convincitur,

153 2128 219 2192 in
293 2131 640 2197 consulatu
695 2132 778 2215 Q.
833 2135 1134 2202 Mucium
1207 2160 1333 2203 non
1397 2141 1757 2207 excessisse
1803 2144 2006 2209 Italia.
2111 2148 2305 2213 Anno
2370 2153 2487 2218 116

155 2236 238 2319 Q.
311 2238 598 2304 Fabium
663 2241 1008 2308 Eburnum
1097 2269 1228 2312 cos.
1297 2247 1723 2314 Macedoniae
1792 2252 2154 2334 praefuisse
2232 2258 2358 2343 ipsi
2418 2260 2487 2325 in

153 2345 526 2412 Comment.
569 2349 774 2436 epigr.
818 2351 963 2417 Vol.
1000 2353 1070 2417 II
1113 2377 1178 2438 p.
1232 2355 1347 2420 167
1396 2355 2009 2434 demonstravimus,
2053 2373 2127 2426 ut
2170 2365 2486 2452 collegam

151 2455 294 2520 eius
311 2503 331 2532 ,
397 2455 482 2520 de
532 2479 662 2541 quo
704 2470 988 2538 tacetur,
1055 2459 1132 2526 C.
1175 2463 1507 2529 Licinium
1558 2463 1792 2531 Getam
1837 2467 2059 2534 Italiae
2116 2482 2180 2536 et
2234 2471 2485 2542 Galliae

147 2566 518 2649 praefuisse
559 2567 918 2632 existimem
959 2569 1043 2634 ad
1083 2571 1353 2636 eandem
1387 2573 1701 2638 rationem
1730 2621 1747 2650 ,
1784 2596 1915 2660 qua
1952 2599 2119 2642 anno
2166 2581 2283 2644 115
2328 2603 2484 2649 con·

154 2675 326 2740 sules
375 2675 474 2738 M.
511 2671 872 2740 Caecilium
905 2675 1241 2742 Metellum
1287 2677 1656 2746 Sardiniam
1698 2683 1967 2760 rexisse,
2011 2685 2107 2748 M.
2132 2687 2483 2754 Aemilium

159 2783 478 2847 Scaurum
547 2805 696 2848 cum
754 2783 962 2850 Gallis
1018 2783 1252 2852 Carnis
1321 2811 1652 2874 pugnasse
1716 2813 1796 2854 ex
1854 2791 2039 2856 fastis
2099 2789 2483 2878 Capitolinis

167 2903 426 2954 constat.
483 2891 945 2976 Triumphavit
999 2905 1212 2958 autem
1271 2896 1376 2960 hic
1413 2898 1553 2983 ipse
1596 2895 1884 2962 Scaurus
1930 2899 2071 2963 eius
2112 2903 2295 2977 anni,
2352 2925 2482 2988 quo

159 3000 564 3065 consulatum
611 3002 837 3086 gessit,
884 3023 1104 3066 mense
1145 3002 1517 3080 Decembri,
1567 3027 1735 3088 quae
1778 3027 2013 3088 magna
2052 3005 2239 3072 nobis
2280 3011 2481 3097 signi-

151 3105 366 3173 ficatio
413 3109 558 3184 erit,
603 3130 730 3172 non
764 3131 924 3186 eam,
971 3130 1137 3194 quae
1179 3111 1438 3196 proprie
1464 3111 1841 3196 appelletur,
1885 3113 2285 3198 provinciam
2328 3131 2483 3186 tunc

154 3216 354 3282 fuisse
399 3216 686 3281 Galliam
703 3264 722 3292 ‚
781 3239 861 3281 ex
901 3239 1032 3302 qua
1073 3231 1220 3283 ante
1263 3219 1412 3284 anni
1451 3220 1553 3283 sui
1602 3220 1847 3284 exitum
1888 3242 2015 3285 non
2060 3222 2294 3288 licebat
2329 3248 2482 3310 pro-

165 3325 405 3389 consuli
447 3324 788 3400 decedere,
835 3325 948 3388 sed
995 3347 1142 3390 cum
1169 3327 1357 3390 Italia
1397 3326 1804 3391 coniunctam
1844 3328 2294 3414 Scaurumque
2332 3355 2481 3400 cum

157 3433 564 3498 comitiorum
632 3432 1078 3498 habendorum
1137 3455 1335 3497 causa
1399 3433 1706 3510 redisset,
1776 3435 1968 3500 simul
2032 3436 2481 3524 triumphasse.

149 3539 540 3626 Sequuntur
579 3562 746 3605 anno
795 3543 912 3605 114
959 3541 1076 3604 Μ’.
1109 3539 1360 3604 Acilius
1405 3540 1653 3605 Balbus
1695 3538 1772 3605 C.
1796 3541 2068 3608 Porcius
2121 3541 2285 3610 Cato
2328 3569 2481 3625 cos„

149 3672 230 3713 ex
269 3649 521 3734 quibus
569 3647 676 3712 hic
719 3648 1172 3714 Macedoniam
1225 3648 1391 3712 rexit
1430 3647 1621 3731 (vide
1667 3646 2094 3713 Commentat.
2149 3651 2482 3738 epigraph.

155 3757 300 3823 Vol.
351 3757 418 3822 11
479 3781 542 3843 p.
592 3759 786 3836 170),
852 3756 988 3830 ille,
1059 3765 1132 3818 ut
1187 3755 1452 3819 coniicio
1471 3802 1489 3831 ,
1558 3754 1731 3820 domi
1790 3777 2057 3821 manens
2114 3758 2364 3824 Italiam
2418 3773 2481 3826 et

151 3864 408 3931 Galliae
471 3865 787 3950 quicquid
851 3863 1286 3928 Romanorum
1360 3863 1555 3928 armis
1616 3862 1957 3928 subactum
2028 3877 2191 3941 erat,
2254 3869 2481 3932 tenuit.

149 3973 378 4058 Neque
425 3975 599 4038 enim
641 3983 812 4038 certe
851 3971 1088 4056 Pighio
1131 3970 1198 4036 in
1241 3971 1480 4036 Annal.
1515 3970 1661 4037 Vol.
1706 3970 1807 4034 III
1854 3994 1919 4056 p.
1958 3972 2075 4036 105
2120 3973 2481 4052 credemus,

153 4083 266 4167 qui
304 4083 432 4148 hoc
467 4083 612 4168 ipso
654 4102 824 4146 anno
855 4078 1133 4144 Galliam
1156 4078 1645 4144 Narbonensem
1683 4078 1750 4142 in
1794 4080 2167 4164 provinciae
2208 4082 2481 4148 formam

153 4193 488 4258 redactam
533 4213 678 4256 esse
723 4201 960 4266 censet,
1001 4189 1191 4254 cuius
1232 4187 1326 4252 rei
1369 4208 1519 4250 cum
1562 4187 1815 4250 nullum
1839 4208 2109 4271 prorsus
2136 4211 2482 4271 argumen-

157 4313 294 4366 tum
360 4302 590 4365 afferat
655 4321 730 4364 ac
781 4321 862 4363 ne
913 4298 1195 4384 speciem
1254 4295 1519 4380 quidem
1588 4294 1787 4360 ullam
1844 4295 2313 4380 probabilitatis
2380 4317 2483 4360 se-

1984 4403 2081 4472 2.
