2917 5017
808 348 893 399 De
924 349 1093 401 Gallia
1125 352 1472 405 Romanorum
1513 357 1792 420 provincia.
2371 358 2447 427 17

108 507 399 591 plificari
457 510 771 595 placeret,
840 513 910 576 id
978 514 1153 597 quod
1207 536 1335 579 non
1398 517 1711 603 placebat.
1813 521 2228 589 Accedebant
2281 524 2452 591 bella

110 613 404 695 Gallica,
451 641 617 703 (11166
654 619 851 685 unius
896 622 998 686 vel
1044 622 1235 685 etiam
1262 622 1540 689 duorum
1582 626 2042 713 imperatorum
2077 643 2452 718 perpetuam

112 745 351 789 curam
414 738 791 811 poscerent,
859 740 1191 814 praeterea
1254 752 1472 796 rerum
1535 733 1929 802 urbanarum
1990 739 2450 825 ingravescens

110 833 359 908 moles,
390 856 557 918 quae
599 835 899 901 consules
924 837 1151 902 abesse
1190 858 1317 902 non
1341 852 1688 925 pateretur.
1747 842 2050 930 Denique
2089 846 2450 915 iurisdictio

114 940 371 1046 urbana
385 989 405 1019 ,
463 964 631 1026 (11166
676 943 791 1008 diu
832 944 958 1009 iam
1000 944 1299 1011 binorum
1341 947 1711 1033 praetorum
1755 951 2150 1019 urbanorum
2194 964 2448 1041 tempus

118 1050 431 1134 explorat,
472 1049 787 1117 institutis
829 1053 1319 1138 quaestionibus
1356 1057 1686 1142 perpetuis
1717 1070 1894 1125 tanta
1931 1061 2060 1125 iam
2090 1063 2261 1127 facta
2291 1072 2448 1139 erat,

112 1168 187 1219 ut
236 1180 323 1223 ne
384 1168 691 1243 quattuor
742 1159 1009 1244 quidem
1039 1161 1155 1225 ‘illi
1172 1208 1189 1237 ‚
1252 1162 1363 1245 qui
1420 1163 1678 1251 proprie
1732 1167 2086 1251 provinciis
2147 1166 2450 1234 destinati

110 1276 317 1341 erant,
361 1278 695 1352 praetores
731 1290 853 1354 per
888 1269 1300 1355 magistratus
1344 1270 1449 1333 sui
1491 1291 1732 1336 annum
1773 1274 2001 1339 abesse
2043 1298 2236 1360 posse
2260 1275 2445 1341 vide-

115 1386 361 1439 rentur.
455 1376 645 1456 Quae
697 1398 847 1441 cum
888 1377 979 1441 ita
1020 1376 1149 1441 sint
1165 1423 1185 1453 ,
1238 1377 1490 1441 nullum
1535 1379 1834 1464 equidem
1877 1392 2132 1467 tempus
2175 1384 2448 1468 reperio,

108 1505 241 1565 quo
266 1484 675 1569 probabilius
702 1484 785 1549 sit
805 1484 981 1549 illam
1005 1506 1199 1568 quam
1227 1484 1363 1547 dixi
1390 1487 1694 1570 praetorii
1723 1490 2006 1555 muneris
2035 1491 2448 1558 mutationem

110 1602 493 1676 susceptam
538 1614 704 1670 esse,
748 1615 940 1676 quam
970 1591 1095 1657 hoc
1127 1588 1204 1656 C.
1233 1591 1539 1670 Gracchi,
1583 1618 1772 1680 quem
1798 1597 2174 1682 praesertim
2200 1610 2450 1665 constet

109 1699 195 1762 de
240 1700 599 1784 provinciis
652 1700 865 1785 legem
908 1700 1155 1765 tulisse.
1235 1700 1341 1765 De
1386 1724 1518 1785 qua
1561 1724 1728 1787 quae
1767 1703 2144 1782 traduntur,
2201 1707 2323 1771 etsi
2361 1708 2448 1773 ad

118 1808 519 1873 sortitionem
546 1818 795 1875 tantum
819 1808 1139 1894 pertinent
1156 1808 1325 1873 etad
1346 1809 1716 1875 consulares
1736 1812 2122 1896 provincias,
2145 1814 2448 1900 exiguam

115 1927 341 1981 tamen
381 1940 587 1983 rerum
610 1918 1049 1983 Romanarum
1076 1918 1411 1983 scientiam
1434 1918 1686 2004 prodat,
1729 1919 1784 1984 si
1815 1921 1952 1985 sola
1977 1944 2018 1985 a
2041 1917 2120 1985 C.
2147 1920 2446 1991 Graccho

110 2025 363 2091 sancita
404 2048 531 2092 nec
572 2026 921 2112 quicquam
947 2025 1126 2092 aliud
1168 2026 1314 2111 lege
1346 2023 1732 2112 Sempronia
1773 2028 1855 2091 de
1885 2030 2234 2113 provinciis
2267 2053 2446 2097 com·

106 2135 510 2221 prehensum
555 2158 699 2199 esse
755 2145 958 2221 putet.
1048 2132 1185 2199 Sed
1242 2133 1543 2220 pluribus
1598 2135 1758 2200 haec
1805 2138 2108 2222 persequi
2163 2160 2292 2203 non
2347 2150 2448 2205 est

110 2244 307 2309 huius
368 2242 535 2309 loci:
596 2244 807 2329 ipsam
857 2244 951 2308 rei
1005 2243 1395 2309 mentionem
1452 2265 1599 2307 cum
1646 2253 1777 2308 tam
1813 2245 2019 2309 multa
2058 2245 2140 2311 de
2179 2247 2446 2331 provin-

108 2352 357 2417 ciarum
400 2352 737 2417 sortitione
764 2350 1151 2427 diceremus,
1196 2350 1435 2415 inferre
1473 2372 1601 2415 non
1629 2350 1974 2418 videbatur
2014 2376 2158 2418 esse
2197 2354 2445 2423 inutile.

106 2460 283 2524 Illud
312 2483 533 2525 unum
565 2460 822 2537 adiicio,
868 2482 1017 2525 cum
1039 2456 1118 2524 C.
1140 2458 1337 2523 Marii
1357 2469 1682 2544 praetura,
1728 2460 1809 2526 de
1840 2482 1970 2546 qua
1992 2460 2061 2526 in
2087 2458 2444 2532 Comment.

108 2569 457 2655 epigraph.
500 2569 649 2635 Vol.
692 2569 759 2635 11
815 2591 881 2654 p.
931 2569 1049 2634 176
1094 2565 1411 2643 diximus,
1461 2568 1743 2654 primum
1793 2580 2040 2635 certum
2079 2572 2446 2656 exemplum

109 2679 441 2755 exhibeat,
498 2701 627 2763 quo
667 2690 1027 2764 praetorem
1068 2688 1293 2743 exacto
1332 2676 1712 2761 magistratu
1753 2676 1818 2741 in
1856 2677 2254 2762 provinciam
2295 2701 2446 2765 pro-

114 2789 357 2853 fectum
428 2809 575 2852 esse
638 2786 997 2860 discamus,
1063 2786 1345 2872 lapidem
1408 2784 1591 2849 illum
1647 2784 1988 2850 Pollanum
2037 2784 2116 2849 P.
2164 2784 2448 2870 Popillii,

121 2920 323 2981 quem
357 2896 551 2982 paulo
604 2918 803 2981 supra
838 2894 1179 2961 citavimus
1194 2940 1213 2971 ,
1268 2894 1570 2958 ultimum
1611 2893 1818 2959 videri
1875 2912 2019 2957 esse
2061 2894 2448 2979 exemplum,

110 3006 289 3091 quod
333 3017 703 3092 praetorem
746 3004 814 3067 in
858 3004 1003 3088 ipso
1044 3002 1460 3086 magistratus
1490 3023 1658 3067 anno
1689 3000 2060 3087 provinciae
2089 3000 2449 3085 praefuisse

108 3114 433 3181 ostendat.
516 3110 854 3178 Gloriatur
896 3111 1068 3176 enim
1108 3110 1216 3175 ille
1260 3132 1329 3175 se
1370 3120 1732 3196 praetorem
1775 3109 1840 3171 in
1865 3105 2092 3172 Sicilia
2133 3106 2448 3194 fugitivos

108 3225 499 3289 Italicorum
556 3220 961 3305 conquisisse
1014 3242 1091 3285 66
1144 3216 1514 3283 reddidisse
1571 3217 1860 3283 homines
1907 3211 2450 3281 DCCCCXVII.

125 3332 274 3395 Fuit.
308 3332 522 3418 igitur
560 3330 629 3393 in
663 3337 963 3415 praetura
1004 3327 1148 3407 ipsa
1178 3326 1438 3391 Siciliae
1481 3348 1763 3411 praeses.
1830 3323 1964 3389 Sed
1995 3321 2254 3407 quando
2283 3320 2450 3386 fuit?

120 3440 313 3505 Anno
376 3440 501 3505 132
565 3435 645 3502 C.
696 3436 1009 3501 Fulvium
1075 3456 1207 3500 cos.
1268 3456 1345 3498 eo
1406 3434 1678 3499 missum
1737 3454 1880 3497 esse
1945 3438 2196 3497 constat
2259 3429 2450 3515 (Liv.

116 3550 266 3636 epit.
342 3548 513 3613 LVI
535 3549 561 3629 )
576 3528 610 3623 ,⁶
664 3555 811 3610 ante
879 3566 1029 3609 611111
1095 3552 1400 3629 (1116111101
1459 3550 1788 3628 praetores
1849 3560 2080 3623 parum
2143 3558 2452 3623 prospere

117 3667 505 3744 pugnarant.
562 3676 711 3720 cum
774 3652 977 3718 servis
995 3699 1013 3728 ,
1075 3674 1237 3736 quos
1290 3650 1466 3715 Flor.
1522 3648 1622 3724 11,
1665 3648 1703 3713 7
1761 3645 2047 3709 nominat
2065 3691 2084 3720 ,
2145 3644 2454 3723 Manlius,

125 3767 481 3841 Lentulus,
538 3762 697 3829 Piso
718 3808 735 3838 ,
795 3760 877 3826 L.
923 3760 1275 3845 Hypsaeus
1326 3754 1558 3844 (Diod.
1607 3753 1867 3839 Fragm.
1909 3750 2295 3836 XXXIV),
2343 3752 2457 3837 qui

120 3873 559 3963 quadriennio
601 3880 746 3935 ante
793 3866 1084 3933 Siciliam
1126 3876 1480 3933 tenuerant.
1569 3862 1898 3947 Sequitur,
1940 3871 2014 3924 ut
2039 3858 2115 3923 P.
2137 3857 2456 3944 Popillius

125 4009 287 4051 anno
360 3983 485 4049 139
548 3980 655 4045 vel
718 3978 831 4043 140
890 3986 1141 4062 praetor
1203 3974 1490 4041 Siciliam
1556 3970 1824 4045 rexerit3
1893 3990 2045 4033 nam
2107 3966 2237 4032 iam
2301 3975 2458 4031 tuno

136 4090 445 4175 quaedam
518 4086 774 4154 servilis
844 4084 1181 4150 seditionis
1248 4083 1494 4149 semina
1543 4081 1610 4145 in
1659 4077 1872 4144 insula
1923 4076 2126 4142 fuisse
2184 4073 2460 4141 Diodori

144 4199 188 4263 l.
242 4222 295 4263 o.
352 4197 639 4264 narratio
701 4192 1038 4279 significat.
1138 4194 1316 4259 Inter
1377 4190 1553 4256 hunc
1609 4187 1810 4273 igitur
1868 4184 1946 4250 P.
1995 4182 2346 4271 Popillium
2395 4191 2462 4247 et

137 4307 209 4374 C.
248 4309 544 4375 Marium
587 4302 805 4369 media
841 4324 1039 4387 prope
1096 4312 1194 4367 est
1250 4301 1356 4367 lex
1398 4295 1810 4384 Sempronia,
1879 4315 2009 4379 qua
2067 4287 2461 4378 prorogandi

134 4429 510 4506 praetorum
542 4409 805 4499 imperii
848 4408 1377 4477 consuetudinem
1418 4406 1776 4473 institutam
1807 4424 1950 4469 esse
1970 4410 2295 4486 putamus,
2331 4416 2465 4462 non

2029 4508 2065 4575 2
