2917 5017
837 330 920 379 De
959 331 1220 381 dictatoris
1259 328 1495 380 Caesaris
1532 328 1831 378 honoribus.
2368 324 2484 391 231

169 494 398 579 quinta
448 496 606 561 haec
657 495 974 559 dictatura
1023 510 1171 557 cum
1225 492 1541 556 fastorum
1592 490 2115 575 reliquorumque
2158 502 2495 559 auctorum

169 603 560 679 testimonio,
602 600 932 689 probabile
979 600 1081 676 sit,
1128 600 1310 684 prius
1352 599 1516 664 illud
1557 601 1623 662 τὸ
1666 599 1937 681 πέμπτον
1982 624 2183 687 prava
2216 601 2495 686 quadam

167 709 583 775 librariorum
642 710 1014 795 repetitione
1069 708 1357 772 extitisse
1401 730 1519 772 nec
1561 707 1905 792 quicquam
1952 710 2303 794 profectum
2348 730 2495 774 esse

167 818 254 882 ab
295 818 511 883 Dione
547 818 674 883 nisi
709 818 898 881 haec:
963 816 1440 901 ἐδικτατώρευσέ
1482 838 1547 878 τε
1588 816 1718 898 ἅμα
1754 815 2057 901 ἵππαρχον
2100 819 2200 879 τὸν
2231 817 2492 880 Λέπιδον

163 927 534 1009 προςλαβὼν
583 928 682 989 καὶ
727 928 1026 988 ὑπάτευσε
1069 925 1136 985 τὸ
1181 923 1454 1005 πέμπτον
1498 934 1617 987 cet.
1688 922 2099 1008 Quamquam
2130 935 2495 1010 corruptam

161 1035 345 1098 illam
380 1034 720 1098 lectionem
759 1042 1020 1097 secutus
1059 1042 1158 1096 est
1197 1032 1387 1095 etiam
1425 1033 1537 1115 qui
1574 1032 1847 1117 singulis
1872 1032 2107 1097 Dionis
2139 1033 2321 1099 libris
2346 1032 2495 1099 bre-

161 1164 321 1207 vem
357 1142 534 1205 illam
577 1141 879 1225 temporis
917 1138 1305 1203 notationem
1351 1140 1711 1225 seriemque
1736 1140 2078 1204 consulum
2108 1141 2492 1227 anteposuit,

159 1250 282 1334 qui
346 1273 493 1314 cum
545 1270 626 1312 ex
679 1248 984 1322 triennio,
1048 1247 1220 1331 quod
1267 1246 1433 1312 libro
1478 1248 1717 1313 XLIII
1762 1248 2152 1325 continetur,
2214 1248 2495 1334 primum

159 1380 412 1421 annum
471 1353 748 1421 Caesare
807 1355 1116 1421 dictatore
1165 1356 1268 1421 III
1324 1378 1454 1421 cos.
1510 1356 1645 1431 ΠΙ,
1706 1356 1977 1421 alterum
2036 1355 2347 1422 dictatore
2394 1358 2492 1423 IV

161 1488 303 1530 cos.
329 1464 449 1541 IV,
493 1464 699 1528 notari
741 1463 1033 1538 vidisset,
1073 1463 1262 1527 facile
1304 1463 1372 1526 in
1416 1485 1556 1526 eam
1602 1443 1991 1527 sententiam·
2016 1463 2342 1529 deductus
2374 1477 2491 1541 est,

161 1586 240 1638 ut
300 1574 493 1639 etiam
549 1573 808 1637 tertium
851 1594 1124 1646 annum,
1187 1591 1316 1654 quo
1353 1593 1585 1635 rursus
1632 1570 2009 1636 dictatorem
2054 1581 2117 1636 et
2163 1572 2493 1637 consulem

159 1681 509 1756 inveniret,
553 1678 779 1744 eodem
825 1679 1174 1743 dictaturae
1219 1700 1508 1756 numer0‚
1560 1701 1749 1763 quem
1794 1680 2165 1744 consulatus
2210 1678 2493 1756 haberet,

165 1788 526 1853 notandum
587 1810 728 1851 esse
789 1786 1212 1851 existimaret:
1282 1808 1410 1869 quo
1472 1808 1687 1851 errore
1745 1787 1935 1851 etiam
1997 1788 2206 1873 ipsius
2260 1788 2493 1853 Dionis

164 1896 450 1960 editores
509 1894 766 1959 videtur
819 1894 1174 1979 decepisse.
1275 1894 1411 1958 Sed
1466 1907 1639 1959 certe
1678 1895 1837 1959 haec
1872 1917 2185 1959 annorum
2226 1917 2494 1981 compu-

163 2003 322 2068 tatio
369 2027 452 2068 ex
497 2005 636 2067 eius
655 2050 672 2078 ,
715 2003 828 2087 qui
867 2003 1158 2086 scripsit,
1205 2003 1469 2087 ingenio
1517 2003 1829 2078 manavit,
1880 2002 2011 2067 Dio
2053 2003 2314 2087 quidem
2353 2004 2495 2088 ipse

163 2134 495 2196 nusquam
553 2132 634 2175 ne
691 2120 981 2195 quartam
1039 2110 1304 2193 quidem
1369 2111 1750 2177 dictaturam
1814 2112 2092 2196 appellat
2152 2134 2361 2195 neque
2428 2112 2495 2175 in

163 2220 658 2304 magistratibus
698 2218 846 2282 anni
879 2218 958 2281 45
997 2218 1404 2283 nominandis
1433 2218 1609 2303 (libr.
1634 2219 1895 2294 XLIII,
1922 2219 2034 2302 46)
2061 2219 2219 2285 alios
2245 2230 2499 2305 praeter

41 2315 43 2394 {
163 2328 473 2391 consules
513 2326 724 2391 habet.
785 2327 1046 2413 Pugnat
1088 2336 1302 2391 autem
1348 2327 1507 2392 haec
1538 2327 1762 2412 quinta
1784 2349 1947 2411 quae
1976 2338 2236 2412 putatur
2258 2329 2495 2394 Dionis

165 2435 495 2500 dictatura
533 2457 679 2499 cum
717 2435 900 2499 fastis
945 2434 1336 2519 reliquisque
1381 2435 1753 2500 auctoribus
1800 2446 1991 2520 atque
2032 2436 2174 2521 ipsa
2214 2436 2310 2499 rei
2349 2458 2495 2522 pro-

40 2618 45 2627 ·
163 2542 504 2608 habilitate
549 2564 676 2608 non
718 2555 966 2607 tantum
1007 2543 1077 2606 in
1119 2564 1392 2607 numero
1437 2542 1811 2619 dictaturae,
1858 2544 1973 2609 sed
2019 2544 2209 2608 etiam
2248 2544 2311 2606 in
2360 2566 2495 2608 ma-

39 2713 47 2749 ἰ
163 2652 378 2737 gistro
423 2650 730 2734 equitum.
819 2650 984 2716 Nam
1021 2674 1167 2713 cum
1211 2650 1314 2715 hic
1353 2672 1613 2735 quoque
1653 2650 1748 2715 M.
1775 2651 2069 2736 Lepidus
2102 2672 2273 2736 mag.
2313 2650 2497 2736 equi-

163 2770 307 2823 tum
350 2758 744 2835 ascribatur,
791 2759 950 2843 quid
993 2771 1122 2823 tam
1166 2758 1304 2822 veri
1349 2758 1692 2833 dissimile,
1742 2781 1932 2842 quam
1979 2758 2257 2822 eundem
2301 2759 2491 2824 tertio

39 2930 43 2936 .
163 2867 527 2932 refectum?
610 2866 790 2930 Fasti
837 2888 992 2931 vero
1037 2876 1254 2952 aperte
1295 2864 1371 2931 C.
1400 2864 1750 2930 Octavium
1792 2865 1942 2929 anni
1986 2866 2065 2931 45
2112 2866 2493 2951 magistrum

165 2978 462 3061 equitum
527 2974 832 3039 exhibent
870 2974 1326 3060 Lepidumque
1379 2974 1540 3037 dum
1592 2973 1659 3035 in
1718 2973 2112 3059 provinciam
2166 2973 2372 3039 abiret
2414 2996 2496 3038 ex

167 3085 498 3171 superiore
543 3082 864 3147 dictatura
903 3094 1224 3147 retentum
1269 3103 1414 3146 esse
1457 3080 1826 3145 ostendunt.
1901 3081 2079 3145 Perit
2116 3082 2321 3167 igitur
2363 3092 2498 3148 tota

165 3194 399 3279 quinta
423 3190 723 3257 Caesaris
755 3190 1074 3256 dictatura
1099 3212 1218 3256 nec
1245 3189 1629 3273 relinquitur
1658 3188 1783 3252 nisi
1805 3200 2049 3271 quarta,
2082 3211 2247 3273 quae
2272 3191 2497 3256 eadem

165 3303 296 3366 fuit
355 3301 615 3375 ultima,
671 3322 836 3385 quae
888 3299 1186 3383 quoniam
1243 3298 1628 3363 dictaturam
1685 3306 2057 3382 perpetuam
2117 3297 2392 3364 delatam
2436 3300 2497 3364 ei

165 3432 316 3477 esse
357 3418 606 3473 constat
646 3412 846 3496 (App.
869 3406 1017 3471 bell.
1043 3407 1164 3472 civ.
1189 3406 1275 3482 II,
1311 3407 1460 3481 1073
1502 3404 1633 3469 Dio
1655 3403 1911 3480 XLIV,
1937 3406 1976 3471 8
2002 3414 2067 3469 et
2090 3405 2349 3483 XLVI,
2386 3408 2497 3483 173

164 3521 348 3584 Plut.
395 3514 585 3582 Caes.
630 3516 745 3592 573
793 3512 932 3579 Cic.
967 3515 1134 3579 Phil.
1160 3516 1248 3591 H,
1286 3516 1364 3580 34
1404 3516 1577 3597 cet.),
1622 3512 1987 3577 necessario
2028 3512 2120 3591 fit,
2162 3526 2236 3579 ut
2272 3515 2498 3581 eadem

165 3628 382 3692 fuisse
441 3623 842 3689 existimetur
894 3634 1224 3709 perpetua.
1307 3620 1402 3688 At
1455 3631 1679 3687 contra
1733 3620 1899 3683 hauc
1953 3642 2091 3684 rem
2134 3622 2266 3687 duo
2311 3646 2497 3708 prae-

169 3736 366 3820 cipue
423 3741 802 3817 argumenta
863 3743 926 3795 et
984 3741 1258 3815 possunt
1319 3728 1536 3795 afferri
1598 3740 1661 3791 et
1720 3728 2094 3793 afferuntur.
2205 3729 2497 3795 Primum

171 3843 350 3908 enim
392 3841 640 3906 nummi
687 3850 836 3905 sunt
877 3840 1021 3914 alii,
1065 3839 1132 3902 in
1175 3837 1412 3923 quibus
1442 3835 1688 3903 Caesar
1728 3835 1969 3899 dicitur
2003 3834 2188 3901 DIC·
2220 3836 2495 3918 QVAR-

171 3961 236 4015 et
281 3946 484 4014 COS-
519 3946 824 4030 QVINC·
869 3946 1170 4032 (Eckhel.
1214 3946 1416 4011 doctr.
1459 3966 1703 4009 numm.
1735 3942 1834 4008 VI
1875 3966 1938 4027 p.
1968 3944 2041 4019 83
2094 3941 2338 4009 Caved.
2376 3945 2419 4010 l.
2450 3946 2493 4009 l.

171 4082 236 4145 p.
269 4056 442 4139 153),
479 4054 610 4133 alii,
649 4056 716 4120 in
758 4056 996 4141 quibus
1040 4051 1223 4119 DIC·
1255 4048 1767 4128 PERPETVO,
1812 4051 1987 4115 unde
2026 4073 2173 4120 cum
2212 4052 2279 4117 in
2318 4052 2497 4117 nullo

173 4187 442 4231 nummo
481 4174 710 4250 quarta
753 4162 1070 4228 dictatura
1105 4172 1168 4226 et
1195 4171 1504 4247 perpetua
1548 4158 1923 4225 coniunctae
1969 4158 2289 4245 legantur,
2331 4160 2498 4225 hanc

175 4275 256 4340 ab
299 4274 416 4339 illa
459 4272 782 4337 diversam
839 4271 1089 4355 alioque
1143 4282 1426 4357 tempore
1485 4280 1735 4357 gestam
1778 4288 1921 4333 esse
1974 4267 2305 4353 colligunt.
2393 4264 2498 4332 Ac

179 4380 486 4470 colligant
533 4402 724 4468 posse
763 4400 905 4445 esse
945 4378 1288 4455 diversam,
1335 4400 1602 4445 necesse
1634 4399 1776 4444 esse
1804 4398 1931 4441 non
1964 4384 2135 4440 recte
2162 4372 2496 4460 colligunt.
