2917 5017
739 361 822 410 De
858 336 1056 423 legibus
1091 360 1483 424 municipalibus
1518 359 1831 423 Hispanias.
2328 356 2451 422 299

120 523 461 606 BorgheS.
523 527 586 588 in
640 523 874 588 Annal.
941 524 1094 586 Inst.
1158 522 1329 586 arch.
1395 521 1553 586 1849
1610 544 1672 605 p.
1715 522 1793 584 45
1850 522 2233 608 disputavit,
2292 547 2452 606 quae

116 657 280 696 anno
328 635 413 697 ‘27
475 657 532 717 p.
582 630 736 694 Chr.
781 630 863 695 ab
905 629 984 692 L.
1012 629 1202 692 Iunio
1250 627 1470 693 Silano
1519 639 1581 692 et
1626 627 1703 692 C.
1740 629 1997 694 Vellaeo
2040 630 2281 692 Tutore
2322 653 2451 694 cos.

115 751 344 823 rogata
408 753 530 804 est.
627 740 776 823 Ipse
835 738 1022 800 etiam
1083 737 1350 800 Tacitus
1408 737 1581 800 Ann.
1628 738 1745 813 IV,
1800 741 1872 802 16
1927 747 2141 802 narrat
2193 752 2451 800 auctore

113 848 386 912 Tiberio
457 849 536 912 de
585 845 904 910 flaminica
959 845 1134 908 Diali
1195 846 1404 929 legem
1449 846 1569 909 rite
1622 869 1767 910 esse
1809 846 2021 910 latam.
2104 844 2449 925 Quodcum

109 955 228 1018 hoc
275 967 582 1040 tempore
613 956 676 1018 in
721 953 896 1017 exitu
944 975 1140 1036 prope
1183 953 1582 1037 imperatoris
1612 953 1857 1018 Tiberii
1892 956 2073 1038 leges
2103 954 2266 1016 latae
2304 953 2449 1027 sint,

110 1063 256 1144 quis
307 1064 667 1146 quiequam
717 1073 828 1125 aut
880 1060 1126 1144 paucis,
1186 1061 1296 1143 qui
1338 1060 1603 1125 Tiberio
1648 1073 2043 1147 supererant,
2086 1062 2269 1125 annis
2310 1085 2450 1122 mu-

69 1181 316 1234 ·tatum
371 1183 490 1234 aut
546 1196 583 1232 a
637 1169 938 1253 Caligula
985 1167 1201 1252 populi
1259 1178 1639 1252 potestatem
1684 1170 2085 1234 imminutam
2144 1193 2285 1234 esse
2329 1192 2450 1253 pu-

111 1279 318 1341 tabit?
385 1280 626 1364 quippe
673 1303 711 1341 a
755 1299 880 1360 quo
925 1287 1175 1340 constet
1232 1276 1420 1339 ctiam
1472 1277 1877 1342 comitiorum
1924 1289 2203 1342 veterem
2256 1278 2449 1340 ratio-

109 1411 280 1460 n‹·m‚
347 1401 428 1448 ut
483 1385 898 1469 magistratus
953 1383 1032 1448 ab
1077 1384 1314 1468 populo
1359 1385 1860 1462 nominarentur,
1908 1409 2049 1450 esse
2092 1385 2447 1450 restitutam

111 1495 336 1575 (Suet.
396 1493 536 1558 Cal.
588 1495 710 1575 16).
797 1494 1022 1576 Itaque
1077 1490 1234 1553 nihil
1289 1493 1438 1556 novi
1492 1494 1735 1556 invenit
1796 1505 1925 1570 aut,
1990 1495 2162 1577 quod
2208 1492 2287 1556 ab
2334 1494 2447 1556 de·

112 1602 498 1665 cessoribus
557 1601 865 1664 abolitum
926 1611 1079 1676 erat,
1128 1622 1206 1662 ex
1269 1601 1643 1683 antiquitate
1687 1602 1849 1664 male
1906 1603 2205 1688 repetivit
2252 1601 2447 1665 Clau-

111 1708 286 1785 dius,
334 1733 469 1792 quo
512 1711 862 1794 imperante
905 1708 1258 1792 compluria
1305 1708 1386 1770 de
1432 1708 1571 1770 iure
1602 1709 1775 1772 civili
1812 1710 2071 1794 legibus
2104 1712 2447 1776 constituta

114 1831 288 1880 sunt.
380 1819 544 1882 Nam
603 1819 812 1902 legem
873 1816 1208 1882 Claudiam
1271 1815 1603 1879 nominant
1665 1815 1873 1882 Gaius
1914 1819 1969 1894 Ι,
2026 1821 2134 1884 157
2184 1833 2243 1882 et
2298 1821 2445 1894 1713

120 1926 272 2009 [lp.
329 1926 464 2002 XI,
512 1927 578 2000 ὃς
645 1925 800 1990 Tac.
849 1926 1021 1990 Anu.
1059 1925 1188 1998 XI,
1241 1924 1337 1998 13,
1396 1945 1472 1986 ac
1516 1946 1708 2008 saepe
1754 1936 2044 1990 veterum
2088 1928 2307 2010 legum
2352 1929 2445 1990 fe-

113 2035 474 2097 rendarum
534 2033 842 2098 rationem
914 2044 1290 2116 usurpatam
1351 2054 1495 2096 esse
1551 2032 1737 2096 docet
1801 2033 1957 2098 Tac.
1998 2034 2128 2110 XI,
2179 2036 2274 2110 14,
2334 2035 2445 2118 qui

117 2166 214 2202 aes
253 2143 658 2221 publicandis
699 2142 1028 2220 plebiscitis
1068 2163 1182 2220 per
1208 2145 1376 2219 sora
1420 2163 1495 2202 ac
1546 2145 1771 2222 templa
1803 2145 2013 2220 fixum
2064 2166 2444 2208 commemo·

119 2262 232 2311 rat.
324 2249 554 2332 Neque
619 2249 742 2314 sub
805 2249 1060 2312 Nerone
1118 2265 1225 2311 aut
1285 2247 1717 2312 intermissam
1774 2263 1885 2314 aut
1940 2263 2247 2316 mutatam
2302 2274 2445 2316 esse

118 2358 570 2421 existimamus
614 2369 894 2422 veterem
937 2357 1156 2441 legum
1206 2356 1777 2448 consuetudinem3
1830 2358 1990 2422 nihil
2033 2361 2201 2423 enim
2244 2360 2311 2422 in
2350 2383 2443 2434 ea,

113 2488 308 2548 quam
359 2478 714 2551 acceperat,
759 2466 1090 2551 republica
1130 2486 1406 2528 novasse
1454 2464 1707 2530 dicitur.
1792 2463 2011 2549 Atque
2050 2474 2117 2530 in
2160 2467 2301 2532 aliis
2346 2490 2443 2531 re-

117 2571 238 2636 bus
297 2576 618 2638 mansisse
663 2574 886 2658 legum
931 2585 1222 2637 veterum
1267 2573 1579 2637 rationem
1634 2575 1911 2652 scimus3
1965 2600 2113 2640 nam
2157 2585 2229 2638 ut
2272 2574 2444 2659 Nero

115 2680 252 2764 ipse
299 2683 452 2766 lege
492 2694 718 2766 rogata
757 2705 797 2746 a
821 2679 1098 2746 Claudio
1145 2681 1487 2765 adoptatus
1530 2693 1663 2746 erat
1707 2681 1891 2768 (Tac.
1920 2683 2096 2746 Ann.
2120 2683 2283 2758 XII,
2311 2683 2442 2764 26),

117 2787 270 2854 item
325 2789 556 2866 Galba,
601 2813 748 2854 cum
787 2789 1093 2854 Pisonem
1136 2787 1545 2856 Licinianum
1591 2793 1943 2877 adoptaret,
1995 2798 2184 2874 legem
2234 2798 2441 2856 curia—

119 2907 244 2959 tam
289 2909 744 2962 commemorat
787 2897 969 2976 (Tac.
1015 2898 1190 2962 Hist.
1233 2899 1285 2974 Ι,
1329 2899 1426 2980 15)
1466 2921 1541 2964 ac
1584 2901 1730 2984 lege
1774 2923 1841 2964 se
1886 2902 2255 2986 adoptatum
2300 2924 2442 2966 esse

118 3005 382 3072 videtur
423 3007 564 3091 ipse
607 3007 764 3070 Piso
810 3006 1186 3084 significare,
1233 3007 1342 3088 qui
1389 3008 1456 3070 in
1512 3008 1805 3072 contione
1842 3008 2017 3094 apud
2050 3009 2281 3074 milites
2314 3033 2441 3074 non

119 3126 416 3180 senatum
475 3114 690 3190 mod0,
749 3137 972 3179 verum
1017 3115 1206 3178 etiam
1253 3115 1567 3200 populum
1622 3116 1897 3200 appellet
1950 3117 2135 3200 (Tac.
2174 3117 2347 3182 Hist.
2386 3119 2440 3195 Ι,

117 3221 245 3304 30).
327 3223 682 3307 Imperium
725 3234 938 3286 autem
981 3223 1196 3307 ipsum
1241 3223 1647 3308 Vespasiano
1685 3225 1967 3288 delatum
2011 3247 2154 3290 esse
2194 3237 2441 3290 constat

115 3328 281 3414 lege,
329 3352 459 3394 non
501 3343 760 3396 senatus
809 3342 1054 3396 tantum
1100 3332 1428 3408 consult03
1471 3356 1619 3398 nam
1659 3335 1778 3398 etsi
1819 3334 2085 3399 Tacitus
2123 3334 2295 3398 Hist.
2324 3335 2377 3411 I,
2404 3335 2439 3400 3

115 3451 364 3502 tantum
399 3439 493 3504 sie
535 3440 652 3506 ait:
696 3451 766 3502 at
803 3445 1034 3503 Itomae
1065 3451 1313 3502 senatus
1339 3453 1565 3504 cuncta.
1587 3444 1977 3523 principibus
2009 3447 2187 3504 solita
2229 3447 2439 3523 Vespa-

114 3550 292 3608 siano
335 3549 626 3621 decernit,
665 3570 873 3631 neque
913 3549 1256 3631 quicquam
1299 3549 1380 3612 de
1424 3550 1648 3634 populi
1691 3549 2169 3614 confirmatione
2196 3550 2437 3626 adiicit,

119 3676 268 3718 vere
331 3668 544 3718 tamen
607 3656 818 3740 legem
879 3668 1170 3741 rogatam
1237 3679 1378 3722 esse
1441 3657 1791 3722 ostendunt
1856 3657 1994 3720 eius
2058 3659 2435 3742 fragmenta,

116 3784 280 3846 quae
338 3775 707 3848 supersunt.
790 3763 1015 3847 Neque
1063 3765 1273 3841 vide0‚
1317 3765 1641 3850 quomodo
1680 3766 1839 3830 haec
1884 3766 1966 3830 de
2018 3765 2285 3850 imperio
2328 3763 2436 3828 lex

115 3871 188 3934 ab
239 3871 496 3946 ceteris,
543 3893 708 3954 quae
754 3871 834 3936 de
889 3873 1030 3937 iure
1077 3873 1248 3938 civili
1289 3875 1607 3950 feruntur,
1653 3885 1977 3960 tantopere
2032 3873 2306 3948 differat,
2363 3882 2437 3937 ut

116 3977 216 4044 illa
281 3980 562 4064 potuerit
627 3980 887 4063 antiquo
950 4003 1124 4046 more
1179 3981 1426 4067 rogari,
1491 3981 1611 4046 hae
1670 4005 1797 4046 non
1857 3982 2195 4068 potuerint.
2276 3979 2438 4044 Erat

118 4107 284 4163 sane,
349 4099 690 4172 antequam
737 4112 814 4153 ea
872 4100 1228 4174 rogaretur,
1274 4090 1493 4154 nullus
1542 4089 1887 4174 imperator
1928 4090 2289 4173 militesque
2336 4111 2431 4164 ec,

117 4197 298 4260 cuius
363 4207 758 4260 sacramento
823 4207 1212 4274 tenerentur,
1275 4197 1595 4274 carebant,
1660 4199 1773 4262 sed
1835 4210 2015 4263 erant
2074 4197 2243 4262 soliti
2303 4197 2431 4260 rei-

118 4303 407 4386 publicae
447 4303 864 4388 magistratus
921 4307 1236 4382 consules‚
1301 4316 1434 4370 erat
1486 4319 1767 4382 senatus,
1813 4317 1947 4370 erat
1992 4305 2268 4389 denique
2312 4326 2431 4387 po-

115 4413 301 4495 pulus
357 4413 714 4488 Romanus,
769 4414 944 4498 apud
1005 4437 1194 4498 quem
1243 4435 1495 4478 summa
1556 4413 1839 4478 omnium
1886 4436 2101 4478 rerum
2145 4422 2429 4497 potestas
