2917 5017
420 322 543 389 376
1039 326 1124 375 De
1159 324 1527 389 propagatione
1564 324 1783 373 civitatis
1812 322 2094 373 Romanae.

417 488 758 575 imperium
807 487 878 551 in
923 486 1053 552 fide
1107 507 1182 550 ac
1228 483 1589 550 reverentia
1629 482 1905 547 nominis
1950 483 2223 549 Romani
2264 482 2735 558 continebatur,

417 598 594 661 illinc
646 596 890 671 omnia,
953 616 1120 680 quae
1178 592 1262 657 ad
1321 592 1777 677 imperatorum
1835 592 2081 657 cultum
2142 593 2471 669 divlnum,
2534 590 2731 675 qualis

417 716 642 792 postea
679 705 748 769 in
791 702 1090 768 omnibus
1135 700 1487 788 provinciis
1528 701 1771 777 extitit,
1829 700 2113 786 profecta
2156 723 2257 765 su1
2281 712 2324 763 t.
2408 698 2585 764 Orta
2622 699 2734 763 ibi-

419 813 568 878 dem
611 823 710 877 est
749 810 1195 896 metropolium
1233 809 1416 885 rati0,
1468 831 1631 893 quae
1669 820 1803 874 tota
1846 832 1995 874 cum
2036 809 2499 894 imperatorum
2548 808 2733 871 sacris

419 920 678 986 videtur
729 942 872 985 esse
917 919 1276 985 coniuncta.
1377 917 1524 982 Non
1566 917 1957 982 immorabor
1997 918 2063 981 in
2104 929 2321 982 vetere
2366 916 2734 1002 metropolis

422 1028 922 1115 significatione,
979 1050 1144 1112 quae
1195 1025 1349 1091 satis
1399 1036 1551 1091 nota
1590 1037 1708 1101 est,
1752 1048 1883 1110 qua
1926 1025 2115 1089 etiam
2154 1026 2486 1110 Iosephus
2528 1026 2733 1109 Antiq.

418 1137 582 1212 XII,
629 1137 686 1213 3,
737 1139 764 1200 1
833 1135 1246 1200 Antiochiam
1302 1131 1561 1198 Seleuci
1609 1133 1926 1199 Nicatoris
1978 1143 2183 1197 aetate
2232 1130 2469 1218 Syriae
2519 1144 2735 1199 metro-
2848 1152 2850 1191 ὲ

419 1244 615 1329 polim
656 1242 1031 1330 appellavit:
1098 1266 1227 1328 quo
1269 1252 1557 1327 tempore
1602 1242 1777 1327 quod
1822 1264 2057 1306 nomen
2099 1242 2363 1307 honoris
2410 1264 2493 1307 ac
2542 1242 2737 1326 digni·
2848 1240 2850 1317 ζ

419 1353 568 1417 tatis
607 1348 956 1416 Antiochia
995 1375 1034 1415 a
1075 1350 1340 1437 regibus
1388 1351 1525 1415 suis
1572 1360 1937 1435 acceperat,
2000 1360 2317 1415 retentum
2360 1373 2517 1415 esse
2562 1350 2737 1415 etiam
2848 1354 2850 1377 ³

421 1460 544 1526 sub
621 1460 886 1547 imperio
953 1460 1240 1525 Romano
1311 1460 1559 1524 nummi
1628 1459 1696 1523 in
1764 1458 2056 1525 libertate
2126 1460 2377 1546 imperii
2456 1459 2741 1545 percussi
2848 1464 2850 1493 ³

420 1570 721 1655 (Eckhel.
763 1570 852 1634 D.
893 1569 974 1633 N.
1011 1570 1136 1644 ΠΙ,
1181 1570 1338 1652 271)
1389 1567 1759 1633 ostendunt.
1844 1568 2073 1654 Neque
2118 1569 2321 1655 magis
2364 1569 2511 1634 huc
2557 1568 2741 1655 perti-

419 1689 548 1755 net,
591 1679 765 1764 quod
809 1678 952 1765 ipsa
985 1678 1220 1754 Roma,
1261 1688 1587 1763 tamquam
1629 1687 1819 1762 caput
1866 1698 1943 1741 ao
1982 1686 2185 1742 mater
2227 1677 2430 1743 totius
2479 1678 2745 1763 imperii,

417 1810 880 1871 nonnunquam
919 1786 1042 1852 sub
1086 1786 1579 1871 imperatoribus
1624 1785 1995 1871 metropolis
2039 1786 2357 1871 appellata
2404 1796 2533 1863 est,
2580 1786 2745 1851 velut

417 1896 484 1959 in
525 1896 806 1960 nummis
841 1894 1431 1961 Nicomedensium.
1536 1892 1671 1959 Sed
1730 1917 1913 1959 suam
1966 1904 2157 1978 atque
2210 1893 2365 1959 inde
2422 1894 2741 1959 diversam

421 2004 952 2090 significationem
994 2003 1274 2069 habebat
1313 2003 1473 2069 haec
1510 2002 1879 2088 metropolis
1914 2002 2097 2079 ratio,
2142 2025 2335 2087 quam
2365 2013 2583 2067 totam
2610 2024 2743 2067 cum

417 2112 872 2196 imperatorum
917 2112 1098 2177 cultu
1141 2110 1364 2175 divino
1405 2110 1811 2175 coniunctam
1854 2111 2059 2175 fuisse
2102 2110 2293 2177 docet
2341 2111 2575 2197 ipsum
2628 2110 2741 2175 ori-

419 2220 590 2305 ginis
647 2230 922 2306 tempus.
1018 2219 1184 2284 Nam
1229 2240 1378 2283 cum
1418 2219 1655 2304 templa
1698 2219 1853 2283 divo
1895 2219 2065 2284 Iulio
2108 2219 2387 2303 primum
2444 2222 2741 2305 Augusto

417 2328 766 2414 imperante
807 2327 1068 2394 condita
1111 2350 1255 2394 esse
1299 2338 1545 2393 certum
1588 2328 1705 2404 sit,
1758 2351 1888 2413 qua
1927 2327 2009 2391 de
2059 2349 2127 2391 re
2169 2328 2340 2392 infra
2382 2350 2603 2412 pauca
2652 2328 2741 2391 di·-

421 2458 672 2512 cemus,
718 2437 946 2501 eodem
988 2446 1270 2521 tempore
1315 2435 1561 2501 Tarsus
1604 2436 1673 2499 in
1718 2436 1999 2500 nummis
2044 2447 2313 2501 vocatur
2354 2436 2745 2522 metropolis,

420 2544 544 2609 sub
583 2544 840 2609 Nerone
883 2544 1147 2629 Ancyra
1187 2542 1481 2609 Galatiae
1518 2544 1985 2630 vulgatumque
2022 2544 2091 2608 id
2135 2566 2365 2608 nomen
2413 2543 2545 2608 sub
2589 2543 2744 2609 Tra·
2845 2483 2851 2584 1

416 2652 564 2717 iano
621 2663 684 2717 et
737 2651 1093 2716 Hadriano.
1191 2651 1420 2737 Neque
1480 2652 1651 2716 enim
1716 2663 1887 2717 certe
1946 2675 2193 2717 merum
2252 2652 2569 2717 honorem
2616 2677 2743 2718 me-

417 2759 684 2845 tropolis
728 2760 979 2824 nomine
1027 2760 1336 2823 contineri
1377 2758 1911 2825 existimabimus.
1996 2760 2307 2826 Solebant
2351 2761 2422 2825 id
2468 2762 2741 2847 impera·

417 2879 588 2932 tores
633 2867 906 2933 Romani
964 2877 1026 2931 et
1081 2866 1360 2932 tribuere
1417 2878 1479 2933 et
1532 2868 1877 2952 aliquando
1928 2869 2207 2933 adimere
2262 2869 2445 2949 (vide
2502 2868 2737 2955 Spanh.

418 2987 481 3041 et
522 2976 793 3042 Eckhel.
839 2977 882 3041 l.
922 2976 1017 3059 1.),
1063 2976 1242 3042 velut
1277 2976 1527 3062 Tyrum
1569 2976 1651 3042 ab
1692 2977 2029 3043 Hadriano
2057 2978 2329 3061 ‘titulum
2368 2981 2738 3065 metropolis
2848 3016 2850 3043 ε

417 3085 744 3171 accepisse
769 3085 964 3149 refert
992 3082 1232 3149 Suidas
1261 3110 1312 3151 s.
1336 3110 1396 3150 v.
1420 3086 1669 3154 Παΰλας
1695 3084 1935 3170 Τύριος,
1982 3096 2045 3150 et
2072 3084 2427 3172 Septimius
2456 3086 2734 3156 Severus

416 3192 932 3259 Laodicensibus
969 3193 1074 3257 ius
1119 3194 1489 3279 metropolis
1531 3194 1850 3259 concessit
1894 3194 2143 3276 (Malal.
2180 3194 2324 3260 XII
2364 3220 2430 3282 p.
2472 3198 2599 3265 294
2643 3198 2734 3262 ed.

417 3302 625 3365 Bonn.
643 3325 662 3377 ;
711 3298 950 3365 Suidas
995 3324 1046 3365 s.
1091 3324 1152 3365 v.
1194 3298 1378 3378 Sev.;
1425 3301 1671 3369 Herod.
1714 3303 1838 3379 ΙΙΙ,
1884 3303 2017 3387 69),
2064 3314 2127 3367 et
2168 3303 2565 3390 Elagabalus
2608 3306 2731 3391 Ty-

417 3409 531 3473 riis
573 3431 720 3473 cum
759 3408 1183 3486 irasceretur,
1244 3432 1391 3474 cum
1430 3410 1679 3496 reliquo
1717 3410 1859 3475 iure
1894 3412 2083 3475 etiam
2110 3414 2481 3499 metropolis
2510 3438 2727 3479 nomen
2848 3424 2850 3427 ‘

415 3517 500 3581 ad
544 3512 848 3581 Sidonios
889 3518 1212 3583 transtulit
1268 3515 1658 3598 (Comment.
1698 3519 2030 3605 epigraph.
2072 3520 2107 3585 Ι
2151 3543 2214 3605 p.
2258 3521 2412 3597 4323
2466 3523 2723 3589 Eckhel.

417 3624 521 3689 111
565 3648 629 3711 p.
665 3624 838 3708 387).
915 3624 1134 3706 Quare
1173 3627 1348 3709 quod
1389 3626 1653 3692 honoris
1698 3649 1895 3692 causa
1934 3628 2349 3713 imperatores
2394 3629 2719 3705 deferrent,

414 3733 804 3819 ignominiae
849 3754 1044 3797 causa
1088 3734 1457 3801 civitatibus
1500 3735 1885 3811 adimerent,
1946 3735 2014 3799 in
2060 3758 2137 3801 eo
2178 3760 2325 3801 cum
2366 3738 2587 3823 utique
2628 3722 2717 3801 ius

415 3842 674 3925 aliquod
719 3840 924 3905 fuisse
967 3864 1232 3907 necesse
1275 3842 1388 3920 sit,
1447 3845 1697 3909 nullum
1742 3844 1917 3909 aliud
1960 3845 2225 3929 reperiri
2266 3848 2500 3932 poterit
2543 3870 2711 3933 quam

415 3949 540 4014 hoc
578 3948 752 4032 quod
795 3972 874 4013 ex
911 3949 1370 4034 imperatorum
1407 3953 1661 4038 templis
1702 3951 2042 4037 pendebat.
2133 3952 2301 4023 Nam
2352 3978 2502 4021 cum
2544 3957 2712 4041 repu-

417 4054 588 4121 blica
636 4057 1083 4141 metropolium
1131 4058 1436 4125 honorem
1492 4084 1568 4125 ac
1604 4082 1839 4139 nomen
1880 4061 2059 4125 nullo
2082 4110 2088 4113 -
2104 4074 2291 4147 pacto
2332 4064 2537 4129 fuisse
2578 4086 2707 4129 con-

419 4164 712 4229 iunctum
741 4187 822 4229 ex
849 4166 1140 4253 catalogo
1169 4170 1635 4255 metropolium,
1672 4168 1783 4253 qui
1819 4191 1899 4233 ex
1924 4191 2335 4235 nummorum
2364 4172 2707 4239 auctoritate

421 4270 500 4337 ab
554 4272 824 4337 Eckhel.
868 4274 968 4339 IV
1025 4299 1088 4361 p.
1134 4276 1256 4342 ‘273
1315 4277 1648 4342 confectus
1710 4287 1809 4341 est
1829 4324 1848 4354 ,
1908 4278 2281 4363 planissime
2337 4281 2705 4369 intelligitur.

420 4379 621 4445 Velut
654 4379 906 4446 Tarsus
947 4382 1073 4448 iam
1113 4383 1193 4449 ab
1235 4384 1525 4469 Augusti
1562 4395 1767 4451 aetate
1804 4386 2043 4451 dicitur
2083 4390 2479 4476 metropolis,
2518 4388 2703 4454 addito
