2917 5017
497 311 614 378 122
1151 320 1232 368 De
1271 317 1442 368 Gallia
1474 319 1823 370 Romanorum
1858 321 2131 386 provincia.

489 505 656 546 anno
693 483 732 548 2
771 506 834 570 p.
875 481 1029 548 Chr.
1088 484 1154 548 in
1213 483 1436 548 urbem
1493 482 1797 560 redisset,
1860 485 2201 550 triennium
2258 498 2531 552 remotus
2581 489 2651 553 ab
2696 513 2750 554 re

495 589 752 674 publica
786 605 1112 678 tamquam
1147 593 1441 680 privatus
1486 592 1647 657 vixit
1674 590 1890 674 (Suet.
1914 593 2064 658 Tib.
2093 617 2147 659 c.
2177 595 2303 674 15),
2340 607 2475 660 tum
2500 597 2752 662 extinctis
2851 591 2853 596 ’

489 696 566 763 C.
623 710 688 763 et
731 701 810 765 L.
859 699 1248 767 Caesaribus
1305 722 1474 766 anno
1525 700 1562 765 4
1626 701 1967 786 adoptatus
2021 703 2103 768 ab
2156 701 2462 788 Augusto
2523 715 2581 768 et
2630 727 2753 768 con-

487 807 698 871 festim
755 809 822 872 in
866 809 1112 874 Gallias
1173 820 1392 875 contra
1437 808 1797 874 Germanos
1856 804 2093 876 missus
2143 822 2261 876 est.
2343 812 2447 876 De
2488 821 2756 897 potestate
2849 868 2854 878 ,.

487 916 546 980 ei
601 917 914 1000 permissa
969 929 1182 982 tacent
1239 929 1535 983 auctores
1593 940 1713 983 nec
1755 918 2100 986 tribunicia
2142 931 2445 1005 potestas,
2503 941 2676 1002 quam
2713 920 2757 982 ei
2852 993 2854 998 .

485 1023 760 1088 delatam
804 1048 949 1091 esse
988 1037 1256 1104 constat,
1315 1026 1399 1092 ad
1439 1025 1782 1113 imperium
1825 1026 2099 1091 militare
2144 1028 2378 1104 valuit3
2446 1049 2757 1112 proconsu·
2852 1009 2854 1070 Ϊ

484 1131 636 1196 laris
675 1144 891 1198 autem
931 1147 1216 1220 potestas
1264 1136 1322 1200 ei
1365 1157 1533 1199 anno
1574 1135 1835 1198 demum
1884 1137 1955 1200 13
1993 1159 2057 1222 p.
2096 1133 2254 1201 Chr.
2294 1138 2441 1222 lege
2480 1136 2758 1230 consulari

486 1238 636 1304 data
677 1251 776 1305 est
820 1243 1016 1327 (Vell.
1057 1244 1146 1320 II,
1197 1245 1344 1321 1213
1395 1241 1577 1309 Suet.
1615 1242 1763 1308 Tib.
1806 1267 1859 1308 c.
1902 1244 2033 1327 21).
2112 1241 2251 1310 Sed
2292 1245 2421 1310 iam
2458 1255 2761 1329 antequam
2852 1303 2855 1338 3

485 1347 826 1434 adoptatus
870 1363 986 1429 est,
1033 1375 1182 1417 eum
1227 1375 1422 1438 supra
1461 1351 1863 1433 ostendimus
1903 1375 2025 1416 non
2066 1353 2179 1417 uni
2216 1354 2407 1417 alicui
2442 1351 2765 1418 Galliarum

485 1458 868 1542 provinciae,
913 1460 1029 1525 sed
1072 1461 1372 1526 omnibus
1415 1460 1808 1525 coniunctim
1844 1461 2228 1546 praefuisse,
2264 1483 2465 1545 quare
2500 1458 2636 1525 fieri
2664 1483 2766 1524 non
2852 1519 2854 1528 .

484 1575 728 1650 potest,
785 1579 858 1631 ut
911 1580 1068 1633 tunc
1126 1593 1272 1634 eum
1327 1569 1570 1632 honore
1626 1579 1817 1652 atque
1875 1568 2189 1654 dignitate
2246 1579 2509 1634 auctum
2558 1569 2769 1632 minore

482 1674 748 1758 imperio
787 1677 990 1742 fuisse
1032 1701 1265 1762 eoque,
1323 1677 1500 1762 quod
1542 1701 1581 1742 a
1624 1688 1803 1762 patre
1848 1678 1990 1762 ipso
2028 1677 2321 1764 accipere
2362 1689 2647 1764 poterat,
2688 1699 2769 1740 ca-

481 1783 692 1848 ruisse
735 1785 1194 1850 existimemus.
1277 1785 1652 1873 Apertoque
1699 1786 2087 1850 documento
2127 1797 2245 1862 est,
2287 1787 2466 1871 quod
2511 1785 2637 1850 Dio
2670 1785 2707 1848 l.
2738 1785 2770 1848 l.

483 1905 696 1956 narrat
715 1940 733 1969 ,
801 1915 947 1958 cum
1007 1894 1356 1959 Saturnino
1416 1901 1787 1958 ornamenta
1827 1892 2239 1979 triumphalia
2278 1895 2772 1967 decernerentur,

485 2000 674 2064 simul
726 2011 790 2065 et
841 2002 1146 2088 Augusto
1199 2013 1262 2066 et
1301 2001 1563 2066 Tiberio
1617 2001 2017 2085 imperatoris
2056 2023 2287 2068 nomen
2334 2025 2479 2067 esse
2524 2013 2774 2088 partum.
2852 2062 2855 2072 .

480 2107 634 2170 item
677 2107 839 2172 illud
859 2156 877 2185 ,
935 2111 1110 2193 quod
1156 2110 1458 2175 Tiberius
1508 2131 1737 2195 parans
1780 2129 1949 2175 anno
1984 2109 2025 2174 6
2067 2132 2132 2194 p.
2177 2107 2331 2174 Chr.
2374 2111 2775 2196 ‚irruptionem

479 2215 548 2280 in
591 2215 1004 2282 Germaniam
1062 2241 1210 2284 cum
1254 2219 1730 2284 Pannoniorum
1786 2233 1849 2284 et
1890 2219 2333 2284 Dalmatarum
2389 2220 2777 2305 cognovisset

484 2325 885 2404 seditionem,
917 2327 1132 2392 subito
1163 2328 1377 2412 copias
1407 2327 1740 2402 convertit,
1774 2327 2031 2412 (Vellei.
2054 2328 2143 2404 II,
2177 2328 2323 2406 1083
2363 2329 2499 2394 Dio
2523 2328 2669 2404 LV,
2688 2327 2777 2407 28)

485 2433 664 2498 nullo
705 2457 875 2500 novo
917 2437 1182 2522 imperio
1221 2445 1471 2513 auctas,
1516 2446 1589 2499 ut
1630 2435 1688 2500 ei
1733 2455 1861 2499 non
1904 2433 2262 2500 Galliarum
2303 2437 2533 2514 mod0,
2580 2457 2780 2502 verum
2853 2501 2854 2516 χ

483 2540 674 2606 etiam
715 2543 980 2627 Illyrici,
1025 2545 1296 2609 fortasse
1340 2544 1531 2608 etiam
1572 2542 1929 2608 vicinarum
1958 2543 2435 2629 provinciarum
2460 2544 2781 2630 imperium
2852 2605 2854 2612 .

482 2649 705 2714 datum
747 2673 890 2715 esse
934 2673 1247 2716 censeam.
1341 2651 1541 2734 Quod
1588 2653 1642 2716 si
1684 2675 1812 2716 non
1854 2652 2113 2729 habuit,
2170 2663 2517 2738 antequam
2575 2653 2777 2716 seditio

481 2759 738 2833 exarsit,
783 2774 954 2824 certe
995 2762 1185 2847 paulo
1223 2772 1368 2846 post
1407 2759 1675 2846 accepit,
1714 2771 1787 2823 ut
1825 2761 2019 2824 unius
2047 2782 2302 2825 summo
2327 2761 2535 2825 ductu
2565 2760 2782 2826 bellum

481 2878 832 2952 gereretur.
917 2868 1010 2932 At
1065 2869 1319 2934 fuerant
1373 2883 1586 2934 tamen
1639 2867 1835 2954 legati
1882 2869 2171 2954 Augusti
2221 2867 2447 2932 eodem
2494 2878 2782 2953 tempore,

479 2997 560 3039 ne
618 2975 776 3041 alios
825 2999 1347 3055 commemorem,
1404 2977 1499 3041 M.
1545 2977 1843 3042 Valerius
1893 2977 2288 3042 Messalinus
2303 3022 2321 3054 ,
2388 2997 2525 3042 cos.
2572 2977 2783 3041 anni3

480 3106 535 3147 a.
579 3079 772 3160 Chr.,
837 3085 949 3168 qui
1011 3091 1116 3168 τῆς
1177 3088 1527 3169 Δαλματίας
1582 3087 1685 3148 καὶ
1750 3084 2083 3153 Παννονίας
2146 3085 2356 3168 ἄρχων
2420 3085 2665 3150 dicitur
2717 3082 2785 3148 ab

463 3163 692 3256 =Dione
731 3190 876 3268 LV,
925 3191 1004 3256 29
1049 3202 1114 3256 et
1149 3194 1555 3278 praepositus
1594 3193 1853 3278 Illyrico
1890 3216 1929 3257 a
1958 3192 2187 3257 Vellei.
2206 3192 2296 3269 II,
2337 3192 2475 3269 112,
2524 3194 2610 3259 Α.
2636 3190 2783 3258 Cae-

479 3301 624 3364 cina
667 3298 985 3375 Severus,
1033 3322 1164 3366 cos.
1210 3301 1358 3364 anni
1396 3301 1434 3366 9
1482 3325 1537 3366 a.
1580 3298 1767 3378 Chr.,
1814 3301 1927 3386 qui
1970 3300 2207 3368 Μυσίας
2252 3300 2459 3386 ἄρχων
2512 3327 2555 3368 a
2591 3301 2783 3368 Dione

477 3409 520 3472 l.
571 3410 614 3472 l.
669 3409 1060 3494 appellatur,
1122 3407 1200 3474 C.
1254 3408 1491 3474 Vibius
1546 3409 1932 3486 Postumus,
1990 3429 2122 3474 cos.
2166 3410 2203 3472 5
2252 3431 2315 3494 p.
2361 3407 2557 3488 Chr.,
2614 3431 2773 3495 quem

478 3515 646 3580 Vell.
680 3517 782 3590 II,
836 3518 950 3582 116
1001 3518 1436 3604 praepositum
1483 3516 1843 3582 Delmatiae
1898 3517 2219 3594 nominat,
2281 3517 2409 3584 alii.
2518 3515 2766 3582 Omnino

476 3624 676 3710 igitur
736 3649 957 3711 parem
1017 3637 1171 3692 tunc
1231 3626 1535 3692 Tiberius
1598 3634 1986 3711 potestatem⁴
2037 3625 2297 3690 videtur
2356 3625 2667 3691 habuisse
2716 3641 2774 3684 ac

477 3744 700 3816 postea
743 3731 1192 3811 Germanicus,
1242 3758 1388 3800 cum
1427 3735 1494 3798 in
1536 3732 1792 3819 Syriam
1832 3733 2211 3810 mitteretur,
2245 3734 2351 3798 cui
2388 3756 2539 3800 cum
2580 3753 2781 3799 omnes

475 3841 846 3927 provinciae
887 3843 1347 3909 transmarinae
1383 3844 1731 3930 permissae
1768 3854 2019 3918 essent,
2078 3863 2228 3908 suos
2268 3853 2481 3908 tamen
2516 3851 2783 3907 rectores

477 3947 840 4013 habuerunt
886 3949 1078 4035 Syria
1123 3963 1185 4016 et
1223 3951 1387 4017 Asia
1431 3962 1493 4016 et
1538 3950 1843 4036 Bithynia
1888 3961 1949 4014 et
1994 3948 2271 4027 Galatia,
2314 3962 2377 4016 et
2414 3950 2611 4036 paulo
2652 3957 2785 4012 ante

479 4053 560 4121 C.
605 4052 876 4134 Caesar,
941 4059 1232 4144 Augusti
1287 4058 1460 4124 filius
1480 4107 1497 4136 ,
1566 4082 1713 4124 cum
1770 4058 1853 4124 ad
1906 4058 2182 4124 Parthos
2234 4057 2673 4144 reprimendos
2728 4055 2787 4121 in

481 4164 851 4230 Armeniam
887 4167 1403 4252 proficisceretur
1443 4169 1556 4254 (cf.
1600 4165 1958 4233 Comment.
1990 4168 2059 4232 II
2094 4187 2155 4252 p.
2187 4167 2355 4249 102).
2422 4166 2613 4248 Quae
2651 4187 2786 4231 cum

477 4272 565 4335 ita
609 4272 770 4351 sint,
811 4285 874 4340 et
917 4276 1092 4362 apud
1129 4275 1472 4352 Velleium,
1510 4276 1686 4359 quod
1726 4275 1877 4365 olim
1919 4275 2089 4352 dixi,
2128 4284 2337 4352 tene0,
2384 4274 2786 4340 scribendum

481 4405 623 4449 esse
682 4387 792 4469 qui
835 4395 966 4450 tum
1011 4389 1253 4473 legatus
1285 4388 1494 4471 patris
1536 4390 1665 4450 eius
1711 4389 1779 4448 in
1826 4388 2165 4450 Germania
2210 4395 2351 4447 erat
2393 4395 2458 4450 et
2502 4382 2785 4452 Sentium
