2917 5017
793 319 878 368 De
913 318 1086 370 Gallia
1117 318 1469 370 Romanorum
1514 319 1789 384 provincia.
2352 313 2435 380 93

149 487 204 550 in
239 483 504 550 Galliam
540 484 870 569 profectus
913 492 1040 558 est,
1077 505 1204 546 non
1245 481 1440 546 modo
1474 492 1549 546 ut
1590 482 1861 568 populos
1906 503 2129 546 recens
2170 481 2437 567 imperio

153 616 254 657 suo
300 591 618 657 subiectos
659 593 927 667 viseret,
985 614 1208 662 verum
1255 591 1445 655 etiam
1490 591 1667 673 quod
1712 599 1925 654 motus
1968 590 2231 673 quidam
2274 612 2435 674 gen-

148 703 286 765 tium
344 699 630 764 nondum
695 699 850 764 satis
916 698 1301 764 domitarum
1366 699 1723 762 extiterant.
1822 699 2157 783 Duxitque
2216 721 2437 764 secum

146 809 225 872 M.
249 810 620 895 Agrippam,
661 831 854 893 quem
899 829 1045 874 cum
1084 808 1224 893 ipse
1267 808 1332 870 in
1367 806 1619 872 Italiam
1658 818 1918 892 propter
1958 806 2029 871 S.
2055 806 2433 892 Pompeium

143 913 396 994 rediret,
445 917 758 1003 praefecit
795 915 1046 982 Galliae
1091 927 1154 980 et
1187 914 1463 999 quidem
1516 915 1877 980 universae.
1966 914 2077 980 Ab
2134 937 2211 980 eo
2266 917 2437 980 enim

141 1035 196 1088 et
233 1024 585 1108 Aquitanos
625 1024 832 1090 victos
879 1045 1021 1088 esse
1060 1023 1340 1109 legimus
1387 1020 1591 1109 (App.
1634 1022 1781 1088 bell.
1828 1025 1953 1089 civ.
1991 1023 2075 1100 V,
2120 1024 2233 1102 923
2298 1025 2437 1089 Eu-

141 1146 282 1217 trop.
331 1131 465 1198 VII
485 1179 502 1209 ‚
569 1133 636 1216 5)
708 1143 771 1196 et
819 1133 1180 1198 ,transiecto
1242 1131 1473 1196 Rheno
1536 1130 1843 1198 barbaros
1900 1155 2041 1198 esse
2084 1144 2438 1197 summotos

145 1239 460 1324 Ubiosque
529 1241 622 1305 cis
660 1239 960 1304 Rhenum
1021 1239 1432 1304 transductos
1493 1240 1655 1323 (Dio
1708 1240 2047 1316 XLVIII,
2110 1241 2223 1317 493
2284 1241 2437 1305 Tac.

141 1349 349 1412 Annal.
373 1348 540 1424 XII,
569 1349 676 1424 273
721 1346 936 1412 Strab.
960 1348 1057 1414 IV
1097 1371 1161 1433 p.
1199 1348 1365 1430 194).
1439 1348 1615 1412 Hinc
1656 1371 1801 1412 cum
1844 1371 2007 1413 anno
2044 1349 2120 1413 38
2164 1359 2437 1413 exeunte

139 1459 192 1519 in
239 1455 490 1520 Italiam
557 1467 620 1519 et
677 1456 760 1520 ad
823 1456 1225 1520 consulatum
1284 1455 1641 1541 gerendum
1710 1468 1773 1522 et
1838 1457 1919 1520 ad
1985 1456 2225 1521 bellum
2284 1454 2437 1520 Sex.

140 1565 402 1650 Pompeii
463 1564 1043 1630 administrandum
1099 1564 1374 1640 rediret,
1439 1565 1755 1628 incertum
1816 1575 1915 1628 est
1980 1565 2127 1649 quis
2187 1563 2437 1630 Galliae

141 1673 486 1756 praefuerit.
564 1671 703 1736 Nec
747 1683 918 1736 certe
955 1674 1326 1758 quicunque
1371 1674 1667 1758 praefuit,
1710 1695 1977 1758 magnas
2022 1695 2127 1736 res
2170 1682 2281 1736 aut
2322 1694 2437 1756 ge-

139 1801 258 1842 rere
306 1779 518 1864 potuit
575 1791 686 1844 aut
735 1781 967 1864 gessit3
1029 1782 1237 1846 omnis
1289 1782 1458 1846 enim
1506 1779 1805 1846 Caesaris
1864 1804 2021 1844 cura
2066 1781 2149 1844 ad
2197 1779 2437 1845 bellum

141 1883 410 1950 Siculum
440 1886 848 1964 incubuerat,
891 1911 1020 1973 quo
1049 1890 1341 1953 confecto
1368 1889 1729 1973 ferociaque
1759 1901 2203 1953 veteranorum
2236 1889 2441 1952 fracta

141 1991 356 2060 Caesar
397 2017 534 2058 non
577 1996 769 2060 modo
807 1995 1049 2060 bellum
1076 1997 1511 2062 Delmaticum
1554 2019 1721 2061 anno
1750 1997 1829 2060 35
1868 1996 2175 2082 suscepit,
2215 1994 2438 2060 Italiae

139 2102 320 2187 magis
373 2125 574 2187 quam
628 2101 880 2168 Galliae
935 2104 1256 2182 vicinum,
1318 2107 1386 2169 in
1441 2127 1572 2189 quo
1633 2105 1819 2168 Fufio
1872 2103 2150 2170 Gemino
2214 2117 2277 2167 et
2340 2103 2437 2168 M.

139 2211 375 2275 Valerio
429 2211 722 2276 Messala
773 2223 838 2276 et
883 2211 980 2276 M.
1024 2214 1318 2298 Agrippa
1373 2225 1438 2278 et
1488 2212 1568 2276 T.
1626 2209 1879 2276 Statilio
1937 2212 2155 2276 Tauro
2211 2210 2439 2298 legatis

137 2342 276 2384 usus
333 2342 478 2384 esse
534 2331 833 2384 narratur
887 2320 1046 2407 (Dio
1081 2320 1360 2398 XLIX,
1407 2322 1522 2398 383
1580 2321 1751 2405 App.
1792 2320 1971 2404 Illyr.
2018 2343 2070 2384 c.
2114 2320 2257 2405 27),
2322 2318 2438 2383 sed

140 2428 298 2492 etiam
337 2429 404 2491 in
446 2427 849 2492 Britanniam
890 2428 1160 2494 transire
1199 2429 1463 2515 parabat
1507 2428 1669 2511 (Dio
1706 2427 1973 2503 XLIX,
2018 2428 2149 2507 38).
2230 2428 2438 2491 Inter-

140 2535 290 2598 venit
323 2558 560 2600 rursus
602 2535 846 2600 bellum
890 2536 1262 2615 Actiacum,
1305 2536 1480 2621 quod
1525 2558 1653 2621 quo
1694 2546 1977 2620 tempore
2021 2549 2279 2621 gestum
2320 2546 2439 2612 est,

145 2643 278 2718 duo,
339 2644 454 2728 qui
497 2666 646 2708 cum
683 2644 950 2729 imperio
989 2644 1054 2708 in
1097 2642 1312 2710 Gallia
1353 2646 1625 2721 fuerint,
1681 2644 2121 2729 reperiuntur,
2168 2644 2262 2708 M.
2306 2644 2439 2708 Va-

147 2749 306 2815 lerius
340 2751 654 2827 Messala,
698 2751 884 2815 cuius
926 2752 1290 2838 triumphus
1333 2775 1412 2816 ex
1455 2751 1671 2818 Gallia
1709 2775 1876 2817 anno
1916 2752 1994 2816 27
2034 2761 2217 2816 actus
2264 2773 2439 2816 com-

161 2870 505 2924 memoratur
547 2861 612 2924 in
659 2881 972 2924 marmore
1016 2857 1408 2946 CapitolinO,
1471 2873 1535 2926 et
1581 2858 1657 2926 C.
1704 2857 2037 2934 Carrinas,
2098 2859 2285 2924 cuius
2328 2881 2436 2924 res

155 2977 326 3048 gestas
382 2979 450 3032 et
505 2952 903 3054 triumphum
959 2979 1176 3032 narrat
1231 2969 1361 3033 Dio
1400 2969 1527 3045 LI,
1586 2969 1687 3034 21.
1784 2967 1962 3031 Huic
2007 2964 2325 3031 Carrinati
2370 2966 2439 3028 in

151 3071 388 3140 Galliam
435 3076 810 3140 ulteriorem
860 3099 1026 3141 anno
1079 3077 1214 3141 fere
1257 3077 1338 3142 29
1385 3077 1699 3142 successit
1735 3074 1987 3138 Nonius
2032 3073 2137 3138 ille
2184 3073 2437 3148 Gallus,

145 3203 308 3263 quem
347 3184 484 3248 Dio
527 3185 644 3260 LI,
692 3185 774 3250 20
817 3185 960 3269 ipso
1003 3207 1171 3249 anno
1215 3185 1326 3260 29,
1389 3208 1520 3269 quo
1563 3186 1761 3249 Ianus
1806 3183 2068 3248 clausus
2114 3193 2245 3258 est,
2290 3205 2439 3247 cum

144 3286 402 3355 Treviris
456 3292 729 3377 aliisque
783 3291 1174 3377 quibusdam
1217 3291 1687 3358 Germanorum
1744 3291 2048 3377 gentibus
2108 3313 2438 3376 pugnasse

148 3399 356 3462 scribit.

285 3505 714 3572 Pervenimus
757 3507 884 3572 iam
926 3507 1008 3572 ad
1049 3531 1124 3572 ea
1167 3519 1483 3594 tempora,
1525 3507 1765 3592 quibus
1809 3504 2051 3572 Caesar
2092 3508 2441 3592 Augustus

154 3610 390 3678 devictis
461 3614 852 3680 adversariis
923 3616 1422 3701 compositisque
1486 3613 1873 3680 factionibus
1932 3637 2080 3679 cum
2124 3614 2443 3699 reliquum

157 3717 456 3804 imperium
501 3733 638 3786 tum
683 3720 930 3788 Gallias
974 3734 1037 3788 et
1079 3725 1398 3788 recentius
1437 3724 1633 3788 armis
1669 3723 2106 3794 Romanorum
2142 3722 2441 3789 subactas

159 3836 198 3887 et
226 3826 643 3895 barbarorum
683 3829 1162 3896 incursionibus
1203 3830 1393 3896 etiam
1429 3842 1771 3916 postquam
1804 3830 2149 3916 provinciis
2185 3831 2441 3895 additae

153 3948 292 4012 sunt,
334 3938 512 4002 varie
558 3949 896 4024 temptatas
940 3938 1156 4002 denuo
1189 3940 1541 4016 constituit,
1584 3940 1665 4004 de
1690 3939 1929 4023 quibus
1951 3937 2211 4003 brevior
2234 3939 2441 4003 omni-

151 4064 217 4106 no
255 4067 390 4112 esse
433 4069 726 4133 possem,
783 4046 909 4111 nisi
951 4068 1158 4132 nuper
1203 4045 1555 4112 admodum
1597 4046 1863 4131 quidam
1908 4046 2030 4111 viri
2074 4069 2226 4112 sane
2270 4047 2444 4112 docti

153 4153 504 4231 extitissent,
549 4156 660 4240 qui
703 4177 870 4240 quae
910 4166 1098 4219 antea
1132 4153 1432 4220 omnibus
1476 4155 1802 4241 explorata
1845 4177 2113 4240 prorsus
2156 4176 2232 4219 ac
2271 4164 2446 4218 certa

154 4281 274 4325 esse
311 4262 716 4342 videbantur,
762 4285 994 4349 magna
1037 4285 1184 4328 cum
1231 4263 1591 4328 eruditione
1636 4287 1711 4329 ac
1751 4261 2101 4328 subtilitate
2144 4261 2211 4325 in
2252 4260 2444 4328 dubi-

156 4368 426 4435 tationem
470 4393 770 4436 revocare
808 4393 1138 4456 novasque
1178 4371 1492 4457 quasdam
1526 4395 1563 4436 a
1590 4369 1909 4456 prioribus
1936 4369 2125 4455 plane
2152 4369 2444 4434 diversas
