2917 5017
482 319 564 387 32
1130 325 1212 376 De
1254 323 1423 375 Gallia
1458 326 1808 377 Romanorum
1860 326 2136 390 provincia.

480 488 547 551 in
590 488 801 554 annal.
832 490 1185 575 iurisprud.
1217 489 1441 553 histor.
1463 486 1613 553 Vol.
1640 484 1748 550 IX
1785 509 1848 571 p.
1873 486 1996 553 322
2037 488 2119 553 de
2143 485 2369 553 tabula
2390 484 2782 551 Heracleensi

484 596 761 682 scripsit,
806 598 1093 682 exposita
1130 607 1335 672 esset,
1373 596 1465 659 ita
1510 592 1752 680 placuit
1796 593 1953 659 viris
1997 595 2232 671 doctis,
2281 605 2360 657 ut
2397 592 2602 678 vulgo
2641 614 2784 657 nunc

482 703 563 768 ab
606 704 926 780 omnibus,
985 704 1169 788 quasi
1216 702 1499 767 dubitari
1541 724 1669 766 non
1729 702 1962 787 possit,
2025 701 2357 788 probetur.
2447 699 2583 765 Sed
2625 724 2784 765 nemo

481 823 771 878 veterum
810 812 1193 898 scriptorum
1236 812 1319 876 de
1364 834 1440 877 ea
1483 833 1553 876 re
1597 810 1820 887 tradit,
1876 810 2054 875 nulla
2097 811 2204 876 lex
2251 819 2783 885 commemoratur,
2869 808 2871 873 ἒ

480 920 637 984 nihil
681 942 946 1006 prorsus
985 920 1163 1004 quod
1222 929 1393 985 certe
1444 940 1520 983 eo
1564 916 1876 1003 pertineat
1919 928 2248 995 narratur,
2309 928 2388 982 ut
2435 940 2614 983 mera
2659 940 2784 983 con-

480 1028 725 1092 iectura
760 1038 979 1093 utatur
1027 1025 1413 1111 Savignius,
1471 1026 1584 1110 qui
1645 1049 1773 1110 quo
1829 1036 2112 1111 tempore
2161 1023 2284 1091 Cn.
2329 1025 2680 1112 Pompeius
2723 1027 2784 1101 is,

480 1136 563 1200 de
618 1157 748 1220 quo
806 1134 1083 1199 dicimus
1101 1181 1118 1211 ,
1172 1134 1656 1219 Transpadanis
1716 1133 2016 1200 omnibus
2067 1134 2494 1201 Latinitatem
2546 1133 2784 1208 dederit,

482 1243 709 1307 eodem
757 1240 1145 1328 Cispadanis
1204 1241 1528 1306 civitatem
1585 1243 1802 1307 datam
1853 1265 1999 1308 esse
2058 1243 2299 1307 statuit.
2403 1240 2594 1324 Quae
2659 1264 2784 1306 con-
2871 1280 2873 1301 ἢ

482 1351 728 1415 iectura
794 1360 1186 1436 quantopere
1246 1350 1325 1415 ab
1394 1349 1839 1437 probabilitate
1903 1351 2197 1427 recedat,
2269 1372 2406 1415 non
2469 1348 2783 1435 disputabo

480 1459 737 1524 multis:
818 1458 971 1523 haec
1012 1458 1143 1523 duo
1198 1480 1662 1535 commemoro,
1731 1471 1794 1524 61
1855 1483 2084 1525 rursus
2147 1459 2506 1525 discrimen
2555 1457 2784 1541 aliquod
2871 1538 2873 1541 Α

481 1562 997 1652 Cispadanorum
1057 1576 1121 1631 et
1176 1565 1790 1651 Transpadanorum
1865 1568 2253 1655 excogitari,
2317 1568 2499 1653 quod
2565 1566 2782 1629 nullum

479 1696 761 1757 unquam
803 1674 945 1751 fuit,
988 1697 1109 1740 nec
1154 1674 1310 1739 satis
1354 1698 1581 1740 verum
1621 1699 1764 1742 esse
1809 1676 2047 1753 videri,
2099 1677 2278 1761 quod
2333 1677 2421 1742 de
2465 1675 2782 1741 Latinitate

479 1779 779 1846 omnibus
824 1781 1305 1867 Transpadanis
1347 1782 1670 1868 impertita
1711 1783 2131 1849 existimatur.
2223 1784 2424 1851 Nunc
2469 1806 2620 1849 vero
2663 1805 2782 1847 cum
2871 1824 2873 1847 2

485 1888 737 1955 Galliae
783 1888 1151 1975 Cisalpinae
1192 1901 1256 1955 61
1293 1890 1518 1955 Italiae
1559 1891 1640 1955 ab
1683 1892 1962 1977 antiquis
2019 1893 2428 1980 temporibus
2471 1914 2674 1977 usque
2717 1890 2784 1955 ad

478 1996 645 2061 hanc
704 2007 973 2063 aetatem
1028 1998 1271 2062 nullam
1318 1998 1480 2063 iuris
1535 1998 1969 2068 diversitatem
2019 2001 2227 2066 fuisse
2275 2000 2784 2074 intellexerimus,

481 2105 692 2190 legem
736 2105 971 2170 Iuliam
1022 2106 1107 2170 ad
1143 2105 1514 2171 universam
1557 2129 1723 2191 quae
1759 2108 2042 2193 Alpibus
2093 2120 2158 2173 et
2204 2110 2371 2175 freto
2421 2107 2642 2175 Siculo
2676 2120 2782 2173 ter-

478 2212 758 2277 minatur
800 2212 1051 2277 Italiam
1093 2214 1480 2298 pertinuisse
1523 2215 1711 2280 facile
1754 2215 2116 2282 credemus.
2187 2217 2424 2303 Neque
2471 2217 2638 2283 enim
2678 2215 2779 2281 alio

477 2320 616 2385 iure
674 2319 1020 2384 utebantur
1074 2321 1337 2386 Etrusci
1396 2334 1461 2386 et
1515 2323 1746 2389 Umbri
1805 2334 1869 2389 et
1910 2323 2163 2391 Lucani
2220 2337 2283 2393 61
2341 2326 2618 2401 Bruttii,
2679 2324 2778 2389 alio

479 2428 654 2494 Galli
696 2428 800 2493 vel
838 2425 1187 2515 Cispadani
1236 2430 1338 2495 vel
1358 2430 1836 2516 Transpadani:
1879 2433 2296 2519 praecipuum
2344 2457 2504 2501 sane
2547 2430 2778 2519 aliquod

474 2536 577 2600 ius
621 2535 964 2601 habuerint
1003 2535 1223 2601 Latini
1262 2537 1590 2623 iidemque
1631 2539 1762 2605 fide
1801 2540 2118 2607 adversus
2160 2542 2492 2609 Romanos
2539 2541 2776 2628 praesti-

476 2644 700 2719 terim-3
746 2653 812 2707 at
852 2642 947 2707 illi
989 2644 1243 2727 utrique
1286 2657 1467 2710 erant
1493 2649 1871 2735 peregrinae
1905 2650 2302 2716 condicionis
2329 2653 2543 2737 eique,
2587 2651 2692 2737 qui
2724 2650 2776 2713 in

474 2750 816 2815 consulatu
871 2749 1123 2815 Italiam
1190 2763 1253 2815 et
1314 2750 1592 2819 Galliam
1653 2759 1914 2823 sortitus
1983 2768 2185 2835 esset,
2251 2759 2772 2847 obtemperabant.

474 2854 608 2923 Sed
654 2869 835 2923 extra
871 2857 1123 2923 Italiam
1185 2859 1343 2924 nihil
1408 2885 1562 2927 sane
1620 2866 1978 2950 pertinebat
2029 2868 2136 2931 lex
2191 2890 2312 2935 1166
2377 2871 2534 2937 satis
2577 2888 2773 2935 verum

475 2966 731 3031 videtur
771 2988 933 3045 6886,
972 2968 1150 3052 quod
1196 2968 1484 3055 plerique
1527 2973 1742 3037 adhuc
1781 2974 2216 3052 crediderunt,
2279 2978 2334 3043 si
2375 2979 2490 3063 qui
2527 2978 2774 3045 Latinae

476 3074 875 3138 condicionis
913 3085 1127 3140 essent
1173 3089 1355 3142 extra
1390 3079 1662 3158 Italiam,
1709 3104 1818 3146 eas
1861 3083 1984 3149 hac
2025 3084 2172 3170 lege
2209 3108 2359 3151 cum
2405 3088 2654 3153 Latinis
2695 3084 2774 3149 ci-

473 3180 635 3245 vitas
694 3181 985 3258 daretur,
1054 3183 1269 3247 subito
1336 3186 1491 3251 item
1553 3190 1727 3254 cives
1778 3191 2104 3257 Romanos
2161 3194 2474 3263 extitisse.
2586 3193 2776 3259 Cuius

468 3288 784 3372 opinionis
847 3289 1097 3354 nullum
1158 3305 1611 3375 argumentum
1667 3298 1882 3363 afferri
1945 3299 2388 3369 animadverto
2447 3305 2572 3369 nisi
2627 3303 2775 3367 hanc

469 3396 791 3479 quandam
834 3396 1337 3477 similitudinem,
1382 3403 1582 3486 quod,
1608 3405 1862 3471 Latinis
1892 3430 2040 3473 cum
2067 3409 2334 3477 daretur
2363 3414 2609 3489 civitas,
2651 3430 2774 3475 eam

468 3502 768 3569 omnibus
810 3505 1025 3570 datam
1070 3528 1213 3571 esse
1256 3507 1485 3574 dicunt
1525 3512 1896 3599 ubicunque
1952 3516 2326 3585 habitabant
2379 3544 2500 3587 nec
2541 3516 2769 3584 Latini·

468 3623 684 3691 tatem,
725 3636 853 3697 qua
895 3614 1180 3681 coloniae
1228 3627 1582 3698 uterentur,
1625 3622 1706 3686 ab
1746 3646 1839 3701 ea,
1879 3646 2074 3708 quam
2121 3627 2230 3709 qui
2276 3630 2534 3715 proprie
2571 3623 2770 3722 Latini

466 3732 647 3786 erant
683 3721 1067 3800 habuerunt,
1103 3725 1310 3792 fuisse
1356 3727 1699 3795 diversam.
1767 3731 1866 3797 Ne
1907 3720 2071 3798 illud
2116 3735 2379 3819 quidem
2419 3739 2628 3805 facere
2669 3756 2767 3821 po·

467 3839 704 3906 terant,
769 3839 843 3892 111
912 3830 1225 3896 coloniam
1293 3833 1593 3901 Latinam
1658 3838 1725 3903 in
1798 3838 2014 3907 Gallia
2075 3842 2540 3931 Transpadana
2599 3845 2762 3911 sitam

464 3935 786 4013 afferrent,
829 3960 1019 4021 quam
1062 3949 1219 4005 111116
1247 3942 1311 4005 in
1340 3944 1674 4030 municipii
1710 3946 1814 4011 ius
1855 3950 2224 4016 translatam
2262 3976 2405 4021 esse
2445 3958 2759 4022 constaret·

463 4043 617 4108 Una
656 4044 825 4109 enim
868 4046 934 4109 in
978 4068 1053 4111 ea
1091 4048 1357 4133 regione
1400 4063 1501 4116 est
1523 4053 1846 4138 Aquileia,
1887 4078 2052 4139 quae
2089 4082 2220 4144 quo
2261 4062 2402 4128 iure
2445 4084 2646 4149 usque
2687 4054 2759 4122 ad

464 4151 787 4217 civitatem
849 4178 887 4219 a
935 4152 1213 4223 Caesare
1264 4158 1455 4224 etiam
1511 4160 1992 4249 Transpadanis
2045 4169 2341 4236 omnibus
2399 4173 2609 4239 datam
2656 4187 2761 4233 usa

462 4260 565 4337 sit,
608 4262 970 4347 ignoratum
1012 4266 1331 4350 siquidem
1358 4264 1679 4335 Cremona
1714 4281 1778 4336 et
1798 4271 2148 4354 Placentia,
2193 4300 2355 4364 quas
2393 4292 2456 4347 61
2485 4280 2566 4347 ab
2597 4274 2756 4343 initio

459 4367 728 4437 Latinas
772 4383 835 4436 et
878 4383 1027 4458 post
1067 4374 1280 4460 legem
1302 4374 1534 4441 Iuliam
1581 4380 1932 4466 municipia
1971 4383 2176 4451 fuisse
2217 4400 2462 4455 constat
2503 4390 2756 4474 (Ascon-
