2917 5017
471 338 554 405 52
1139 340 1222 390 De
1257 337 1431 390 Gallia
1457 338 1813 388 Romanorum
1851 334 2132 400 provincia.

469 504 772 590 iubebat)
803 505 994 572 'anno
1033 505 1117 574 75
1165 505 1663 570 decernerentur
1716 501 1905 567 Italia
1966 511 2031 565 et
2070 495 2507 564 Narbonensis
2554 491 2790 560 Gallia.

471 613 575 679 Ac
611 614 892 680 Lucullo
949 615 1216 700 quidem
1267 611 1659 677 Plutarchus
1714 610 1879 675 Luc.
1942 631 1994 674 c.
2054 609 2091 672 5
2150 617 2489 690 antequam
2564 601 2792 667 consul

471 733 815 799 crearetur,
859 734 1074 788 narrat
1103 731 1273 788 sorte
1315 720 1611 786 evenisse
1642 718 1919 785 Galliam
1946 715 2341 801 Cisalpinam
2380 713 2423 777 i.
2450 735 2529 789 e.,
2572 721 2649 776 ut
2692 709 2793 774 di-

471 830 768 906 dicimus,
809 831 1060 896 Italiam
1107 840 1173 894 et
1215 827 1529 904 Galliam3
1588 827 1875 913 collegae
1916 825 2055 890 eius
2098 845 2261 908 quae
2302 820 2603 906 obtigerit
2640 840 2795 905 pro-

473 938 686 1004 vincia
723 961 854 1004 non
899 939 1101 1015 addit,
1153 937 1270 1002 sed
1311 936 1515 1002 fuisse
1556 958 1697 1002 eam
1736 955 1932 1019 quam
1972 931 2257 997 diximus
2302 928 2635 1015 probabile
2674 938 2795 992 est.

475 1045 724 1112 Verum
785 1068 934 1111 cum
995 1068 1184 1112 casus
1237 1047 1326 1110 ita
1377 1045 1667 1120 tulisset,
1720 1053 1795 1106 ut
1838 1041 1943 1106 vel
2007 1049 2283 1105 exeunte
2337 1060 2505 1102 anno
2563 1037 2645 1103 75
2691 1034 2798 1098 vel

471 1155 732 1220 ineunte
769 1155 851 1221 74
872 1155 952 1220 L.
975 1154 1310 1230 Octavius,
1347 1150 1617 1218 Ciliciae
1657 1159 1887 1226 rector,
1926 1159 2303 1223 moreretur,
2342 1144 2423 1209 L.
2445 1143 2797 1219 Lucullus,

471 1263 624 1346 quia
642 1262 1158 1328 Mithridaticum
1182 1260 1426 1326 bellum
1466 1259 1837 1326 imminebat
1876 1279 1997 1322 nec
2034 1255 2205 1320 ultra
2234 1253 2479 1319 differri
2521 1261 2795 1339 poterat,

474 1392 515 1435 a
555 1370 818 1456 populo,
859 1381 935 1435 ut
962 1370 1243 1446 videtur,
1293 1365 1591 1434 Ciliciam
1633 1366 1913 1451 bellique
1954 1363 2575 1429 administrationem
2612 1383 2799 1426 acce-

403 1463 408 1466 ·
471 1479 588 1563 pit,
613 1479 987 1563 collegaque
1018 1477 1180 1552 eius,
1205 1499 1287 1540 ne
1317 1477 1386 1540 in
1421 1477 1669 1541 minore
1699 1472 2035 1561 provincia
2054 1471 2216 1536 nihil
2250 1471 2495 1557 gloriae
2523 1479 2799 1556 pararet,

471 1584 772 1672 precibus
819 1596 1110 1652 senatum
1151 1584 1489 1670 permovit,
1528 1593 1603 1648 ut
1640 1583 1699 1648 is
1742 1580 1866 1647 sibi
1912 1582 2184 1646 classem
2221 1579 2593 1666 bellumque
2636 1579 2803 1644 mari

474 1695 835 1781 gerendum
874 1694 1286 1781 permitteret.
1371 1689 1527 1772 Quo
1582 1692 1749 1756 facto
1802 1688 1918 1754 ubi
1972 1699 2245 1773 uterque
2300 1688 2529 1754 consul
2568 1685 2803 1752 urbem

473 1801 754 1889 reliquit,
796 1824 1004 1869 vacua
1043 1804 1217 1868 facta
1257 1810 1356 1866 est
1392 1810 1456 1864 et
1492 1798 1935 1865 Narbonensis
1978 1797 2213 1873 Gallia,
2253 1819 2420 1881 quae
2462 1797 2565 1861 vel
2606 1817 2802 1880 prae·-

473 1912 597 1975 tori
639 1911 830 1977 alicui
875 1911 1027 1976 data
1053 1911 1158 1975 vel
1197 1910 1256 1974 ei
1295 1908 1410 1994 qui
1453 1919 1643 1972 antea
1681 1908 2016 1984 habuerat,
2056 1906 2354 1992 quisquis
2392 1905 2518 1970 fuit
2560 1905 2806 1990 (neque

473 2019 646 2083 enim
685 2019 768 2082 L.
806 2018 1150 2094 Manlium,
1189 2016 1304 2102 qui
1345 2037 1515 2080 anno
1551 2015 1636 2082 76
1672 2016 2058 2093 obtinuerat,
2098 2025 2255 2080 tunc
2297 2013 2563 2100 amplius
2605 2012 2676 2077 in
2718 2035 2810 2078 ea

473 2125 678 2191 fuisse
721 2125 1024 2209 arbitror)
1065 2135 1412 2210 prorogata
1453 2134 1574 2200 est,
1616 2134 1681 2188 et
1707 2122 1915 2199 Italia,
1956 2144 2150 2207 quam
2194 2121 2635 2208 proconsulari
2677 2121 2807 2184 im-

471 2232 654 2320 perio
669 2280 689 2311 ,
735 2243 809 2297 ut
862 2256 982 2319 par
1015 2242 1184 2310 erat,
1233 2229 1312 2299 C.
1361 2229 1555 2297 Cotta
1600 2231 1768 2296 rexit
1820 2229 2099 2315 bellique
2142 2253 2220 2297 ac
2258 2231 2567 2316 triumphi
2612 2252 2803 2296 occa-

477 2341 724 2407 sionem
769 2341 1036 2428 accepit.
1130 2339 1326 2406 Anno
1364 2340 1446 2406 73
1490 2363 1547 2404 a.
1596 2337 1751 2405 Chr.
1792 2361 1959 2424 quae
2007 2339 2377 2404 consulares
2430 2338 2793 2426 provinciae

475 2448 718 2514 fuerint
773 2460 1000 2514 notum
1061 2459 1180 2514 est.
1279 2446 1446 2512 Nam
1508 2447 1603 2513 M.
1672 2447 1995 2512 Lucullus
2061 2447 2516 2512 Macedoniam
2578 2445 2804 2512 habuit

475 2553 871 2639 (Comment.
910 2557 1242 2644 epigraph.
1287 2558 1356 2624 ΙΙ
1397 2581 1463 2643 p.
1489 2557 1661 2640 181),
1708 2553 1785 2632 C.
1830 2553 2103 2622 Cassius
2127 2555 2345 2622 Varus
2391 2555 2666 2622 Italiam.
2724 2554 2805 2620 In

475 2686 606 2750 quo
645 2687 874 2730 rursus
918 2677 1371 2752 argumentum
1413 2665 1569 2732 satis
1617 2674 1865 2729 certum
1907 2663 2473 2752 deprehendimus,
2514 2685 2647 2748 quo
2670 2663 2803 2729 Ita-

473 2772 625 2838 liam
669 2795 820 2838 cum
851 2772 1066 2840 Gallia
1091 2771 1424 2860 Cisalpina
1461 2773 1869 2839 coniunctam
1897 2773 2181 2838 consulis
2218 2772 2483 2838 alterius
2522 2771 2803 2856 imperio

474 2881 768 2966 paruisse
811 2882 1271 2968 intelligamus.
1359 2881 1623 2946 Etenim
1662 2902 1812 2947 cum
1850 2880 1962 2946 illo
2000 2903 2169 2946 anno
2202 2880 2444 2946 bellum
2483 2879 2801 2967 gladiato-

474 2989 644 3053 rium
687 2991 1063 3067 exarsisset,
1110 2991 1361 3077 primus
1399 2989 1645 3056 ducum
1688 2989 2125 3054 Romanorum
2162 3011 2201 3052 a
2240 2986 2551 3075 Spartaco
2584 2987 2793 3052 victus

477 3105 575 3160 est
616 3092 892 3162 Clodius
935 3099 1204 3184 aliquis,
1247 3098 1330 3164 de
1371 3120 1503 3183 quo
1554 3098 1647 3163 sic
1682 3098 1879 3162 refert
1922 3097 2311 3163 Plutarchus
2356 3094 2577 3162 Crass.
2620 3119 2679 3162 c.
2724 3096 2801 3162 9:

478 3201 690 3266 ἔπειτα
723 3201 1013 3268 Κλωδίου
1057 3211 1396 3290 στρατηγοῦ
1431 3205 1584 3290 μετὰ
1625 3206 1965 3290 τριςχιλίων
2000 3206 2391 3292 πεμφθέντος
2428 3205 2497 3270 ἐκ
2520 3202 2804 3290 Ῥώμης,

475 3332 552 3375 ac
581 3310 874 3376 similiter
898 3308 1178 3378 Orosius
1200 3311 1287 3390 V,
1310 3313 1392 3378 24
1425 3313 1635 3377 Clodia·
1658 3318 1991 3396 praetoris,
2036 3314 2148 3400 qui
2188 3337 2409 3380 servos
2456 3314 2805 3380 obsidione

477 3419 818 3497 cinxisset,
875 3430 1084 3485 castra
1136 3432 1509 3508 expugnata
1550 3443 1693 3487 esse
1750 3419 1987 3487 scribit.
2077 3421 2212 3488 Sed
2267 3434 2331 3488 et
2372 3422 2805 3488 Plutarchum

477 3525 878 3595 Graecorum
915 3550 1092 3595 more
1133 3529 1464 3614 στρατηγόν
1510 3529 1869 3617 intelligere
1913 3553 2083 3609 eum,
2129 3532 2243 3619 qui
2285 3531 2424 3596 dux
2450 3532 2800 3608 exercitus,

473 3659 604 3702 non
643 3637 757 3722 qui
799 3647 1056 3724 praetor
1097 3637 1200 3715 sit,
1243 3647 1308 3704 et
1338 3635 1652 3705 Orosium
1685 3661 1915 3725 parum
1944 3661 2093 3705 vere
2125 3640 2471 3706 tradidisse
2512 3637 2801 3707 ostendit

473 3744 707 3810 Livius
774 3745 928 3831 epit.
972 3741 1210 3823 XCV;
1273 3769 1420 3812 nam
1484 3747 1541 3812 is
1587 3744 1939 3812 Claudium
1987 3746 2348 3812 Pulchrum
2409 3749 2705 3835 legatum
2763 3772 2804 3813 a

477 3849 790 3938 Spartaco
837 3853 1080 3919 victum
1127 3873 1271 3919 esse
1309 3853 1417 3918 ait.
1484 3851 1697 3920 Cuius
1730 3855 1936 3941 igitur
1966 3853 2074 3919 ille
2107 3854 2507 3940 imperatoris
2540 3857 2799 3943 legatus

475 3960 658 4025 erat?
742 3957 938 4026 Certe
985 3982 1116 4026 non
1171 3960 1488 4047 praetoris
1548 3962 1821 4028 alicuius
1878 3965 2057 4048 (nam
2107 3975 2257 4048 post
2315 3964 2483 4031 hanc
2542 3965 2799 4032 cladem

473 4067 551 4134 P.
597 4067 939 4134 Vatinium
981 4066 1302 4136 Glabrum
1357 4080 1717 4157 praetorem
1778 4071 2047 4157 eiusque
2097 4071 2383 4158 legatum
2427 4073 2713 4140 Furium
2762 4099 2801 4140 a

474 4171 786 4262 Spartaco
829 4177 1035 4244 victos
1079 4200 1222 4244 esse
1259 4179 1458 4244 tradit
1501 4178 1945 4264 Plutarchus),
2003 4201 2124 4246 nec
2156 4179 2561 4266 imperatoris
2610 4194 2797 4248 extra

469 4284 703 4352 urbem
753 4286 821 4351 in
870 4285 1204 4371 provincia
1261 4287 1479 4373 aliqua
1522 4287 1840 4365 collocati,
1898 4290 2015 4354 sed
2068 4299 2207 4354 tum
2248 4289 2329 4354 ad
2372 4289 2605 4356 urbem
2644 4313 2797 4357 cum

471 4394 760 4470 exercitu
801 4393 1284 4473 commorantis3
1327 4419 1479 4461 nam
1504 4418 1627 4462 nec
1648 4397 2003 4462 exercitum
2026 4398 2229 4463 ullum
2257 4409 2413 4464 tunc
2448 4399 2533 4464 ad
2562 4398 2795 4466 urbem
