2917 5017
479 305 603 371 288
1087 309 1171 357 De
1211 307 1411 370 legibus
1447 306 1838 370 municipalibus
1876 306 2187 369 Hispanicis.

479 472 788 537 donatum
839 482 936 536 est
987 492 1164 553 agro,
1223 467 1332 551 qui
1382 466 1551 531 inter
1607 463 2067 551 Carthaginem
2122 476 2187 529 et
2238 466 2613 551 Hipponem
2666 478 2787 529 erat

479 579 682 665 (App.
723 580 950 644 Punic.
995 602 1048 643 c.
1100 577 1278 657 135)=
1333 575 1400 639 in
1448 597 1577 659 quo
1622 575 1734 659 qui
1777 573 2167 649 habitabant,
2205 596 2329 639 non
2367 574 2676 639 existimo
2718 574 2789 637 ab

481 684 759 752 Caesare
803 688 1130 772 Augusto,
1181 706 1326 749 cum
1372 684 1693 748 civitatem
1748 684 2103 747 Romanam
2147 680 2575 747 Uticensibus
2623 682 2790 745 daret

479 794 640 873 (Dio
675 792 858 861 Cass.
895 794 1160 868 XLIX,
1207 791 1334 870 16),
1375 794 1527 857 item
1566 791 1773 855 factos
1818 812 1959 854 esse
2006 790 2181 854 cives
2224 790 2575 855 Romanos.
2640 789 2789 852 Nam

479 902 726 967 etiamsi
753 903 834 967 de
867 903 1178 967 dictatore
1207 900 1487 967 Caesare
1521 900 1759 963 bellum
1796 920 1943 963 cum
1976 898 2139 963 Iuba
2170 911 2433 983 gerente
2459 896 2633 961 bene
2672 919 2793 961 me-

477 1010 735 1085 ruisset,
775 1034 902 1075 non
941 1022 1192 1075 tantum
1223 1007 2030 1075 recentibusUticensium
2067 1006 2419 1081 beneficiis,
2464 1005 2587 1070 sed
2616 1006 2793 1067 etiam

478 1118 679 1181 veteri
730 1119 796 1181 in
851 1120 1160 1203 populum
1215 1118 1571 1183 Romanam
1624 1115 1779 1179 fidei
1834 1114 2109 1179 civitatis
2166 1115 2527 1199 praemium
2582 1114 2793 1178 datum

477 1238 610 1289 est:
669 1225 964 1291 movebat
1027 1228 1214 1289 etiam
1263 1225 1663 1311 Augustum,
1721 1235 1793 1288 ut
1852 1222 2173 1287 civitatem
2228 1224 2591 1287 Romanam
2648 1223 2791 1306 ipsis

478 1333 902 1398 Uticensibus
947 1333 1276 1411 tribueret,
1322 1334 1496 1418 quod
1528 1332 1593 1396 hi
1622 1332 1745 1395 iam
1774 1342 1961 1395 antea
1985 1330 2172 1395 liberi
2211 1332 2469 1395 fuerant
2496 1331 2791 1411 (Rudorf.

477 1441 558 1507 de
613 1442 739 1525 leg.
793 1465 928 1527 agr.
979 1442 1219 1506 Thoria
1271 1443 1338 1506 in
1390 1440 1629 1507 Annal.
1668 1439 2027 1525 Iurisprud.
2072 1439 2221 1503 hist.
2266 1439 2356 1515 X,
2414 1442 2435 1503 1
2500 1464 2569 1525 p.
2628 1442 2789 1523 101);

475 1550 714 1634 quibus
754 1551 866 1634 qui
909 1551 1198 1614 attributi
1241 1562 1409 1627 sunt,
1451 1551 1603 1634 quia
1641 1551 2081 1614 Romanorum
2130 1571 2305 1611 arma
2353 1568 2481 1610 non
2533 1545 2791 1609 adiuve-

475 1670 638 1734 rant,
695 1659 870 1722 nullo
927 1660 1274 1743 praecipuo
1339 1660 1479 1723 iure
1543 1658 1907 1723 utebantur.
1997 1654 2183 1736 Quae
2240 1678 2387 1719 cum
2444 1655 2539 1719 ita
2603 1655 2793 1717 fuisse

475 1766 832 1842 videantur,
891 1766 1086 1831 Utica
1137 1789 1262 1831 non
1323 1766 1512 1830 modo
1573 1771 1799 1829 cebium
1858 1769 2284 1829 Romanorum
2344 1764 2717 1850 appellatur
2764 1788 2795 1826 a

475 1874 688 1938 Plinio
749 1886 877 1938 nat.
936 1874 1084 1937 hist.
1137 1874 1222 1949 V,
1287 1876 1344 1950 3,
1403 1875 1506 1948 24,
1572 1874 1687 1938 sed
1752 1874 1942 1937 etiam
2004 1878 2416 1954 municipium
2487 1896 2531 1935 a
2590 1871 2792 1937 Gellio
2862 1880 2864 1943 i

471 1982 666 2057 XVI,
719 1984 813 2058 13,
869 1994 1208 2067 antequam
1263 1983 1523 2066 quidem
1576 1983 1656 2046 ab
1688 1982 2043 2047 ·Hadriano
2088 1983 2373 2047 coloniae
2432 1982 2543 2044 ius
2598 1981 2789 2064 impe-

473 2091 666 2154 travit
711 2087 1104 2172 (Comment.
1157 2091 1186 2152 I
1250 2115 1310 2175 p.
1358 2092 1533 2172 421).
1612 2090 1841 2154 Nonne
1900 2090 2102 2173 igitur
2158 2090 2399 2175 duplex
2462 2089 2789 2153 hominum
2862 2160 2864 2173 2

473 2220 682 2283 genus
725 2197 790 2260 in
827 2199 1174 2282 municipio
1215 2199 1396 2263 erat?
1442 2222 1719 2282 quorum
1756 2198 1869 2261 uni
1908 2198 2165 2262 civitate
2201 2198 2495 2262 Romana
2524 2198 2789 2262 uteban-

474 2316 598 2381 tur,
639 2306 820 2369 alteri
868 2328 946 2372 ea
983 2308 1300 2382 carebant,
1343 2330 1508 2391 quos
1552 2307 1855 2392 paulatim
1902 2328 2049 2370 cum
2093 2307 2351 2391 populis
2398 2306 2641 2371 vicinis
2672 2306 2789 2368 La-

471 2416 718 2479 tinitate
769 2414 1038 2479 donatos
1095 2438 1237 2479 esse
1295 2413 1587 2478 arbitror.
1685 2414 1818 2479 Sed
1874 2416 2158 2479 constitit
2220 2415 2376 2480 haec
2439 2416 2509 2477 in
2575 2413 2785 2477 eodem

471 2520 820 2605 municipio
856 2521 1016 2584 iuris
1062 2521 1406 2586 diversitas
1445 2523 1633 2586 etiam
1677 2532 1920 2607 postea.
1993 2523 2158 2587 Nam
2198 2524 2572 2598 UticenseS,
2620 2532 2787 2606 post·
2860 2586 2862 2621 i

470 2651 666 2714 quam
727 2628 810 2693 ab
868 2628 1224 2705 Hadriam,
1279 2641 1353 2693 ut
1411 2630 1569 2707 dixi,
1624 2631 1905 2695 coloniae
1963 2631 2337 2715 dignitatem
2380 2642 2785 2716 acceperunt,
2857 2712 2859 2717 ³

471 2735 552 2801 ab
592 2735 906 2822 Septimio
944 2736 1188 2803 Severo
1231 2739 1334 2803 ius
1376 2739 1674 2804 Italicum
1717 2739 2045 2803 consecuti
2086 2750 2237 2804 sunt
2258 2736 2661 2822 (Comment.
2686 2736 2783 2801 l.l.
2857 2784 2859 2787 >

469 2868 530 2931 p.
551 2846 736 2926 ,490)‚
773 2845 838 2909 in
883 2866 1014 2930 quo
1057 2847 1331 2909 maxima
1371 2848 1656 2913 omnium
1696 2872 1913 2913 rerum
1942 2848 2309 2911 immunitas
2342 2847 2574 2922 inerat,
2602 2867 2783 2929 quam

469 2955 614 3038 quis
659 2952 910 3039 putabit
957 2975 1084 3017 non
1125 2954 1450 3019 veteribus
1498 2965 1745 3019 tantum
1786 2955 2035 3031 incolis,
2079 2955 2193 3040 qui
2241 2955 2551 3040 deinceps
2596 2953 2783 3018 liber-
2858 2948 2860 2955 ’

471 3072 683 3137 tatem,
729 3062 1050 3125 civitatem
1087 3061 1467 3139 Romanam,
1512 3064 1797 3129 coloniae
1840 3086 2070 3128 nomen
2116 3074 2513 3148 acceperant,
2566 3085 2779 3127 verum

469 3169 658 3233 etiam
691 3169 818 3231 illis
865 3169 1006 3253 agri
1035 3169 1364 3235 Uticensis
1407 3171 1791 3247 aratoribus,
1830 3172 1942 3256 qui
1982 3194 2220 3256 poenae
2268 3194 2466 3236 causa
2500 3169 2782 3236 attributi

469 3287 668 3350 erant,
721 3296 864 3339 esse
919 3279 1334 3341 concessam?
1397 3280 1643 3345 Mansit
1692 3281 1895 3366 igitur
1934 3281 2263 3364 quoddam
2312 3280 2647 3345 hominum
2692 3279 2779 3342 di-

470 3384 744 3449 scrimen
788 3382 1021 3448 Uticae
1065 3385 1254 3449 etiam
1297 3398 1633 3471 postquam
1678 3389 1760 3453 ab
1805 3385 2135 3453 Caracallo
2160 3387 2461 3451 omnibus
2485 3386 2779 3473 ingenuis

467 3492 694 3557 civitas
757 3492 898 3577 ipsa
957 3491 1247 3559 Romana
1309 3495 1460 3561 data
1520 3509 1636 3573 est,
1692 3496 2108 3580 similiterque
2161 3496 2317 3561 alias
2372 3496 2538 3559 iuris
2584 3493 2779 3559 Italici

463 3600 742 3665 colonias
786 3600 1112 3667 institutas
1157 3604 1361 3668 fuisse
1405 3605 1725 3669 novimus.
1810 3602 2055 3668 Similis
2106 3615 2321 3668 aut-em
2363 3604 2431 3666 in
2476 3604 2625 3688 ipsa
2668 3602 2779 3665 Hi-

463 3710 686 3793 spania
741 3708 1208 3775 Tarraconensi
1273 3710 1547 3798 Sagunti
1610 3724 1745 3777 erat
1800 3712 2113 3787 condicio,
2170 3712 2345 3797 quod
2401 3722 2469 3776 et
2498 3712 2779 3776 ,civitate

460 3814 752 3881 Romana
804 3840 994 3881 usum
1057 3840 1200 3883 esse
1255 3830 1507 3885 constat
1548 3821 1746 3903 (Plin.
1792 3832 1921 3885 nat.
1959 3820 2109 3885 hist.
2152 3820 2276 3896 ΙΙΙ,
2314 3820 2428 3903 20)
2480 3832 2545 3885 et
2600 3841 2779 3904 saepe

460 3924 766 4009 appellari
811 3925 1251 4011 municipium.
1321 3929 1398 3993 In
1449 3930 1591 3994 eius
1632 3929 1801 3993 enim
1836 3939 2151 4014 potestate
2194 3929 2275 3993 ab
2315 3929 2489 3995 bello
2536 3930 2779 3994 Punico

463 4031 749 4096 secundo
769 4054 881 4096 eae
906 4032 1426 4101 Turdetanorum
1451 4049 1633 4103 erant
1654 4049 1903 4124 gentes,
1922 4063 1963 4103 a
1982 4038 2221 4122 quibus
2239 4037 2633 4103 Hannibalis
2652 4037 2779 4102 bel-

458 4138 595 4202 lum
615 4150 824 4203 ortum
851 4152 1005 4217 erat,
1029 4143 1398 4229 legatosque
1421 4143 1934 4231 Saguntinorum
1958 4147 2207 4211 senatui
2226 4146 2523 4211 Romano
2548 4147 2775 4233 gratias
2852 4234 2854 4239 Ι

461 4247 676 4332 egisse
717 4260 932 4313 narrat
974 4250 1122 4315 Liv.
1156 4253 1493 4329 XXVHI,
1536 4254 1638 4331 29,
1681 4255 1857 4340 quod
1896 4278 1977 4319 ex
2017 4255 2297 4320 hostium
2334 4255 2489 4319 olim
2520 4278 2773 4320 suorum

459 4376 618 4439 agro
669 4357 949 4443 vectigal
993 4371 1312 4443 caperent.
1388 4362 1529 4427 Iam
1578 4362 1903 4428 nescimus
1966 4385 2081 4427 nos
2131 4364 2419 4448 quidem,
2474 4367 2625 4451 quis
2676 4366 2769 4429 ille
