2917 5017
771 349 856 400 De
891 350 1262 413 propagatione
1297 347 1515 397 civitatis
1550 347 1833 398 Romanae.
2328 341 2457 410 ,327

121 515 488 600 imperator
537 515 689 579 item
754 520 1008 577 vetusta
1051 505 1521 574 consuetudine
1574 507 1701 572 sibi
1758 518 2139 593 sumpserat,
2192 505 2461 572 Tacitus

124 623 374 687 Annal.
395 623 558 698 XII,
586 621 623 685 4
665 641 834 685 anno
863 619 942 684 49
985 628 1198 682 narrat
1237 639 1352 702 pro
1395 625 1707 700 potestate
1736 615 2029 680 censoria
2055 615 2179 679 hoc
2206 615 2460 692 fecisse,

123 743 198 794 ut
239 729 332 795 L.
379 727 674 794 Silanum
721 737 948 792 senatu
991 735 1312 789 moveret:
1355 745 1487 809 qua
1523 723 1590 786 in
1635 745 1707 787 re
1750 723 1873 788 etsi
1914 721 2303 788 abutebatur
2342 745 2461 809 po·-

123 849 366 904 testate
431 837 790 921 meritoque
849 834 945 899 ab·
999 833 1226 898 Tacito
1289 832 1721 917 vituperatur,
1780 842 2181 917 praetextum
2248 841 2461 896 tamen

123 969 306 1021 eum,
355 967 550 1031 quem
593 943 898 1017 diximus,
943 942 1206 1006 videtur
1249 939 1576 1004 habuisse.
1660 937 2073 1024 Quamquam
2124 939 2289 1004 illud
2332 961 2463 1004 non

125 1056 480 1120 ferendum
519 1063 638 1128 est,
679 1050 854 1134 qnod
901 1047 1070 1114 idem
1111 1049 1190 1112 L.
1215 1047 1519 1115 Vitellius
1556 1047 1623 1112 in
1668 1069 1933 1112 nummo
1974 1047 2151 1133 apud
2188 1047 2461 1112 Eckhel.

121 1165 210 1228 D.
247 1163 338 1227 N.
377 1162 478 1226 VI
523 1184 580 1245 p.
627 1159 748 1225 313
795 1179 1024 1222 censor
1066 1157 1134 1221 II
1179 1156 1553 1242 appellatur.
1630 1155 1837 1220 Nemo
1878 1155 2049 1222 enim
2084 1166 2230 1220 ante
2262 1153 2461 1220 Clau-

124 1270 320 1334 dium
363 1286 634 1334 censura
679 1287 824 1330 enm
883 1265 1179 1330 functum
1221 1285 1364 1330 esse
1411 1262 1653 1338 scribit,
1693 1276 1921 1349 postea
1960 1275 2175 1329 autem
2216 1285 2299 1328 ne
2346 1285 2463 1348 po-

126 1378 258 1442 tuit
303 1377 590 1462 quidem,
635 1375 790 1459 quia
817 1385 1140 1438 extremae
1185 1372 1537 1438 senectutis
1578 1384 1715 1436 erat
1744 1371 1929 1455 (Tac.
1960 1372 2133 1436 Ann.
2158 1369 2322 1448 XII,
2350 1372 2463 1457 4⁴2)

123 1507 204 1550 ae
251 1505 408 1548 mox
450 1483 751 1547 decessit.

303 1593 387 1657 In
453 1589 574 1655 hac
639 1589 844 1675 igitur
901 1609 1176 1652 censura
1239 1611 1388 1653 cum
1453 1598 1717 1652 senatus
1785 1587 2111 1673 legeretur
2160 1592 2465 1670 primores

127 1703 390 1765 Galliae
439 1701 729 1764 Comatae
747 1699 1021 1775 foedera
1062 1707 1124 1759 et
1165 1701 1479 1760 civitatem
1526 1699 1879 1758 Romanam
1918 1699 2161 1776 pridem
2204 1701 2469 1758 assecuti

125 1809 588 1894 imperatorem
629 1802 981 1870 Claudium
1033 1803 1350 1879 adierunt,
1401 1804 1509 1867 ius
1569 1803 1886 1868 honorum
1927 1814 2237 1888 petentes.
2329 1801 2464 1883 Qui

131 1929 290 1980 sunt
337 1916 434 1980 illi
479 1912 840 2001 primores?
923 1912 1029 1976 De
1069 1910 1308 1996 quibus
1347 1911 1629 1996 primum
1668 1911 1961 1996 intelligo
2006 1911 2303 1976 Tacitum
2344 1911 2465 1976 mi-

129 2045 262 2088 nus
308 2033 607 2088 accurate
651 2020 890 2097 dicere,
937 2021 1111 2106 quod
1150 2041 1266 2084 eos
1308 2019 1398 2084 ait
1433 2019 1697 2084 foedera
1736 2042 1881 2085 esse
1920 2030 2273 2086 assecutos.
2344 2020 2468 2084 Est

135 2133 313 2196 enim
363 2141 586 2196 contra
627 2151 874 2196 morem
898 2130 1263 2195 Romanum
1305 2151 1516 2214 neque
1556 2151 1839 2213 unquam
1874 2132 2140 2205 factum,
2185 2141 2257 2192 ut
2286 2129 2467 2214 quis-

133 2261 336 2323 quam
384 2261 554 2304 unus
603 2240 708 2304 vel
761 2250 838 2302 nt
878 2237 1172 2303 homines
1219 2237 1585 2322 complures
1638 2238 1901 2303 foedere
1944 2261 2093 2302 cum
2134 2215 2467 2322 republica

133 2346 436 2412 Romana
477 2348 988 2432 coniungantur:
1031 2343 1258 2429 populi
1285 2358 1438 2410 sunt
1465 2345 1777 2412 foederati
1804 2369 1881 2412 ac
1910 2347 2203 2412 civitates
2226 2345 2467 2432 quique

137 2467 240 2520 est
285 2478 372 2522 ex
412 2455 650 2542 populo
693 2455 1043 2529 foederato,
1095 2451 1250 2516 item
1289 2453 1430 2540 ipse
1475 2454 1953 2537 quodammodo
1990 2466 2205 2542 potest
2244 2455 2467 2520 foede-

135 2576 318 2629 ratus
383 2563 710 2649 appellari.
813 2561 1036 2644 Quare
1099 2560 1266 2626 illud
1327 2563 1559 2641 elucet,
1618 2586 1767 2630 cum
1826 2563 2093 2630 Tacitus
2153 2564 2468 2650 primores

134 2673 406 2738 foedera
429 2683 764 2738 assecutos
801 2669 1100 2755 appellet,
1130 2672 1426 2754 quamvis
1461 2672 1677 2738 minus
1715 2673 1973 2758 proprie
1998 2673 2319 2756 loquatur,
2346 2672 2471 2737 hoc

137 2803 292 2846 eum
331 2781 570 2856 dicere,
613 2781 926 2866 primores
971 2779 1120 2843 illos
1163 2778 1370 2844 fuisse
1418 2780 1745 2844 civitatum
1778 2782 2268 2846 foederatarum.
2332 2777 2469 2844 Sed

137 2889 504 2954 rectissime
546 2887 730 2954 addit
755 2891 1005 2970 pridem
1047 2909 1160 2951 eos
1205 2887 1529 2952 civitatem
1570 2909 1715 2953 esse
1748 2899 2103 2954 assecutos.
2184 2886 2469 2952 Omnino

139 2999 316 3063 enim
373 2998 638 3062 foedera
687 2998 813 3063 nisi
873 3018 1002 3080 quo
1055 2995 1330 3080 quisque
1383 2996 1663 3082 populus
1706 3007 1995 3082 tempore
2042 2996 2326 3081 primum
2364 3019 2469 3060 re-

139 3106 383 3191 cipitur
441 3117 634 3190 atque
687 3105 958 3190 imperio
1005 3105 1300 3170 Romano
1357 3103 1686 3181 adiicitur,
1738 3127 1867 3168 non
1924 3105 2130 3168 solent
2184 3103 2469 3168 concedi.

135 3215 244 3280 Ita
297 3237 464 3298 quae
519 3215 588 3278 in
633 3213 909 3280 Graecia
959 3235 1195 3299 magna
1251 3213 1509 3279 fuerant
1564 3212 1857 3280 civitates
1909 3212 2299 3288 foederatae,
2340 3233 2469 3296 quo

143 3333 435 3407 tempore
477 3322 589 3388 illa
640 3321 822 3406 regio
868 3321 936 3384 in
989 3320 1430 3386 Romanorum
1478 3321 1803 3388 dicionem
1846 3323 2042 3399 venit,
2094 3321 2469 3397 extiterant3

139 3431 233 3496 ita
294 3431 363 3494 in
408 3429 630 3496 Sicilia
671 3451 836 3514 quae
877 3428 1244 3494 foederatae
1287 3429 1484 3495 urbes
1526 3431 1810 3507 fuerunt,
1854 3439 2115 3516 propter
2155 3430 2471 3495 bellorum

139 3539 541 3606 Punicorum
589 3537 818 3602 merita
861 3538 1116 3614 foedus,
1169 3560 1298 3622 quo
1341 3539 1503 3622 quid
1550 3547 1969 3626 praestarent,
2016 3538 2173 3622 quid
2218 3537 2471 3623 accipe-

139 3660 306 3724 rent,
353 3647 802 3724 definiebatur,
849 3657 1232 3713 consecutae
1273 3658 1487 3724 erant3
1536 3647 1628 3712 ita
1669 3647 1738 3711 in
1778 3646 2097 3732 Hispania
2138 3644 2471 3722 Gaditani,

140 3771 490 3843 antequam
545 3756 879 3842 provincia
939 3755 1264 3842 Hispania
1325 3755 1677 3820 constituta
1740 3766 1868 3832 est,
1910 3753 2191 3820 foedere
2252 3753 2475 3818 donati

143 3879 328 3932 erant
391 3862 567 3950 (Cic.
619 3887 679 3949 p.
727 3863 908 3928 Balb.
961 3865 1099 3947 15);
1159 3865 1250 3929 ita
1305 3861 1637 3940 Athenae,
1698 3886 1847 3929 cum
1902 3864 2237 3950 provincia
2290 3863 2473 3928 fieret

145 3975 416 4050 Achaia,
473 3974 566 4040 ita
617 3972 852 4056 reliqui
903 3994 1148 4049 omnes,
1205 3973 1320 4058 qui
1365 3996 1639 4059 usquam
1684 3972 1997 4038 foederati
2048 3971 2471 4057 appellantur,

147 4107 222 4150 eo
265 4095 554 4167 tempore
603 4079 1013 4167 reperiuntur
1053 4082 1288 4148 foedus
1336 4083 1688 4168 accepisse,
1728 4105 1859 4166 qno
1902 4081 2183 4168 primum
2224 4081 2307 4145 ad
2350 4080 2472 4144 im-

149 4194 401 4279 perium
455 4192 892 4256 Romanorum
953 4202 1418 4275 pervenerunt,
1476 4213 1687 4276 neque
1752 4191 1889 4255 nlla
1944 4211 2103 4276 gens
2156 4187 2475 4256 nominari

148 4299 404 4387 poterit,
426 4320 594 4383 quae
619 4309 958 4385 postquam
989 4297 1390 4385 aliquamdiu
1415 4299 1541 4364 alio
1570 4300 1711 4365 iure
1736 4321 1859 4364 usa
1894 4309 2009 4376 est,
2047 4308 2185 4363 tum
2214 4306 2475 4382 propter

153 4411 380 4478 merita
419 4410 638 4494 aliqua
675 4408 908 4475 foedus
955 4433 994 4474 a
1035 4409 1274 4498 populo
1315 4408 1607 4475 Romano
1662 4407 1983 4496 acceperit
2024 4406 2474 4492 foederataque
