2917 5017
483 328 567 395 66
1138 330 1221 380 De
1262 328 1433 380 Gallia
1471 330 1822 378 Romanorum
1867 328 2140 393 provincia.

486 464 861 559 consulibus
902 492 1269 579 provincias
1313 494 1566 553 minimi
1588 494 1843 569 negotii,
1893 492 1966 553 id
2003 500 2091 552 est
2118 494 2304 554 silvas
2345 494 2652 570 callesque
2697 485 2809 551 de-

486 602 707 668 crevit.
791 598 904 666 Sic
944 601 1185 687 legitur
1233 599 1407 684 apud
1458 596 1842 663 Suetonium
1890 594 2078 662 Caes.
2120 621 2174 662 c.
2231 598 2326 673 19,
2379 596 2568 662 cuius
2613 594 2812 659 verba

484 711 773 776 nondum
814 731 1200 795 quemquam
1234 706 1369 772 vidi
1410 708 1854 791 interpretum,
1897 706 2006 790 qui
2049 716 2221 771 recte
2269 706 2371 769 vel
2413 706 2521 781 ita,
2569 715 2646 769 ut
2691 702 2810 767 sibi

484 818 725 883 nedum
770 818 911 881 aliis
968 817 1395 891 satisfaceret,
1460 814 1826 899 explicarit,
1886 835 2164 898 quorum
2213 813 2702 878 emendationes
2754 821 2812 875 et

486 927 885 992 coniecturas
910 925 1197 989 omittere
1226 934 1524 1009 praestat.
1568 921 1706 986 Nec
1727 922 1997 1007 Lipsius
2029 922 2112 986 ad
2137 921 2291 986 Tac.
2321 921 2554 985 Annal.
2583 919 2710 996 IV,
2735 919 2810 984 27

486 1046 599 1101 aut
622 1034 987 1108 Ernestius,
1029 1034 1139 1116 qui
1183 1032 1365 1095 illum
1412 1030 1756 1116 supplevit,
1801 1030 2130 1115 vulgatam
2174 1029 2516 1093 lectionem
2555 1039 2811 1092 tuentes

485 1164 849 1229 magnaque
914 1162 1059 1205 cum
1117 1139 1478 1203 eruditione
1535 1138 1940 1225 disputantes
2006 1138 2348 1222 quicquam
2411 1148 2807 1223 repererunt,

484 1272 615 1336 quo
654 1272 937 1333 unquam
996 1248 1257 1313 easdem
1316 1247 1585 1311 aliorum
1635 1246 1975 1311 consulum
2019 1246 2386 1330 provincias
2443 1246 2652 1309 fuisse
2699 1245 2807 1307 de-

485 1368 931 1423 monstrarent.
1016 1355 1149 1420 Nos
1191 1355 1487 1440 quidem,
1539 1354 1650 1438 qui
1697 1376 1816 1440 per
1875 1356 2022 1441 plus
2077 1377 2268 1439 quam
2311 1365 2572 1419 centum
2615 1376 2808 1418 annos

488 1466 827 1531 consulum
872 1464 1239 1549 provincias
1290 1463 1638 1548 diligenter
1683 1462 2006 1549 persecuti
2053 1462 2292 1539 simne,
2352 1462 2808 1538 intelleximus,

486 1576 747 1660 opinor,
808 1594 1137 1655 nunquam
1196 1594 1304 1635 eas
1369 1571 1574 1635 fuisse
1637 1573 1948 1648 tantulae,
2011 1582 2082 1635 ut
2147 1569 2328 1635 silvis
2389 1570 2812 1656 callibusque,

486 1694 1019 1769 quantaecunque
1052 1689 1267 1743 essent
1302 1679 1524 1755 silvae,
1560 1680 2072 1756 continerentur3
2115 1702 2264 1745 nam
2311 1680 2506 1743 calles
2549 1680 2814 1764 quidem

486 1814 607 1856 nec
650 1790 825 1876 apud
854 1788 1235 1853 Suetonium
1274 1810 1394 1851 nec
1438 1787 1613 1872 apud
1635 1786 1931 1851 Tacitum
1968 1788 2121 1852 ferri
2167 1800 2278 1853 aut
2302 1788 2631 1872 quomodo
2661 1810 2814 1853 con-

490 1899 647 1965 sulis
693 1898 1093 1984 provinciam
1129 1895 1386 1960 efficere
1417 1896 1766 1981 potuerint,
1811 1896 2092 1982 perspici
2118 1907 2351 1982 potest.
2409 1896 2636 1978 Quare
2669 1920 2819 1961 cum

486 2006 931 2071 emendatione
970 2005 1193 2086 utique
1236 2003 1555 2067 utendum
1599 2002 1714 2079 sit,
1757 2026 1874 2089 pro
1915 2026 1993 2068 eo
2037 2003 2212 2089 quod
2253 2027 2424 2068 nunc
2460 2004 2706 2089 legitur
2749 2008 2830 2068 id

486 2125 578 2177 est
615 2117 805 2177 silvae
850 2116 1149 2193 callesque
1188 2115 1680 2188 decernerentur,
1725 2113 2140 2178 scribendum
2185 2135 2330 2177 esse
2373 2134 2716 2177 censemus
2756 2116 2832 2176 id

484 2233 577 2285 est
612 2225 798 2285 Italia
848 2224 1181 2301 Galliaque
1221 2222 1666 2284 decerneretur.
1756 2219 1982 2305 Neque
2037 2222 2120 2286 de
2167 2221 2528 2285 litterarum
2591 2219 2818 2283 simili-

487 2328 713 2393 tudine
770 2350 846 2393 ac
916 2328 1295 2393 confusione
1352 2328 1697 2393 dicendum
1755 2351 1898 2393 esse
1957 2328 2376 2417 arbitramur,
2455 2348 2630 2411 quae
2685 2338 2800 2390 tam

486 2461 689 2524 parva
732 2450 850 2514 est,
894 2447 965 2500 ut
1006 2437 1330 2520 quomodo
1372 2437 1698 2523 corruptio
1743 2436 1854 2501 illa
1881 2436 2291 2501 librariorum
2334 2435 2596 2501 inscitia
2640 2436 2816 2499 nasci

485 2546 799 2632 potuerit,
868 2544 1165 2609 facillime
1220 2556 1544 2629 appareat.
1655 2542 1788 2609 Sed
1851 2545 2014 2609 duas
2072 2545 2190 2609 has
2244 2568 2350 2608 res
2412 2544 2824 2622 docebimus,

486 2653 766 2738 primum
784 2652 1030 2716 minimi
1052 2652 1197 2716 illas
1222 2653 1586 2737 provincias
1617 2652 1820 2716 fuisse
1849 2652 2092 2738 negotii
2121 2652 2554 2736 iniuriamque
2579 2653 2824 2717 factam

487 2782 631 2826 esse
680 2757 976 2838 Caesari,
1038 2783 1169 2845 qua
1228 2773 1588 2825 commotus
1637 2761 2100 2846 rempublicam
2158 2759 2536 2846 perturbare
2581 2763 2825 2848 coepit,

485 2879 626 2934 tum
666 2868 825 2954 quid
868 2880 1129 2934 senatus
1171 2869 1640 2953 optimatesque
1688 2868 1892 2933 secuti
1941 2869 2100 2945 sint,
2151 2880 2262 2946 ut,
2307 2869 2464 2933 dum
2513 2864 2827 2935 Caesaris

486 2978 836 3063 potentiam
874 2977 1355 3063 angustissimis
1394 2977 1636 3043 finibus
1679 2988 2008 3054 coercent,
2071 2977 2352 3042 iustitiae
2400 2990 2621 3042 tamen
2666 3002 2818 3064 spe·

490 3084 651 3149 ciem
699 3107 956 3150 servare
1000 3085 1393 3149 viderentur.
1498 3086 1810 3151 Decrevit
1863 3086 2065 3171 igitur
2119 3098 2380 3151 senatus
2431 3088 2822 3153 consulibus

484 3191 737 3256 Italiam
782 3190 1188 3277 Galliamque
1231 3193 1274 3257 i.
1315 3217 1369 3258 e.
1408 3205 1483 3257 ut
1526 3194 1714 3258 ambo
1756 3195 2010 3259 Italiam
2049 3216 2197 3259 cum
2241 3193 2456 3261 Gallia
2480 3191 2817 3282 Cisalpina

487 3300 889 3364 coniunctam
916 3300 1225 3365 haberent
1246 3323 1513 3385 eamque
1535 3302 1954 3387 provinciam,
1979 3315 2172 3388 prout
2195 3313 2304 3369 aut
2331 3303 2486 3368 sorti
2509 3316 2630 3367 aut
2659 3304 2828 3391 ipsis

486 3407 867 3492 placuisset,
939 3409 1350 3494 partirentur.
1469 3409 1754 3475 Easdem
1831 3411 1977 3474 olim
2045 3412 2414 3498 provincias
2485 3434 2662 3477 anno
2748 3414 2829 3478 72

486 3514 841 3581 habuerant
886 3517 966 3581 L.
1017 3515 1273 3583 Gellius
1328 3528 1391 3583 et
1433 3515 1556 3583 Cn.
1600 3519 1959 3596 Lentulus,
2019 3541 2170 3585 cum
2221 3529 2356 3584 tota
2401 3520 2590 3585 Italia
2643 3520 2832 3587 bello

486 3624 912 3709 fugitivorum
958 3625 1331 3712 perturbata
1376 3627 1628 3713 magnis
1669 3627 1752 3692 ad
1798 3627 2105 3692 tuendam
2145 3627 2374 3692 urbem
2419 3630 2830 3697 exercitibus

488 3753 653 3817 opus
676 3754 821 3797 esse
847 3733 1209 3811 videbatur,
1250 3734 1365 3799 sed
1394 3736 1570 3820 quod
1600 3748 1756 3801 tunc
1776 3736 1843 3799 in
1877 3736 2091 3801 vicino
2122 3747 2186 3801 et
2213 3738 2488 3803 maxime
2523 3738 2826 3805 timendo

486 3838 655 3905 bello
692 3840 1047 3918 acciderat,
1090 3842 1317 3907 dubito
1362 3842 1775 3909 vehementer
1827 3866 1983 3909 num
2025 3845 2152 3909 alio
2194 3846 2328 3911 ullo
2370 3856 2516 3933 post
2557 3843 2818 3914 Sullam

484 3968 653 4011 anno
686 3949 929 4012 factum
972 3948 1073 4012 sit.
1153 3946 1572 4015 Constantem
1611 3952 1781 4016 enim
1819 3952 1922 4016 vel
1963 3974 2202 4017 morem
2245 3954 2349 4019 vel
2386 3954 2604 4041 legem
2653 3958 2822 4022 hanc

484 4053 689 4119 fuisse
714 4054 1135 4132 ostendimus,
1179 4069 1253 4121 ut
1278 4058 1459 4123 alteri
1493 4045 1832 4125 consulum
1865 4060 2168 4126 universa
2190 4062 2380 4127 Italia
2413 4084 2562 4127 cum
2593 4063 2824 4133 Gallia

485 4157 817 4248 Cisalpina
855 4162 1328 4229 decerneretur.
1421 4166 1577 4252 Ipso
1615 4167 1783 4234 bello
1825 4166 2232 4247 Catilinario,
2291 4171 2466 4255 quod
2510 4176 2820 4259 proxime

482 4280 949 4347 antecesserat,
1005 4274 1301 4358 quamvis
1354 4274 1561 4339 hostis
1601 4275 1668 4339 in
1721 4276 1863 4361 ipsa
1896 4276 2086 4342 Italia
2129 4289 2301 4343 esset
2351 4302 2428 4345 ac
2469 4282 2816 4370 multiplex

482 4376 735 4455 seditio,
778 4401 949 4443 unus
983 4391 1194 4445 tamen
1232 4393 1492 4469 praetor
1531 4383 1829 4449 sufficere
1873 4386 2054 4451 visus
2097 4397 2196 4451 est
2237 4409 2354 4452 nec
2393 4383 2470 4452 C.
2501 4389 2814 4466 Antonio,
