2917 5017
493 332 618 400 350
1113 338 1196 387 De
1233 338 1603 402 propagatione
1642 337 1861 386 civitatis
1898 339 2180 389 Romanae.

495 497 598 563 dis
641 499 920 583 impares
957 497 1202 574 fierent,
1251 497 1485 562 deinde
1526 521 1609 562 ne
1651 497 1811 563 urbs
1858 497 2003 584 ipsa
2047 499 2557 585 alienigenarum
2598 503 2807 564 multi-

494 607 719 671 tudine
780 607 1224 692 compleretur.
1311 603 1640 691 Improbat
1700 606 1769 669 id
1832 603 2093 684 Cicero,
2156 630 2279 670 non
2342 621 2475 672 tam
2536 631 2677 672 eam
2732 610 2805 674 ob

493 735 785 790 causam,
845 728 918 778 ut
969 715 1224 800 opinor,
1285 712 1458 798 quod
1518 713 1996 778 multitudinem
2052 714 2313 780 urbium
2360 715 2507 781 aliis
2548 729 2807 782 naturae

489 821 698 907 ipsius
739 821 1098 900 rationibus
1143 824 1244 887 vel
1285 822 1511 907 augeri
1550 821 1653 886 vel
1690 821 1893 886 minui
1936 822 2321 908 legibusque
2366 847 2603 909 parum
2646 825 2711 888 in
2740 848 2809 889 ea

491 953 562 996 re
609 932 830 1016 profici
873 931 1292 1007 intellexerat,
1336 953 1528 1016 quam
1580 929 1775 1014 quod,
1823 952 1971 994 cum
2014 931 2243 996 urbem
2288 933 2807 1014 commigratione

491 1040 782 1124 gentium
825 1051 889 1104 et
929 1039 1218 1103 extitisse
1265 1051 1329 1103 et
1371 1039 1655 1103 crevisse
1698 1039 1969 1115 videret,
1998 1040 2333 1123 antiquum
2366 1042 2545 1104 hunc
2570 1063 2805 1104 morem

489 1147 722 1232 deponi
767 1147 1026 1212 nolebat
1043 1158 1066 1210 z·
1109 1145 1222 1211 sed
1265 1167 1649 1232 quacunque
1690 1147 1772 1210 de
1828 1169 2025 1212 causa
2062 1146 2489 1232 improbabat,
2534 1148 2663 1212 hoc
2700 1171 2807 1234 ap·
2884 1155 2886 1202 ἵ

487 1270 700 1343 paret,
744 1277 908 1341 quae
959 1256 1138 1336 leges
1184 1255 1266 1318 de
1311 1254 1670 1338 peregrinis
1714 1253 1875 1320 urbe
1918 1255 2335 1340 prohibendis
2384 1257 2669 1342 scriptae
2712 1279 2807 1319 es-

491 1378 652 1440 sent,
697 1364 856 1428 nihil
897 1385 1162 1449 prorsus
1201 1362 1284 1426 ad
1326 1361 1450 1426 hoc
1486 1361 1853 1426 Latinitatis
1897 1364 2021 1439 ius,
2062 1365 2238 1448 quod
2266 1365 2615 1450 perspicuo
2644 1365 2810 1428 Livii

488 1473 852 1539 testimonio
901 1472 1395 1546 demonstratur,
1437 1469 1847 1556 pertinuisse.
1928 1471 2302 1537 Potuissent.
2344 1495 2501 1538 sane
2540 1495 2621 1537 eo
2670 1495 2811 1559 per-

488 1583 690 1646 tinere
733 1581 968 1645 alterae
1013 1581 1213 1664 leges,
1255 1577 1493 1663 quibus
1540 1578 1653 1663 qui
1696 1579 1871 1644 cives
1911 1603 2039 1644 non
2072 1591 2305 1655 essent,
2352 1582 2619 1645 civitate
2664 1604 2812 1668 pro-

489 1687 904 1753 hibebantur:
959 1687 1074 1752 sed
1123 1709 1234 1751 eae
1279 1709 1400 1750 nec
1440 1685 1664 1771 quales
1710 1687 1970 1762 fuerint,
2016 1689 2312 1763 traditur,
2366 1711 2509 1765 nec,
2564 1690 2624 1752 si
2670 1711 2812 1774 pro-

485 1798 878 1863 babilitatem
937 1796 1120 1880 sequi
1177 1795 1497 1870 volemus,
1558 1793 1861 1857 videntur
1924 1797 2332 1881 pertinuisse.
2414 1797 2691 1877 Quibus
2764 1798 2811 1860 si

484 1905 852 1970 Latinitatis
884 1906 1008 1981 ius,
1037 1905 1212 1989 quod
1241 1903 1595 1988 antiquitus
1634 1903 1962 1967 conditum
1990 1915 2145 1980 erat,
2174 1917 2345 1969 esset
2374 1905 2811 1979 immutatum,

483 2036 693 2078 nonne
733 2026 943 2078 tantae
970 2014 1062 2077 rei
1096 2012 1268 2098 apud
1305 2012 1643 2097 scriptores
1672 2011 2059 2096 reperiretur
2085 2011 2509 2097 significatio?
2549 2013 2813 2076 Deinde

483 2145 703 2187 earum
742 2123 1150 2209 praecipuam
1189 2122 1382 2185 latam
1411 2143 1554 2184 esse
1588 2120 1675 2182 ait
1700 2117 1779 2183 ab
1814 2120 2299 2204 sapientissimis
2334 2120 2723 2185 consulibus
2752 2135 2811 2183 et

481 2234 672 2298 latam
703 2255 780 2297 eo
805 2244 1110 2317 tempore,
1145 2251 1271 2314 quo
1300 2240 1563 2316 propter
1594 2228 1797 2312 ipsam
1836 2227 2155 2292 civitatem
2186 2231 2539 2294 maximum
2562 2229 2813 2294 bellum

481 2341 868 2406 immineret:
915 2338 1242 2423 quomodo
1263 2337 1464 2424 igitur
1498 2347 1609 2401 aut
1632 2336 1726 2400 illi
1758 2338 2066 2401 mutando
2090 2337 2231 2401 iure
2258 2338 2645 2402 stultissime
2674 2338 2815 2401 ani-

481 2472 621 2513 mos
649 2449 966 2512 sociorum
1005 2445 1505 2510 commovissent
1534 2455 1647 2508 aut
1670 2445 1725 2508 si
1760 2457 1973 2508 tamen
2000 2445 2520 2522 commovissent,
2548 2443 2818 2521 CicerO,

481 2557 593 2640 qui
613 2567 898 2640 tempore
922 2553 1224 2617 remotior
1245 2553 1442 2616 totius
1467 2552 1559 2616 rei
1578 2551 1926 2616 decursum
1948 2553 2509 2638 contemplaretur,
2530 2554 2819 2640 probare

479 2665 546 2728 id
569 2663 829 2750 posset?
855 2661 1032 2726 Nihil
1051 2660 1254 2745 igitur
1269 2683 1351 2725 ne
1367 2661 1434 2724 in
1455 2661 1581 2726 hoc
1600 2660 1862 2743 quidem
1882 2661 2079 2724 altero
2101 2661 2318 2745 legum
2344 2683 2587 2746 genere
2608 2664 2817 2727 fuisse

480 2773 718 2849 iudic0,
746 2771 871 2835 nisi
893 2768 1068 2854 quod
1098 2778 1208 2833 aut
1233 2768 1315 2832 ad
1339 2767 1603 2832 fraudes
1629 2790 1793 2853 quas
1814 2768 2199 2854 multiplices
2222 2769 2287 2833 in
2312 2791 2391 2834 ea
2418 2791 2491 2832 re
2520 2783 2815 2834 versatas

481 2903 626 2945 esse
665 2903 746 2944 ex
785 2879 885 2956 iis,
924 2900 1087 2963 quae
1131 2899 1330 2962 supra
1352 2876 1522 2940 dicta
1560 2888 1732 2952 sunt,
1774 2892 2058 2962 apparet,
2098 2876 2415 2942 tollendas
2452 2889 2571 2942 aut
2600 2879 2689 2943 ad
2720 2901 2812 2953 ea,

481 3011 644 3072 quae
689 2987 892 3053 dubia
935 2986 1002 3050 in
1043 2985 1184 3052 iure
1223 2994 1459 3060 essent,
1490 2985 1781 3049 severius
1812 2985 2160 3050 sancienda
2182 2985 2568 3070 pertineret;
2610 2989 2815 3064 velut,

485 3097 538 3162 si
581 3097 758 3180 quod
803 3095 998 3182 paulo
1039 3105 1186 3157 ante
1219 3093 1572 3168 attulimus,
1614 3103 2019 3169 statueretur,
2048 3115 2149 3170 ne,
2184 3093 2561 3178 quicunque
2586 3097 2815 3161 Latini

481 3205 723 3270 Romae
783 3203 1094 3268 collocare
1147 3201 1541 3266 domicilium
1598 3223 1675 3264 ac
1719 3223 1917 3264 censu
1968 3201 2051 3264 ad
2096 3201 2422 3266 civitatem
2462 3204 2817 3287 pervenire

483 3310 739 3386 vellent,
789 3311 991 3396 recipi
1051 3311 1274 3395 utique
1325 3309 1394 3373 in
1449 3307 1677 3373 urbem
1722 3330 1943 3372 omnes
1986 3329 2252 3373 necesse
2291 3321 2485 3387 esset,
2531 3333 2661 3376 nec
2702 3311 2817 3375 ius

479 3421 689 3506 ipsum
735 3420 1101 3484 Latinitatis
1146 3417 1514 3482 mutabatur
1560 3428 1621 3480 et
1664 3417 1953 3482 severius
1980 3415 2063 3480 de
2094 3416 2349 3482 civitate
2372 3417 2817 3502 impertienda

483 3529 908 3594 sanciebatur.
1006 3529 1263 3613 Legum
1333 3537 1547 3590 autem
1624 3525 1908 3602 illarum,
1968 3547 2128 3608 quas
2196 3522 2429 3590 Cicero
2494 3527 2813 3602 nominat,
2884 3555 2886 3620 3

479 3637 686 3721 prima
724 3647 860 3700 erat
903 3637 999 3700 M.
1039 3637 1211 3700 Iunii
1250 3635 1478 3710 Penni,
1517 3633 1665 3698 trib.
1702 3632 1907 3716 plebis
1942 3657 2091 3698 ann.
2123 3634 2243 3700 126
2266 3631 2439 3712 (Cio.
2470 3634 2667 3698 Brut.
2696 3634 2811 3709 283

477 3743 654 3808 Fest.
701 3767 752 3808 s.
795 3767 858 3809 v.
903 3743 1203 3830 republ.)‚
1264 3745 1344 3807 de
1399 3765 1528 3827 qua
1583 3741 1743 3805 nihil
1782 3741 2063 3806 traditur
2104 3743 2231 3808 nisi
2276 3740 2355 3807 C.
2402 3740 2811 3817 Gracchum,

477 3853 588 3937 qui
652 3853 781 3918 iam
839 3863 975 3918 tum
1042 3853 1358 3918 sociorum
1416 3851 1790 3916 Italicorum
1850 3873 1971 3936 ope
2030 3851 2497 3937 rempublicam
2558 3851 2811 3934 agitare

479 3963 825 4038 statuisset,
881 3963 1123 4026 frustra
1175 3961 1510 4037 restitisse,
1567 3961 1765 4024 altera
1822 3981 1903 4023 ex
1960 3959 2071 4023 Sc.
2115 3959 2249 4024 lata
2286 3959 2368 4024 ab
2414 3959 2498 4024 L.
2542 3959 2811 4024 Licinio

475 4079 538 4134 et
580 4069 661 4150 Q.
701 4071 945 4148 Mucio,
993 4093 1123 4136 cos.
1170 4092 1313 4134 ann.
1357 4069 1460 4145 95,
1506 4090 1635 4154 quo
1678 4077 1961 4152 tempore
2002 4067 2133 4132 iam
2174 4069 2257 4132 de
2295 4067 2561 4133 civitate
2603 4068 2807 4132 >sociis

474 4177 688 4244 danda
731 4179 1144 4244 vehementer
1187 4178 1569 4255 certabatur,
1618 4199 1693 4240 eo
1733 4176 1993 4242 videtur
2030 4186 2377 4260 spectasse,
2420 4188 2497 4240 ut
2526 4175 2803 4262 quinon

473 4298 687 4353 essent
751 4288 924 4353 cives
984 4309 1272 4373 quosque
1329 4287 1469 4350 fieri
1527 4284 1785 4370 legibus
1846 4307 1977 4349 non
2028 4284 2279 4360 liceret,
2338 4307 2490 4349 cum
2546 4285 2803 4370 reliquo

469 4395 610 4458 iure
655 4395 953 4471 civitatis,
997 4407 1134 4458 tum
1183 4397 1507 4482 suffragiis
1561 4393 1847 4460 ferendis
1896 4393 2410 4480 prohiberentur,
2456 4394 2639 4459 unde
2684 4416 2801 4458 no·-
2884 4409 2886 4472 ξ
