2917 5017
831 344 911 391 De
950 341 1122 393 Gallia
1158 342 1510 393 Romanorum
1555 342 1833 407 provincia.
2388 337 2468 403 27

138 505 226 587 Q.
271 505 581 570 Mucium
626 528 707 570 ne
755 504 827 569 S.
868 502 944 569 C.
986 505 1168 569 fieret
1208 503 1671 569 intercessisse.
1743 504 2031 591 Uterque
2072 507 2275 593 igitur
2318 517 2472 571 tunc

136 614 487 679 consulatu
529 613 930 697 fungebatur
970 610 1401 698 Crassusque,
1446 613 1752 698 quoniam
1794 615 1862 677 in
1903 615 2286 699 magistratu
2329 614 2472 700 ipso

142 722 433 799 revertit,
488 732 708 785 vetere
753 742 927 785 more
962 720 1214 785 Italiam
1260 742 1409 784 cum
1434 718 1650 785 Gallia
1691 721 2098 787 coniunctam
2141 721 2307 785 rexit
2348 742 2470 785 nec

138 830 359 895 mirari
406 830 826 903 debebimus,
886 828 1059 912 quod
1126 850 1245 913 per
1302 851 1603 913 magnam
1657 830 2030 894 consulatus
2083 829 2184 894 sui
2225 839 2473 914 partem

143 939 205 1003 in
246 939 417 1003 urbe
460 938 621 1013 fuit,
679 937 747 999 in
785 922 1109 1020 qua⁸dum
1150 947 1445 1000 versatur
1464 983 1482 1012 ,
1535 957 1682 999 cum
1731 937 1978 1022 collega
2033 937 2246 1023 legem
2299 938 2474 1002 illam

144 1046 219 1109 de
262 1044 529 1111 civibus
572 1043 889 1129 regundis
936 1044 1115 1119 tulit,
1161 1066 1291 1128 qua
1334 1043 1648 1107 sociorum
1691 1044 1886 1109 animi
1932 1066 2318 1131 magnopere
2361 1066 2472 1109 ex-

140 1154 319 1218 citat-i
364 1164 521 1218 sunt
571 1150 755 1236 (Cic.
805 1174 868 1237 p.
918 1148 1178 1216 Cornel.
1230 1154 1460 1237 fragm.
1513 1152 1588 1215 10
1611 1155 1656 1235 ).
1741 1152 1958 1235 Atque
2010 1151 2159 1215 hinc
2211 1151 2474 1234 quidem

140 1260 399 1327 Galliae
466 1258 835 1347 Cisalpinae
905 1260 1147 1324 nullam
1207 1270 1361 1323 tunc
1414 1260 1618 1325 fuisse
1681 1259 2004 1345 propriam
2071 1258 2470 1343 provinciam

141 1370 495 1445 discimus3
546 1369 661 1434 sed
684 1368 1176 1455 Transalpinam
1204 1367 1327 1431 hoc
1352 1368 1490 1433 fere
1525 1378 1808 1452 tempore
1851 1366 2056 1431 fuisse
2095 1387 2222 1429 non
2260 1365 2474 1429 minus

136 1489 313 1543 certo
340 1489 727 1563 argumento
752 1476 1199 1563 perspicimus.
1236 1474 1490 1539 Etenim
1517 1474 1772 1540 Gellius
1796 1472 1994 1549 XIII,
2027 1475 2100 1538 19
2126 1474 2220 1537 Μ.
2241 1472 2474 1537 Porcio

140 1585 417 1663 Catoni,
480 1586 630 1651 anni
675 1586 793 1651 118
840 1583 1123 1661 661161111,
1182 1582 1389 1646 11Ιί11111
1434 1583 1638 1647 fuisse
1695 1582 1820 1657 ait,
1876 1581 1989 1666 qui
2047 1581 2369 1646 aedilitate
2409 1593 2474 1643 et

142 1706 451 1779 praetura
487 1704 671 1779 gesta
731 1694 799 1756 in
844 1691 1122 1757 Galliam
1166 1690 1652 1755 Narbonensem
1702 1690 2032 1774 profectus
2073 1688 2296 1771 ibique
2344 1686 2478 1750 vita

146 1804 415 1867 functus
472 1811 664 1867 esset.
760 1801 925 1865 Eam
990 1800 1448 1883 profectionem
1509 1821 1636 1861 non
1699 1796 1982 1881 privatae
2047 1794 2320 1860 alicuius
2379 1792 2472 1856 rei

148 1934 396 1986 causa,
454 1910 562 1973 sed
606 1908 863 1994 publice
909 1920 1274 1993 susceptam
1317 1928 1459 1971 esse
1500 1906 1690 1970 facile
1733 1926 1954 1967 omnes
1991 1902 2288 1975 credent3
2357 1922 2475 1963 cur

140 2020 317 2085 enim
366 2017 648 2094 Gellius,
691 2018 807 2101 qui
844 2016 1121 2081 hominis
1166 2038 1271 2081 res
1318 2025 1536 2101 gestas
1579 2013 1850 2097 prodere
1893 2011 2106 2085 vellet,
2163 2008 2474 2094 privatam

150 2127 480 2193 eiusmodi
511 2150 651 2189 rem
691 2124 1260 2190 commemoraret?
1328 2121 1580 2186 Habuit
1621 2121 1824 2205 igitur
1865 2120 1959 2183 M.
2003 2116 2280 2182 Porcius
2315 2112 2480 2179 Cato

146 2260 226 2301 ex
286 2247 599 2321 praetura
652 2233 1047 2319 provinciam
1110 2229 1615 2295 Narbonensem.
1705 2226 1838 2293 Sed
1887 2225 2146 2312 quando
2208 2221 2480 2288 habuit?

142 2345 323 2409 Nihil
376 2344 553 2407 enim
620 2342 798 2407 aliud
852 2342 935 2406 de
998 2338 1255 2404 homine
1318 2337 1610 2401 traditur.
1701 2332 1910 2399 Cuius
1967 2343 2148 2418 pater
2207 2331 2260 2395 si
2311 2351 2480 2394 anno

150 2455 267 2519 118
296 2452 535 2519 consul
578 2451 733 2528 fuit,
798 2449 1155 2514 secundum
1203 2469 1576 2511 communes
1619 2446 1786 2510 vitae
1830 2443 2146 2506 humanae
2199 2438 2477 2503 rationes

140 2576 315 2627 recte
356 2561 713 2635 faciemus,
770 2568 843 2623 ut
882 2557 1082 2621 filium
1130 2556 1363 2641 viginti
1415 2554 1670 2620 circiter
1705 2550 1889 2617 annis
1937 2557 2088 2634 post
2128 2557 2483 2632 praetorem

142 2673 349 2737 fuisse
398 2681 765 2735 statuamus
820 2667 903 2732 ad
966 2665 1365 2749 eandemque
1421 2660 1962 2748 computationem
2014 2655 2338 2720 deductus
2387 2664 2486 2716 est

150 2780 435 2865 Pighius
469 2777 706 2841 Annal.
741 2775 844 2840 ΠΙ
876 2798 939 2861 p.
960 2774 1106 2851 217,
1154 2773 1265 2858 qui
1308 2794 1476 2837 anno
1499 2771 1582 2835 92
1621 2769 1760 2833 eius
1803 2775 2167 2852 praeturam
2193 2760 2482 2825 collocat.

164 2890 281 2953 Sic
321 2888 517 2972 igitur
535 2933 554 2963 ‚
622 2906 1011 2970 quocunque
1058 2903 1225 2947 anno
1266 2880 1361 2945 M.
1400 2879 1508 2944 ille
1547 2875 1714 2943 Cato
1758 2884 2010 2959 praetor
2066 2869 2192 2933 fuit
2209 2915 2228 2944 ,
2295 2866 2484 2952 paulo

147 3010 301 3085 post
344 2992 423 3061 C.
464 2993 753 3059 Marium
814 3002 1079 3077 apparet
1132 3012 1281 3053 eum
1338 2986 1700 3074 praesidem
1740 2976 2178 3046 Narbonensis
2232 2972 2481 3039 Galliae

146 3104 455 3181 inveniri,
496 3102 634 3188 qui,
674 3101 799 3166 nisi
834 3122 913 3165 ea
953 3111 1111 3163 tunc
1146 3098 1227 3164 ab
1263 3097 1453 3162 Italia
1491 3095 1780 3159 seiuncta
1827 3098 2018 3171 atque
2049 3086 2114 3150 in
2141 3082 2482 3170 peculiaris

150 3214 527 3301 provinciae
576 3214 847 3275 formam
887 3206 1151 3272 redacta
1212 3215 1415 3281 esset,
1479 3224 1608 3267 non
1669 3198 1985 3285 potuisset
2039 3214 2202 3258 esse.
2291 3192 2485 3255 Anno

164 3326 245 3389 94
286 3324 363 3387 de
413 3317 770 3407 provinciis
816 3314 1264 3381 consularibus
1309 3312 1470 3376 nihil
1527 3319 1853 3381 narratum
1912 3303 2096 3389 quies
2143 3300 2311 3365 enim
2355 3307 2491 3362 erat

168 3433 477 3498 bellorum
522 3428 972 3508 incertumque
1014 3422 1179 3487 adeo
1221 3419 1429 3483 videri
1460 3416 1674 3491 debet,
1715 3438 1796 3478 an
1833 3410 2090 3477 omnino
2133 3409 2294 3474 alter
2335 3428 2488 3471 con-

158 3543 377 3607 sulum
421 3539 493 3602 in
540 3533 935 3621 provinciam
982 3529 1225 3595 exierit.
1314 3525 1506 3613 Opus
1546 3534 1718 3589 certe
1757 3542 1888 3586 non
1927 3530 2062 3584 erat
2099 3517 2184 3580 ad
2231 3514 2492 3602 provin-

166 3652 293 3715 cias
343 3641 913 3713 administrandas.
1012 3636 1201 3719 Quae
1264 3657 1415 3700 cum
1479 3646 1634 3697 tunc
1695 3640 1912 3695 essent
1981 3636 2125 3691 octo
2191 3623 2491 3705 duaeque

168 3756 525 3843 Hispaniae
588 3776 629 3819 a
696 3750 776 3814 T.
838 3746 1039 3811 Didio
1102 3755 1165 3809 et
1224 3744 1299 3809 P.
1370 3739 1612 3807 Crasso
1635 3786 1650 3813 ,
1723 3738 1834 3821 qui
1893 3756 2060 3801 anno
2130 3729 2493 3816 insequenti

164 3864 665 3951 triumpharunt,
711 3856 1171 3929 obtinerentur,
1220 3851 1273 3917 si
1322 3872 1437 3915 sex
1484 3860 1808 3934 praetores
1853 3854 2076 3909 exacto
2117 3839 2496 3924 magistratu

160 3978 229 4041 in
272 3969 649 4060 provincias
690 3966 1011 4053 profectos
1056 3982 1201 4027 esse
1252 3958 1626 4031 statuimus,
1685 3955 1862 4019 nulla
1916 3952 2074 4036 ipsis
2117 3946 2496 4015 consulibus

171 4081 577 4167 relinquitur.
661 4076 855 4141 Anno
900 4072 982 4137 93
1029 4066 1107 4135 C.
1143 4066 1475 4133 Valerium
1517 4088 1642 4129 cos.
1691 4063 1967 4129 arbitror
2005 4080 2148 4125 esse
2191 4058 2498 4121 Flaccum

176 4193 384 4266 illum,
443 4209 643 4275 quem
687 4183 963 4269 Appian.
1023 4178 1213 4263 Hisp.
1266 4198 1322 4241 c.
1378 4175 1496 4239 100
1552 4172 1840 4258 proxime
1895 4178 2042 4254 post
2090 4165 2168 4229 Τ.
2225 4164 2498 4230 Didium

172 4325 317 4366 cum
342 4295 707 4383 Hispaniae
747 4290 999 4379 populis
1030 4306 1352 4375 pugnasse
1390 4282 1478 4347 ait
1497 4305 1516 4358 ;
1563 4279 1740 4366 quod
1783 4288 1997 4343 autem
2020 4274 2265 4358 Obseq.
2293 4294 2347 4337 c.
2383 4272 2496 4336 111

177 4432 343 4477 anno
386 4408 471 4486 94
513 4426 629 4491 per
648 4401 949 4469 Nasicam
972 4395 1327 4485 Hispaniae
1367 4392 1662 4479 populos,
1693 4386 1808 4473 qui
1841 4383 2280 4461 rebellassent,
2319 4377 2501 4447 urbi-
