2917 5017
785 330 870 379 De
907 330 1171 381 dictatoris
1215 329 1454 381 Caesaris
1493 330 1793 383 honoribus.
2321 330 2447 397 213

165 492 332 555 detur
371 514 507 555 esse
538 491 774 567 habita,
818 500 1032 556 tamen
1061 492 1238 557 illius
1273 492 1424 557 belli
1464 492 1755 578 singulas
1789 515 1893 559 res
1926 516 2059 561 non
2084 493 2237 559 licet
2260 493 2445 561 nobis

164 612 271 664 tam
317 609 600 664 accurate
658 600 962 684 persequi
979 648 996 677 ,
1061 612 1136 665 ut
1191 623 1444 665 menses
1502 623 1579 666 ac
1622 600 1763 665 dies
1779 648 1797 677 ‚
1862 601 2101 687 quibus
2158 602 2445 689 quidque

161 708 466 784 acciderit,
523 707 905 773 indicemus.
996 708 1134 775 Nec
1187 720 1359 774 certe
1418 718 1667 795 pugnat
1725 733 1872 774 cum
1930 711 2146 775 Dione
2202 708 2447 778 Caesar

101 834 110 845 ·
157 817 275 902 ipse
289 864 306 893 ‚
365 816 548 881 cuius
588 817 798 880 locum
840 840 1036 903 supra
1073 818 1412 882 citavimus
1433 866 1450 893 ,
1498 818 1611 902 qui
1654 841 1769 904 pro
1812 819 2133 885 consulari
2180 843 2299 886 sua
2340 822 2443 885 di-

158 924 367 1007 gnitate
425 924 547 989 sibi
593 924 672 987 de
711 924 1190 1011 Aegyptiorum
1249 926 1701 991 controversiis
1760 927 2181 993 iudicandum
2242 930 2443 995 fuisse

154 1042 371 1109 narrat3
439 1030 724 1117 loquitur
779 1034 948 1097 enim
1005 1033 1088 1098 de
1145 1034 1429 1099 adventu
1474 1058 1591 1099 suo
1636 1035 2094 1101 Alexandriam
2108 1084 2126 1114 ,
2188 1038 2321 1103 Dio
2360 1038 2443 1103 de

155 1141 282 1205 belli
336 1142 545 1219 initio,
607 1164 808 1226 eoque
864 1142 1041 1227 quod
1099 1141 1266 1207 inter
1323 1142 1487 1207 duas
1537 1143 1654 1207 has
1702 1166 1807 1207 res
1856 1144 2196 1209 intercedit
2236 1146 2443 1231 spatio

152 1251 478 1315 dictaturae
518 1250 823 1315 honorem
854 1247 1098 1315 Caesar
1128 1250 1394 1336 accepit.
1470 1251 1733 1315 Maneat
1768 1252 1991 1337 igitur,
2030 1254 2207 1337 quod
2248 1276 2445 1338 supra

153 1359 423 1435 diximus,
465 1360 678 1423 medio
721 1382 942 1425 mense
991 1357 1264 1423 Octobri
1309 1358 1503 1441 (Idus
1548 1356 1869 1425 Octobres
1911 1363 2261 1445 ponamus)
2306 1360 2443 1426 Ro-

152 1490 265 1532 mae
303 1464 570 1533 Caesari
629 1468 1014 1533 dictaturam
1062 1467 1327 1531 alteram
1372 1492 1410 1531 a
1460 1478 1688 1533 senatu
1744 1469 2111 1554 populoque
2164 1469 2443 1535 delatam

151 1598 283 1652 esse,
323 1585 600 1641 exeunte
625 1573 901 1641 Octobri
927 1572 1274 1641 Caesarem
1311 1575 1611 1641 nuntium
1653 1576 1734 1640 de
1771 1576 1983 1641 delata
2007 1576 2440 1644 Alexandriae

157 1684 438 1769 accepisse
505 1684 913 1770 insigniaque
977 1684 1118 1749 eius
1185 1685 1559 1770 sumpsisse.
1672 1684 1781 1749 Ab
1854 1694 1999 1749 utro
2061 1697 2275 1751 autem
2338 1687 2443 1753 die

154 1794 377 1878 publice
439 1794 760 1857 dictatura
817 1793 1234 1857 numeratur?
1323 1792 1434 1857 Ab
1494 1793 1705 1877 priore
1725 1840 1743 1868 ,
1810 1805 1880 1856 ut
1939 1791 2245 1871 arbitror,
2310 1817 2441 1879 quo

148 1902 370 1987 publice
429 1903 646 1967 delata
699 1912 864 1977 erat3
931 1924 1081 1965 nam
1136 1902 1440 1985 quoniam
1482 1901 1551 1964 in
1596 1911 1845 1965 certum
1888 1911 2144 1987 tempus
2188 1902 2441 1967 defere-

148 2010 324 2087 batur,
367 2011 435 2074 in
482 2011 630 2096 lege
675 2033 804 2074 non
845 2009 1040 2073 modo
1081 2009 1275 2087 diem,
1319 2009 1404 2073 ad
1443 2032 1635 2094 quem
1683 2010 2047 2095 pertineret,
2096 2010 2213 2075 sed
2250 2011 2441 2075 etiam

147 2144 178 2183 a
214 2143 349 2205 quo,
393 2118 714 2205 perscribi
761 2118 1114 2203 oportebat,
1157 2140 1296 2194 nec,
1343 2140 1494 2183 cum
1518 2120 1625 2183 lex
1649 2120 1948 2194 ferretur,
1984 2118 2245 2203 quando
2272 2116 2441 2183 Cae-

145 2251 229 2292 sar
260 2228 570 2294 honorem
611 2238 782 2292 esset
819 2228 1292 2317 auspicaturus,
1341 2236 1593 2312 poterat
1632 2226 1930 2291 divinari.
2008 2226 2237 2311 Itaque
2276 2238 2339 2291 et
2372 2228 2441 2292 in

141 2335 240 2401 hac
269 2334 569 2405 Caesaris
615 2337 934 2401 dictatura
975 2347 1039 2400 et
1080 2336 1149 2400 in
1191 2334 1513 2411 omnibus,
1560 2358 1688 2419 quo
1724 2335 1829 2399 die
1861 2334 2071 2400 dictus
2112 2334 2197 2399 sit
2234 2334 2440 2401 dicta-

141 2456 239 2521 tor,
279 2445 356 2510 ab
390 2446 620 2511 eodem
651 2446 792 2511 eius
829 2446 1138 2510 honorem
1181 2444 1505 2509 numerari
1536 2442 1809 2507 arbitror
1841 2454 2141 2529 recteque
2170 2467 2438 2530 prorsus

137 2566 300 2639 atque
336 2579 416 2619 ex
455 2577 654 2632 more,
697 2554 873 2639 quod
903 2577 1102 2640 supra
1138 2576 1200 2639 p.
1227 2553 1350 2619 205
1393 2552 1755 2627 docuimus,
1792 2552 1951 2629 fieri,
1993 2564 2066 2617 ut
2102 2553 2215 2637 qui
2256 2555 2440 2618 chro-

84 2736 89 2742 ,
138 2665 426 2750 nographi
483 2662 564 2729 ab
619 2663 830 2748 prima
881 2662 1202 2727 dictatura
1251 2684 1527 2747 regnum
1574 2656 1871 2725 Caesaris
1928 2660 2296 2739 deducunt,
2358 2662 2439 2728 ab

84 2820 86 2843 ÷
139 2772 338 2837 Idibus
385 2770 771 2848 Sextilibus,
811 2768 1049 2855 quibus
1095 2794 1170 2836 ea
1211 2770 1473 2835 decreta
1516 2779 1634 2845 est,
1677 2768 2185 2855 proficiscantur.

283 2881 512 2963 Quare
547 2878 803 2944 initium
849 2879 1112 2945 alterius
1155 2878 1512 2944 dictaturae
1560 2875 1858 2942 Caesaris
1901 2878 2257 2963 reperimus
2297 2902 2440 2945 esse

139 2988 272 3053 Idus
313 2986 644 3055 Octobres
685 2988 836 3052 anni
873 2986 973 3052 48.
1033 2987 1171 3052 Nec
1217 2987 1300 3051 de
1342 2986 1471 3050 fine
1510 2985 1649 3050 eius
1692 2996 1905 3071 potest
1929 2986 2231 3052 dubitari.
2274 2988 2441 3054 Nam

139 3120 308 3183 supra
347 3098 486 3163 duo
511 3096 746 3161 Dionis
789 3096 916 3160 loci
959 3096 1132 3160 allati
1179 3106 1349 3171 sunt,
1395 3094 1637 3180 quibus
1680 3117 1967 3159 annuum
1992 3095 2131 3161 eius
2160 3097 2439 3183 spatium

139 3205 519 3291 significatur
585 3206 680 3287 (ἐς
745 3205 1014 3269 ἐνιαυτὸν
1083 3206 1227 3269 ὅλον
1285 3206 1585 3289 λεχθῆναι
1635 3201 1871 3287 ἔλαβε).
1960 3202 2141 3285 Quid
2188 3204 2437 3291 igitur?

139 3311 284 3379 Cum
333 3325 566 3402 coepta
609 3324 782 3379 esset
834 3313 934 3377 Id.
992 3310 1140 3379 Oct.
1197 3311 1347 3377 anni
1399 3312 1510 3388 48,
1565 3334 1719 3375 1111111
1766 3311 1923 3377 exiit
1976 3312 2297 3379 dictatura
2336 3314 2441 3380 Id.

84 3502 86 3505 y
139 3418 262 3487 Oct..
300 3424 452 3487 anni
502 3424 632 3490 47?
689 3422 837 3487 Non
879 3421 1138 3486 videtur
1154 3446 1172 3498 ;
1217 3420 1451 3485 etenim
1492 3418 1667 3484 idem
1706 3420 1837 3485 Dio
1873 3420 2101 3499 XLII,
2146 3421 2248 3498 55,
2290 3444 2439 3487 nar-

84 3592 86 3614 5
137 3532 266 3597 ratis
317 3554 492 3617 quae
547 3554 712 3597 anno
769 3531 846 3597 47
907 3542 1090 3615 gesta
1139 3538 1383 3607 essent,
1436 3528 1563 3593 hoc
1617 3527 1829 3593 addit:
1896 3527 2075 3593 Ταῦτ’
2115 3530 2176 3591 ἐν
2227 3530 2441 3615 ἐκείνῳ

139 3638 206 3725 τῷ
251 3640 394 3719 ἔτει,
437 3642 502 3704 ἐν
553 3632 947 3727 ᾤ’δικτσὶτωρ
992 3640 1099 3723 μὲν
1150 3638 1342 3709 ὄντως
1387 3638 1571 3706 αὐτὸς
1609 3638 1675 3701 τὸ
1726 3637 2007 3722 δεύτερον
2050 3636 2251 3722 ἧρξεν,
2295 3638 2440 3701 ὕπα-

138 3770 213 3810 τοι
255 3750 322 3813 δὲ
363 3750 464 3812 ἐπ’
491 3748 686 3833 ἐξόδῳ
736 3747 921 3811 αὐτοῦ
969 3747 1442 3831 ἀποδειχθέντες
1489 3746 1523 3811 ὅ
1566 3768 1633 3809 τε
1675 3743 1960 3829 Καλῆνος
2000 3747 2101 3809 καὶ
2143 3747 2175 3809 ὁ
2224 3742 2441 3810 Οὐατί-

140 3877 255 3925 νιος
286 3856 574 3940 ἐλέγοντο
623 3856 794 3931 εἶναι,
836 3855 1106 3938 ἐποίησε.
1193 3854 1377 3921 Haec
1415 3875 1628 3920 nonne
1672 3862 1889 3940 aperte
1932 3852 2293 3939 significant
2328 3876 2441 3919 us-

140 3986 241 4046 que
285 3966 367 4031 ad
417 3964 663 4030 exitum
706 3962 856 4027 anni
911 3986 1058 4027 eum
1103 3963 1306 4029 fuisse
1333 3963 1707 4029 dictatorem
1722 3962 1753 4026 ’τ’
1810 3962 1915 4027 Αο
1952 3962 2207 4047 planius
2252 3962 2443 4028 etiam

147 4073 338 4139 scribit
377 4074 558 4140 Plut.
602 4070 790 4140 Caes.
833 4071 906 4137 51
959 4073 1370 4137 τοῦ-ἐνιαυτοῦ
1418 4070 1960 4156 καταστρέφοντος,
2010 4071 2096 4139 εἰς
2134 4070 2199 4134 ὃν
2244 4065 2439 4155 ᾕρητο

147 4180 411 4267 δικτάτωρ
462 4184 528 4246 τὸ
574 4182 894 4266 δεύτερονς
937 4202 1086 4246 nam
1127 4180 1184 4245 si
1225 4179 1373 4265 quis
1421 4180 1488 4245 in
1515 4188 1761 4245 certum
1787 4200 2027 4244 annum
2048 4176 2123 4242 fit
2146 4176 2442 4254 dictator,

141 4288 200 4352 fit
235 4291 300 4355 in
339 4301 572 4369 totum,
611 4312 740 4354 non
781 4290 849 4355 in
890 4300 1136 4375 partem
1165 4288 1463 4375 aliquam.
1535 4286 1755 4369 Quare
1783 4285 2119 4363 efficietur,
2162 4296 2236 4349 ut
2272 4280 2441 4350 Cae-

147 4418 236 4463 sar
275 4422 424 4466 cum
463 4400 642 4464 exitu
681 4399 830 4465 anni
875 4398 1254 4466 dictaturam
1295 4396 1688 4485 deposuerit,
1732 4392 2221 4479 quatuordecim
2260 4412 2441 4459 men·
