2917 5017
533 301 652 366 148
1177 302 1261 352 De
1301 301 1473 353 Gallia
1508 301 1861 352 Romanorum
1904 300 2185 364 provincia.

532 465 864 531 Gordiano
903 465 1166 541 vixisse,
1209 464 1489 548 denique
1523 462 1603 525 T.
1626 462 1837 526 Iulius
1866 460 2194 526 Maximus
2232 462 2632 542 πολυώνυμος
2662 459 2800 544 apud

529 572 733 637 Orell.
759 573 924 638 6490
957 576 1258 637 iuridicus
1291 576 1465 652 Hisp.
1507 574 1776 633 citerior.
1816 575 2285 643 Tarraconem„
2326 568 2436 652 qui
2466 567 2561 630 M.
2590 562 2800 630 Aurelii

529 681 719 745 aetati
782 680 1165 746 tribuendus
1231 691 1348 744 est.
1448 678 1745 742 Totidem
1789 677 2199 762 reperiuntur
2239 676 2497 740 iuridici
2542 675 2803 738 Asturiae

529 800 592 853 et
637 786 1030 864 Gallaeciae‚
1093 789 1394 852 nimirum
1439 786 1521 850 L.
1565 769 1815 850 Novius
1858 781 2201 870 Crispinus
2252 783 2569 848 Martialis
2616 783 2804 846 Satur-

527 897 720 960 ninus
777 899 894 978 leg.
951 898 1112 978 Aug.
1175 898 1481 958 iuridicus
1530 898 1817 976 Astyr-iae
1871 903 1934 955 et
1982 896 2338 956 Gallaeciae
2404 891 2580 977 apud
2638 889 2805 953 Leon.

526 1003 784 1068 Renier.
835 1003 1042 1067 Inscr.
1099 1003 1493 1068 Lambaesit.
1554 1025 1617 1088 p.
1664 1002 1701 1065 5
1758 1026 1821 1066 n.
1874 1003 1978 1078 19,
2043 1024 2233 1085 quem
2288 1012 2351 1066 et
2408 1023 2490 1064 ex
2545 1000 2680 1084 ipso
2728 999 2807 1061 illo

529 1110 714 1174 titulo
769 1121 832 1174 et
885 1135 964 1174 ex
1023 1112 1166 1176 aliis
1223 1110 1381 1175 ibid.
1440 1134 1504 1174 n.
1549 1110 1822 1177 17-20
1863 1110 2217 1195 imperante
2259 1109 2379 1173 Pio
2420 1109 2489 1171 in
2534 1107 2809 1190 Hispania

525 1217 730 1282 fuisse
771 1217 1104 1294 discimus,
1148 1218 1226 1282 L.
1257 1219 1508 1283 Ranius
1544 1215 1827 1303 Optatus
1869 1221 2113 1299 legatus
2148 1220 2418 1298 Augusti
2452 1225 2517 1277 et
2550 1217 2809 1276 inridet-m

529 1330 816 1408 Astyriae
871 1337 932 1389 et
983 1330 1339 1390 Gallaeciae
1393 1326 1570 1411 apud
1628 1323 1817 1392 Grut.
1870 1349 1935 1411 p.
1978 1325 2133 1400 463,
2180 1324 2251 1400 4,
2308 1323 2419 1408 qui
2465 1323 2564 1386 M.
2601 1322 2809 1386 Aurelii

529 1435 662 1500 fere
718 1444 923 1500 aetate
977 1435 1168 1512 vixit,
1229 1431 1381 1500 Sex.
1427 1434 1674 1498 Pedius
1720 1433 2034 1497 Hirrutus
2077 1432 2377 1497 Lucilius
2420 1431 2633 1495 Pollio
2673 1431 2807 1516 apud

529 1539 732 1606 Orell.
770 1566 833 1605 n.
875 1543 1062 1618 6489,
1105 1565 1296 1627 quem
1336 1542 1653 1627 Borghes.
1693 1541 1758 1604 in
1790 1540 2023 1606 Annal.
2063 1541 2225 1605 Inst.
2270 1540 2445 1604 arch.
2496 1540 2643 1604 anni
2690 1539 2808 1604 1853

527 1671 590 1732 p.
633 1649 754 1714 205
807 1650 1112 1734 appellari
1167 1650 1354 1714 docet
1399 1654 1517 1731 leg.
1567 1658 1734 1730 Aug.
1778 1651 1963 1712 z'urid.
2010 1651 2289 1730 (Astur.)
2330 1657 2391 1712 et
2432 1653 2809 1724 Gallaecaae)

527 1756 886 1841 iisdemque
949 1759 1082 1822 fere
1144 1756 1541 1843 temporibus
1597 1756 1895 1821 floruisse
1954 1757 2297 1822 existimat.
2407 1756 2597 1840 Quid
2652 1756 2811 1842 igitur

527 1863 678 1928 hinc
731 1864 1152 1952 colligemus?
1234 1866 1562 1930 Baeticam
1613 1865 2007 1952 provinciam
2061 1865 2345 1930 vidimus
2402 1887 2554 1930 cum
2597 1865 2807 1950 legione

527 1971 660 2036 VH
703 1970 890 2038 Gem.
909 2020 926 2049 ,
989 1972 1104 2038 ubi
1147 1973 1362 2038 Mauri
1407 1975 1813 2050 timerentur,
1859 1973 1940 2038 ab
1984 1973 2077 2037 M.
2120 1970 2393 2038 Aurelio
2434 1974 2655 2059 legato
2694 1995 2807 2038 con-

529 2080 728 2145 sulari
783 2103 928 2146 esse
984 2081 1314 2146 traditam:
1385 2081 1885 2147 Tarraconensis
1911 2115 1915 2120 ·
1946 2081 2271 2164 quomodo
2332 2083 2593 2147 interim
2646 2080 2807 2144 admi-

525 2189 794 2252 nistrata
831 2199 1022 2265 esset,
1064 2188 1498 2254 dubitabatur.
1572 2189 1709 2254 Iam
1751 2213 1900 2255 cum
1937 2191 2081 2277 ipso
2114 2191 2225 2254 illo
2262 2201 2553 2276 tempore
2594 2187 2806 2253 iuridici
2852 2241 2854 2268 ἶ

461 2328 466 2332 ·
527 2306 590 2359 et
625 2293 932 2360 Asturiae
977 2295 1469 2384 Gallaeciaeque
1517 2311 1579 2362 et
1620 2298 2125 2364 Tarraconensis
2184 2299 2561 2385 provinciae
2609 2317 2806 2381 cogno-

529 2413 823 2480 scantur,
893 2405 986 2469 sic
1043 2405 1477 2491 intelligemus
1538 2407 1833 2471 Marcum
1852 2456 1871 2485 ,
1940 2408 2202 2472 Baetica
2255 2409 2471 2494 legato
2527 2406 2805 2474 mandata,

527 2511 886 2576 seiunxisse
921 2512 1467 2579 Tarraconensem
1506 2537 1773 2598 eamque
1809 2515 1879 2579 in
1916 2516 2081 2581 duas
2116 2516 2483 2602 provincias
2526 2514 2807 2587 divisisse,

523 2641 794 2702 quarum
851 2642 1042 2684 unam
1087 2616 1358 2687 Asturia
1403 2635 1467 2686 et
1508 2623 1869 2698 Gallaecia,
1926 2623 2187 2688 alteram
2242 2625 2491 2709 reliqua
2533 2623 2807 2688 Tarraco-
2850 2587 2852 2672 l

523 2725 742 2790 nensis
798 2726 1100 2793 efficeret.
1198 2728 1417 2815 Atque
1476 2731 1597 2795 hoc
1654 2730 1915 2815 quidem
1972 2732 2324 2810 constabit,
2387 2731 2713 2799 Asturiam
2764 2739 2806 2790 et
2850 2673 2852 2798 l

526 2832 920 2899 Gallaeciam
966 2858 1083 2900 suo
1139 2837 1386 2922 legato,
1446 2839 1559 2923 qui
1615 2838 1695 2903 ab
1744 2839 2125 2925 imperatore
2178 2841 2481 2906 mandata
2531 2840 2805 2924 acciperet
2850 2853 2852 2860 ἵ

522 2963 644 3006 nec
681 2942 1026 3027 quicquam
1063 2967 1210 3010 cum
1247 2930 1497 3031 reliqua
1523 2947 1993 3013 Tarraconensi
2034 2959 2147 3013 aut
2188 2971 2337 3014 cum
2376 2949 2637 3014 Baetica
2671 2967 2802 3010 com-

522 3071 716 3113 mune
759 3049 1021 3116 haberet
1035 3098 1052 3127 ,
1106 3075 1250 3118 esse
1305 3055 1633 3133 traditam3
1696 3079 1842 3120 nam
1884 3061 2084 3138 legati
2123 3062 2395 3140 Augusti
2434 3062 2688 3121 iuridici
2716 3077 2802 3118 no-

523 3157 866 3223 minantur.
976 3160 1287 3245 Reliquae
1345 3163 1850 3228 Tarraconensis
1912 3165 2211 3229 incertior
2271 3167 2433 3230 ratio
2498 3177 2626 3242 est3
2684 3184 2799 3227 nam
2848 3144 2850 3232 l

523 3268 826 3328 iuridicus
892 3278 1138 3332 tantum
1153 3316 1172 3346 ,
1245 3293 1372 3334 non
1432 3274 1675 3352 legatus
1736 3276 2011 3354 Augusti
2068 3273 2327 3339 dicitur.
2435 3274 2653 3356 Quare
2707 3269 2797 3335 etsi

521 3371 876 3438 rectissime
915 3385 1194 3442 statuere
1231 3400 1601 3463 possumus,
1646 3402 1801 3444 casu
1838 3380 2124 3466 legatum
2148 3380 2443 3468 Augusti
2471 3407 2613 3448 esse
2640 3379 2792 3446 omis-

475 3553 495 3570 ·
523 3500 668 3542 sum
711 3481 950 3565 quique
995 3485 1311 3552 iuridicus
1353 3487 1743 3572 appelletur,
1804 3511 1952 3554 eum
1993 3512 2123 3555 non
2163 3491 2408 3556 minore
2452 3493 2595 3556 iure
2634 3489 2784 3555 fuisse

519 3609 714 3671 quam
769 3588 954 3654 illum
973 3639 990 3668 ,
1049 3603 1261 3659 tamen
1315 3617 1396 3660 ne
1457 3595 1623 3660 illud
1676 3597 1939 3680 quidem
1992 3622 2135 3663 cum
2198 3600 2614 3677 testimoniis,
2666 3614 2783 3679 quae

520 3707 770 3773 extant,
813 3699 1164 3784 pugnabit,
1213 3703 1269 3766 si
1311 3715 1567 3788 praeter
1604 3702 1941 3770 Asturiam
1987 3717 2051 3771 et
2094 3707 2487 3774 Gallaeciam
2527 3707 2789 3771 Tarraco-

519 3824 816 3904 nensem,
875 3827 1040 3888 quae
1091 3824 1492 3894 superesset,
1558 3814 2001 3880 existimemus
2045 3813 2453 3882 coniunctam
2504 3837 2637 3882 esse
2676 3833 2791 3876 cum

519 3909 813 3989 Baetica,
873 3915 979 3976 cui
1031 3917 1144 3999 qui
1196 3930 1549 4004 praeesset,
1608 3921 1975 3987 Tarracone
2028 3945 2220 3988 suum
2279 3926 2564 4011 legatum
2604 3923 2677 3988 ad
2710 3921 2791 3983 ius

519 4017 866 4084 dicendum
917 4021 1324 4108 relinqueret.
1417 4025 1525 4092 Ac
1580 4029 1807 4094 titulus
1864 4031 1973 4095 ille
2029 4031 2108 4096 T.
2160 4032 2311 4098 Iulii
2358 4033 2653 4108 Maximi,
2706 4026 2790 4112 qui

517 4124 832 4190 iuridicus
877 4128 1068 4215 Hisp.
1127 4133 1440 4199 citerioris
1489 4135 1991 4204 Tarraconensis
2049 4139 2321 4218 dicitur,
2380 4141 2630 4206 videtur
2672 4135 2788 4200 dili-

517 4243 745 4316 genter
769 4256 912 4300 esse
941 4239 1246 4325 scriptus3
1287 4241 1354 4304 in
1378 4242 1711 4328 legionum
1744 4257 1915 4312 certe
1939 4248 2396 4334 legationibus,
2424 4271 2579 4333 quas
2603 4243 2784 4333 gessit,

515 4339 642 4423 leg·
695 4341 834 4406 IIII
896 4343 1160 4413 Flaviae
1221 4359 1284 4413 et
1336 4350 1369 4413 I
1424 4351 1822 4430 Adiutricis,
1892 4352 2185 4442 Augusti
2246 4380 2477 4424 nomen
2533 4353 2785 4421 adiicitur
