2917 5017
846 335 928 383 De
963 333 1136 384 Gallia
1170 333 1521 381 Romanorum
1563 333 1839 396 provincia.
2389 327 2507 393 107

175 497 404 562 fierent
422 545 440 573 ‚
497 498 985 584 repellerentur.
1077 494 1286 571 Hinc,
1337 504 1412 558 ut
1453 493 1745 558 Raetiam
1789 515 1937 560 cum
1982 494 2365 571 Germania,
2422 495 2511 560 ita

177 603 493 668 Noricum
534 627 688 670 cum
716 606 1048 671 Pannonia
1085 603 1500 668 coniunctum
1532 603 1737 667 fuisse
1766 603 2223 689 intelligemus.
2290 603 2509 684 Quare
2586 617 2595 624 “

177 712 484 796 quoniam
542 713 884 779 Pannonia
937 713 1244 777 Noricum
1312 708 1537 774 habuit
1594 710 2031 776 contributum
2046 759 2065 788 ,
2134 733 2263 776 non
2328 721 2509 797 pote-

175 821 382 885 rimus
425 822 818 898 existimare‚
863 821 1074 886 eidem
1118 821 1320 884 fuisse
1367 818 1736 882 adiunctam
1778 819 2090 897 Raetiam,
2134 819 2511 906 praesertim

179 952 372 1013 quam
415 930 486 992 in
533 953 610 995 eo
653 930 844 1006 bello,
895 929 1072 1013 quod
1115 950 1232 1012 per
1271 925 1674 990 exercituum
1712 926 2021 992 factiones
2068 939 2422 1012 gereretur,
2474 949 2513 992 a

180 1038 580 1103 Pannonicis
616 1037 990 1126 legionibus
1037 1035 1424 1100 dissensisse
1473 1034 1849 1098 viderimus.
1956 1035 2095 1101 Nec
2138 1059 2294 1101 vero
2338 1037 2508 1102 Rae-

173 1147 266 1209 tia
309 1143 706 1212 Germaniae
749 1146 1030 1232 praesidi
1073 1133 1160 1210 ab
1203 1145 1587 1228 imperatore
1630 1143 1845 1227 aliquo
1892 1143 2155 1210 subdita
2196 1155 2315 1220 est,
2360 1167 2510 1210 cum

176 1265 366 1320 antea
409 1255 542 1320 alia
583 1277 732 1319 cum
775 1253 1110 1340 provincia
1149 1254 1378 1319 fuisset
1417 1251 1779 1328 coniuncta,
1825 1253 1941 1318 sed
1986 1254 2163 1318 exitu
2204 1253 2329 1318 iam
2368 1253 2510 1318 Au-

176 1363 358 1447 gusti
409 1385 558 1426 eam
603 1361 991 1428 Germaniae
1039 1361 1274 1427 rectori
1319 1361 1613 1446 paruisse
1656 1359 1939 1426 ostendit
1981 1361 2137 1427 Tac.
2182 1359 2419 1426 Annal.
2455 1362 2510 1438 I,

179 1471 280 1547 44,
323 1471 441 1555 qui
471 1470 937 1535 Germanicum
975 1482 1209 1545 narrat,
1251 1481 1593 1554 postquam
1622 1468 1951 1554 legionum
1978 1467 2512 1534 Germanicarum

179 1579 569 1644 seditionem
612 1580 1003 1665 composuit,
1067 1591 1404 1642 veteranos
1449 1578 1515 1640 in
1564 1561 1867 1642 Raetiam
1898 1576 2188 1652 misisse,
2248 1589 2321 1641 ut
2362 1599 2512 1662 pro-

181 1689 460 1752 vinciam
519 1688 836 1754 adversus
879 1688 1134 1752 Suevos
1179 1687 1585 1751 imminentes
1632 1696 1986 1750 tuerentur.
2072 1684 2301 1770 Neque
2342 1685 2512 1750 enim

193 1795 620 1862 Germanicus
680 1797 850 1866 ultra
893 1793 1138 1860 Gallias
1182 1805 1337 1859 tunc
1379 1793 1587 1858 ullum
1630 1792 1971 1878 imperium
2022 1790 2327 1868 habebat,
2386 1815 2515 1876 qua

187 1905 268 1968 de
307 1927 374 1970 re
417 1905 614 1991 paulo
659 1905 828 1969 infra
869 1903 1366 1989 disputabimus.
1455 1900 1683 1986 Neque
1738 1900 1862 1964 alia
1913 1900 1995 1964 de
2038 1922 2237 1965 causa
2276 1901 2514 1964 Raeto·-

181 2037 327 2077 rum
366 2011 990 2096 Vindelicorumque
1039 2011 1332 2076 cohortes
1375 2010 1443 2073 in
1487 2005 1773 2073 exercitu
1818 2007 2191 2073 Germanici
2233 2009 2299 2073 in
2344 1997 2514 2074 Ger-

179 2122 462 2186 maniam
507 2119 840 2205 ingressae
889 2131 1070 2184 erant
1103 2119 1288 2198 (Tac.
1319 2118 1556 2183 Annal.
1582 2118 1673 2194 ΙΙ,
1711 2117 1839 2200 17),
1880 2139 2074 2201 quam
2104 2116 2279 2202 quod
2306 2117 2515 2182 omnis

178 2229 412 2294 Raetia
455 2239 520 2292 et
554 2227 920 2292 Vindelicis
961 2228 1102 2293 eius
1147 2227 1416 2314 imperio
1464 2249 1613 2291 cum
1650 2226 1917 2310 reliquis
1958 2225 2309 2311 provinciis
2352 2225 2514 2292 Gal·-

177 2337 322 2402 licis
383 2335 670 2422 parebat.
759 2335 1167 2418 Quamquam
1221 2335 1385 2400 illud
1438 2333 1667 2398 merito
1722 2331 2002 2397 dubitari
2052 2343 2297 2418 potest,
2356 2357 2515 2399 num

177 2455 634 2532 procuratores
678 2443 792 2519 illi,
835 2466 1000 2527 quos
1032 2443 1288 2508 Nerone
1331 2443 1685 2528 imperante
1727 2441 1989 2507 Raetiae
2024 2452 2089 2506 et
2114 2441 2352 2508 Norico
2392 2443 2515 2508 sub

181 2555 456 2640 imperio
501 2554 860 2638 legatorum
887 2549 1276 2616 Germaniae
1311 2561 1373 2614 et
1398 2551 1771 2616 Pannoniae
1814 2551 2175 2635 praefuisse
2208 2550 2515 2628 vidimus,

177 2665 306 2728 iam
337 2661 468 2728 sub
496 2661 800 2745 Augusto
827 2660 1087 2723 fuerint.
1165 2659 1332 2724 Mihi
1361 2658 1647 2744 quidem,
1686 2659 1806 2723 etsi
1832 2659 1992 2727 nihil
2018 2669 2187 2725 certe
2212 2659 2515 2724 affirmari

178 2793 372 2857 posse
397 2769 716 2854 intelligo,
745 2789 875 2831 non
897 2766 1158 2831 videtur
1179 2790 1255 2832 ac
1283 2767 1503 2832 nescio
1532 2791 1612 2832 an
1636 2764 1953 2831 Claudius
1980 2790 2148 2831 auno
2178 2767 2259 2832 42
2278 2789 2343 2850 p.
2360 2765 2516 2831 Chr.

192 2879 362 2942 initio
421 2875 676 2961 imperii
733 2875 870 2950 sui,
929 2875 1118 2939 cuius
1167 2877 1473 2939 memoria
1520 2873 1697 2959 apud
1742 2874 2041 2938 Tacitum
2088 2875 2313 2959 periit,
2368 2897 2517 2940 cum

189 2983 611 3050 Mauritanias
651 2982 976 3067 equitibus
1015 2985 1336 3070 regendas
1371 2982 1673 3058 traderet,
1712 2983 1865 3048 item
1896 2983 1981 3046 ad
2016 2993 2203 3048 vetus
2233 2983 2515 3049 Iudaeae

182 3093 556 3178 exemplum
617 3091 774 3156 alias
821 3093 1098 3157 minores
1145 3093 1507 3176 provincias
1553 3091 2075 3176 procuratoribus
2119 3092 2514 3177 permiserit:

179 3203 438 3266 nullum
484 3209 658 3264 certe
701 3221 925 3264 eorum
968 3200 1320 3285 vestigium
1365 3199 1655 3283 Augusti
1702 3209 1909 3265 aetate
1952 3200 2289 3286 reperitur.

347 3307 722 3373 Docuimus
759 3309 980 3394 igitur,
1021 3319 1296 3373 exeunte
1323 3309 1613 3394 Augusti
1642 3308 2001 3394 principatu
2029 3309 2321 3374 Raetiam
2349 3309 2514 3380 Vin-

179 3417 614 3500 deliciamque
679 3437 827 3480 cum
887 3416 1106 3483 Gallia
1165 3417 1370 3482 fuisse
1435 3417 1840 3482 coniunctam
1861 3460 1879 3491 ,
1950 3417 2235 3482 diximus
2302 3416 2515 3492 etiam,

181 3549 333 3591 curn
369 3525 604 3590 Raetia
665 3523 1114 3608 subigeretur,
1169 3523 1503 3588 Tiberium
1555 3547 1634 3589 ex
1680 3524 1897 3590 Gallia
1942 3547 2085 3590 esse
2132 3526 2517 3609 profectum,

176 3645 250 3699 ut
304 3634 574 3720 planum
634 3645 806 3698 certe
861 3655 1006 3698 esse
1062 3632 1389 3709 videatur,
1453 3655 1595 3697 eam
1636 3641 1978 3717 postquam
2032 3632 2103 3695 in
2148 3632 2515 3717 provinciae

177 3743 454 3806 formam
520 3740 780 3806 redacta
845 3750 974 3817 est,
1061 3741 1130 3804 in
1186 3739 1505 3808 Gallicam
1578 3741 1859 3826 aliquam
1912 3740 2309 3826 provinciam
2372 3763 2515 3806 esse

182 3848 638 3916 contributam.
734 3847 868 3912 Sed
929 3849 998 3912 in
1047 3860 1260 3914 utram
1303 3850 1569 3914 tandem
1606 3847 2011 3934 putabimus,
2072 3849 2140 3912 in
2181 3849 2517 3934 Belgicam

183 3983 261 4023 an
309 3959 379 4022 in
422 3955 988 4041 Lugdunensem?
1071 3957 1150 4020 In
1191 3958 1365 4023 illam
1413 3971 1583 4024 certe
1628 3956 1994 4022 existimare
2038 3958 2335 4034 debebit,
2402 3959 2513 4044 qui

183 4059 378 4132 Plinii
421 4065 866 4130 auctoritatem
913 4077 1239 4149 sequetur,
1285 4065 1397 4151 qui
1445 4089 1595 4130 cum
1639 4064 1985 4148 diligenter
2030 4067 2511 4152 provinciarum

187 4175 461 4261 populos
516 4181 884 4248 recenseat,
937 4172 1278 4238 Helvetios
1302 4221 1319 4251 ,
1374 4174 1721 4238 Raetorum
1781 4173 2059 4251 vicinoS,
2123 4175 2192 4238 in
2248 4174 2517 4258 Belgica

187 4290 540 4348 enumeret.
623 4279 759 4345 Ubi
795 4291 1007 4354 autem
1047 4281 1156 4344 ille
1193 4279 1433 4346 Raetos
1472 4279 1711 4346 habet?
1780 4280 2119 4365 Nusquam
2152 4281 2219 4344 in
2260 4280 2513 4348 Galliae

187 4391 452 4476 quidem
497 4387 966 4475 descriptione,
1015 4388 1132 4454 sed
1171 4389 1487 4454 recensita
1526 4388 1713 4454 Italia
1753 4388 1898 4454 libr.
1936 4388 2073 4466 111,
2116 4387 2231 4467 20,
2290 4389 2401 4455 133
2446 4390 2515 4456 in
