2917 5017
735 342 816 401 De
849 351 1047 413 legibus
1086 352 1482 414 municipalibus
1515 350 1825 416 Hispanicis.
2197 352 2202 358 ’
2311 350 2432 417 287

89 514 479 600 municipes
518 523 1114 589 commemorentur,
1154 534 1283 577 non
1328 513 1662 588 efficiatur,
1713 536 1832 577 nec
1876 516 2079 581 fuisse
2121 518 2436 603 quaedam

92 622 469 707 municipia
522 622 867 685 Latinitate
920 633 1167 685 tantum
1220 622 1513 706 praedita
1551 642 1672 685 nec
1725 622 1791 685 in
1850 623 1992 708 ipso
2033 624 2144 689 illo
2186 626 2436 689 nullum

92 731 321 821 fuisse·
385 730 579 815 quasi
641 750 875 814 corpus
943 728 1115 813 quod
1176 729 1257 793 ab
1324 729 1510 792 initio
1564 732 1772 795 statim
1833 732 2089 797 civitat-e
2149 732 2440 797 Romana

94 839 455 903 uteretur?
528 837 937 922 Quamquam
977 858 1111 900 uno
1156 837 1223 900 in
1267 859 1503 922 genere
1542 839 1735 923 paulo
1777 838 2060 903 deterior
2115 852 2214 905 est
2265 841 2436 905 colo·
2487 830 2498 838 ’

92 946 364 1010 uiarum
414 946 597 1011 ratio.
680 944 1003 1027 Quoniam
1044 944 1214 1009 enim
1258 946 1468 1009 coloni·
1504 946 1828 1022 dicuntur,
1872 948 1984 1031 qui
2027 949 2129 1012 vel
2175 947 2438 1013 deducti

93 1055 198 1118 vel
228 1054 345 1137 ,ad
402 1076 535 1141 eos,
580 1054 691 1138 qui
736 1051 1242 1128 deducebantur,
1298 1052 1560 1139 ascripti
1609 1064 1779 1130 sunt,
1835 1057 2160 1138 quomodo
2203 1059 2316 1141 qui
2370 1058 2438 1122 in

97 1162 414 1226 coloniae
474 1160 934 1247 rempublicam
992 1160 1337 1225 contributi
1398 1174 1596 1237 erant,
1656 1163 2166 1247 appellarentur?
2247 1162 2440 1229 Certe

96 1292 231 1333 non
300 1269 546 1344 coloni,
602 1268 714 1332 sed
768 1278 1065 1353 poterant
1118 1268 1476 1354 municipes
1506 1324 1510 1328 .
1540 1270 1643 1335 vel
1699 1269 2009 1348 similiter,
2059 1284 2250 1357 atque
2291 1273 2440 1337 hinc

92 1400 381 1463 quoque
439 1376 692 1452 accidit,
740 1376 916 1460 quod
965 1378 1031 1440 in
1076 1389 1411 1457 comment.
1439 1378 1475 1441 Ι
1509 1398 1574 1462 p.
1604 1379 1726 1445 476
1772 1379 2121 1464 tetigimus,
2171 1390 2243 1443 ut
2293 1402 2438 1445 cum

95 1488 249 1572 ipsa
304 1486 565 1551 colonia
606 1507 936 1568 nunquam
985 1484 1311 1569 municipii
1358 1508 1590 1549 nomen
1633 1485 1916 1563 haberet,
1961 1490 2071 1571 qui
2127 1501 2338 1553 tamen
2373 1488 2440 1551 in

96 1618 175 1659 ea
220 1606 479 1669 essent,
527 1592 889 1657 necessario
934 1615 1125 1677 saepe
1166 1592 1526 1678 municipes
1560 1595 2048 1679 appellarentur.
2108 1598 2200 1661 At
2231 1597 2442 1661 muni-

98 1702 438 1787 cipiorum
498 1700 565 1763 id
626 1713 724 1765 est
782 1722 1035 1776 nomen,
1091 1713 1163 1763 ut
1206 1700 1367 1765 nihil
1412 1700 1643 1778 obstet,
1690 1705 2033 1786 quominus
2076 1705 2444 1790 quicunque

98 1833 341 1875 eorum
392 1808 782 1892 reipublicae
824 1809 1171 1894 participes
1220 1821 1389 1883 sunt,
1434 1810 1794 1895 municipes
1835 1813 2150 1877 dicantur.

282 1909 742 1982 Veruntamen
778 1917 951 2001 quod
997 1917 1061 1979 in
1114 1916 1380 1981 coloniis
1422 1918 1878 1996 intelleximus,
1921 1920 2094 1985 idem
2137 1921 2204 1983 in
2231 1920 2444 1984 muni-

101 2025 305 2110 cipiis
364 2035 578 2109 potest
629 2024 1053 2089 demonstrari
1111 2035 1175 2088 et
1222 2024 1287 2087 in
1340 2025 1421 2087 iis
1475 2026 1856 2113 municipiis,
1912 2051 2078 2114 quae
2122 2028 2445 2092 civitatem

103 2134 482 2198 Roma-nam
537 2131 843 2197 habuisse
899 2144 1165 2197 constet.
1257 2132 1419 2198 Nam
1468 2135 1532 2197 in
1590 2136 1776 2202 Italia
1820 2138 2146 2222 superiore
2193 2135 2332 2199 sive
2375 2135 2442 2198 in

108 2241 345 2307 Gallia
382 2238 715 2325 Cisalpina
758 2263 885 2305 non
921 2242 1113 2305 modo
1162 2242 1447 2307 coloniae
1489 2244 1724 2308 multae
1767 2266 1914 2308 cum
1955 2242 2286 2329 republica
2329 2266 2448 2308 sua

110 2351 507 2415 coniunctas
566 2348 889 2415 habebant
955 2360 1183 2435 gentes
1239 2350 1602 2434 Inalpinas,
1661 2351 1776 2415 sed
1837 2351 2024 2415 etiam
2081 2351 2446 2435 municipia.

110 2456 611 2522 Commemorat
653 2458 819 2522 Plin.
866 2468 993 2521 nat.
1034 2457 1182 2521 hist.
1208 2457 1331 2532 ΙΙΙ,
1362 2457 1466 2533 20,
1501 2459 1616 2523 134
1663 2463 1888 2522 Latini
1925 2464 2082 2521 iuris
2119 2464 2450 2540 Euganeas

103 2578 337 2648 gentes
374 2604 461 2613 —
497 2588 573 2628 ex
612 2571 689 2628 iis
740 2569 1210 2646 Triumpilinos‚
1255 2570 1532 2628 venalem
1571 2590 1708 2629 cum
1754 2572 1927 2649 agris
1967 2570 2094 2627 mis
2123 2570 2452 2647 populum,

113 2679 267 2737 dein
319 2676 629 2739 Carmanos
673 2677 1127 2753 compluresque
1146 2678 1372 2735 similes
1391 2679 1696 2754 finitimis
1722 2675 2049 2737 attributos
2072 2678 2449 2755 municipiis.

110 2783 313 2846 Idem
357 2784 407 2864 ξ.
454 2782 571 2845 138
614 2778 947 2845 Cottianas
1001 2782 1290 2846 civitates
1334 2782 1477 2846 XII
1519 2782 1856 2846 attributas
1915 2804 2058 2846 esse
2110 2782 2196 2846 ait
2240 2786 2450 2845 muni-

117 2890 318 2975 cipiis
367 2889 513 2974 lege
541 2889 867 2973 Pompeia,
906 2912 1067 2973 quas
1107 2891 1301 2974 paulo
1333 2900 1480 2953 ante
1502 2889 1694 2953 Latio
1733 2889 2054 2973 praeditas
2095 2910 2237 2953 esse
2267 2889 2450 2953 dixe-

112 3012 243 3063 rat.
327 2996 431 3061 En
474 2998 561 3073 id,
609 2996 785 3081 quod
842 2997 1245 3080 quaerimus:
1308 2997 1656 3082 municipia
1711 3018 1874 3080 quae
1929 2997 2082 3080 quin
2129 2996 2450 3061 civitatem

120 3106 504 3182 habuerint,
562 3128 689 3171 non
740 3115 839 3169 est
896 3105 1169 3169 dubium
1222 3106 1400 3192 (nam
1454 3104 1706 3168 nullum
1760 3116 1914 3169 tunc
1974 3106 2038 3168 in
2087 3104 2274 3168 Italia
2319 3116 2454 3169 erat

122 3213 448 3298 oppidum
507 3214 631 3279 nisi
674 3214 913 3277 civium
952 3213 1440 3295 Romanorum),
1489 3213 1864 3278 coniunctas
1917 3234 2065 3277 cum
2120 3211 2455 3298 republica

120 3346 253 3387 sua
300 3322 543 3386 habent
581 3321 875 3385 civitates
917 3321 1263 3385 Latinitate
1308 3320 1651 3405 praeditas,
1692 3321 1950 3405 duoque
2005 3324 2072 3385 in
2115 3322 2196 3386 iis
2240 3322 2450 3385 muni-

122 3431 321 3515 cipiis
370 3441 522 3494 sunt
564 3429 895 3494 hominum
941 3450 1197 3514 genera,
1228 3429 1468 3494 civium
1495 3428 1931 3494 Romanorum
1965 3440 2028 3493 et
2051 3429 2455 3505 Latinorum,
2504 3518 2508 3522 .

122 3537 376 3624 quibus
402 3538 547 3623 lege
576 3537 945 3623 municipali
974 3537 1323 3621 aequaliter
1348 3536 1706 3601 cavendum
1739 3548 1852 3601 est.
1910 3536 2058 3601 Hoc
2086 3538 2226 3600 iure
2247 3536 2456 3601 Vero-

125 3671 285 3712 nam
312 3646 538 3723 fuisse,
582 3668 777 3731 quam
802 3646 1064 3711 Traiani
1107 3646 1367 3709 demum
1408 3656 1612 3710 aetate
1655 3644 1942 3709 coloniae
1983 3644 2089 3708 ius
2121 3645 2448 3729 accepisse

127 3753 475 3840 probabile
510 3768 609 3821 est
648 3752 1038 3838 (Comment.
1077 3754 1109 3817 I
1152 3775 1215 3838 p.
1258 3753 1432 3834 403),
1479 3774 1746 3838 eamque
1791 3753 1876 3818 ob
1919 3775 2176 3818 causam
2216 3752 2454 3817 Raeto-

128 3886 281 3927 rum
340 3874 407 3927 et.
464 3862 926 3947 Euganeorum
987 3861 1299 3946 oppidum
1360 3862 1534 3947 apud
1588 3862 1756 3927 Plin.
1791 3862 1913 3937 III,
1973 3861 2090 3925 130
2147 3860 2455 3945 appellari

132 3969 433 4046 arbitror,
484 3970 609 4035 hoc
655 3971 881 4037 eodem
934 3970 1059 4036 alia
1112 3991 1242 4034 non
1284 3992 1493 4056 pauca
1534 3968 1784 4035 Galliae
1833 3966 2200 4053 Cisalpinae
2242 3967 2456 4031 muni-

138 4080 309 4165 cipia
350 4100 473 4143 usa
512 4100 655 4144 esse
696 4078 935 4143 iudico·
1006 4078 1139 4143 Sed
1184 4078 1361 4163 quod
1406 4078 1474 4141 in
1510 4078 1696 4143 Italia
1719 4078 1998 4163 primum
2034 4076 2258 4151 extitit,
2283 4075 2457 4139 idem

136 4187 375 4252 deinde
436 4187 520 4251 ad
579 4186 945 4272 provincias
998 4187 1375 4252 translatum
1416 4198 1533 4252 est.
1612 4186 1811 4251 Velut
1853 4186 1920 4249 in
1963 4182 2194 4249 Africa
2243 4184 2456 4248 nobile
2531 4188 2536 4193 ’

134 4294 459 4382 imprimis
511 4294 821 4379 oppidum
870 4294 995 4357 fuit
1046 4294 1259 4370 Utica,
1315 4294 1490 4379 quod
1535 4316 1682 4358 cum
1727 4317 1768 4358 a
1804 4293 2200 4357 Punicorum
2257 4288 2458 4355 bello-

137 4427 283 4468 rum
320 4416 609 4489 tempore
643 4402 725 4466 de
758 4402 1047 4466 Romano
1082 4402 1353 4488 imperio
1399 4402 1562 4467 bene
1605 4402 1967 4477 meruisset,
2008 4398 2275 4485 praemii
2317 4399 2458 4465 loco
