2917 5017
826 312 910 362 De
949 311 1121 362 Gallia
1161 313 1513 363 Romanorum
1558 313 1835 378 provincia.
2410 310 2491 377 67

163 465 280 548 qui
327 488 477 530 eum
521 469 894 548 adiuvabat,
939 495 1067 536 non
1115 482 1380 537 externa
1415 475 1693 539 maxima
1720 476 2047 561 provincia
2088 475 2339 540 adiecta
2376 486 2491 542 est.

161 571 354 654 Quid
391 576 596 660 igitur
621 579 890 644 minoris
919 581 1160 665 negotii
1205 579 1475 665 cogitari
1519 593 1746 667 potest,
1794 607 1985 668 quam
2026 607 2103 649 ea
2142 585 2493 670 provincia,

159 703 334 764 quae
381 685 497 747 uni
537 686 788 750 consuli
835 687 974 752 dari
1013 699 1370 766 consuerat,
1413 689 1579 753 inter
1623 691 1789 756 duos
1828 692 2085 758 divisa?
2153 691 2293 758 Nec
2343 715 2495 757 vero

151 789 322 854 locis
366 793 566 858 modo
610 817 686 858 ac
728 797 932 881 spatio
959 797 1294 862 consulum
1326 797 1697 883 provinciae
1736 801 2261 887 circumscriptae
2294 811 2494 877 erant,

155 921 400 964 verum
429 901 622 966 etiam
654 913 958 989 tempore.
1035 903 1202 969 Nam
1229 906 1533 990 quoniam
1564 909 1907 991 quotannis
1936 909 2118 974 alteri
2154 909 2495 974 consulum

155 1007 354 1072 Italia
401 1009 670 1074 decerni
711 1012 970 1088 solebat,
1005 1011 1202 1077 fiebat
1239 1015 1627 1092 necessario,
1677 1027 1751 1080 ut
1792 1039 2005 1082 annua
2040 1027 2289 1081 tantum
2326 1027 2495 1082 esset

157 1115 320 1182 baec
365 1119 729 1201 provincia,
783 1121 884 1184 vel
927 1121 980 1185 si
1035 1135 1380 1207 prorogato
1425 1123 1693 1209 imperio
1734 1124 1799 1188 in
1844 1125 2211 1209 proximum
2254 1146 2495 1188 annum

157 1227 542 1311 pertineret,
585 1251 706 1294 nec
731 1230 1004 1293 multum
1029 1229 1486 1296 extenderetur
1506 1243 1739 1296 etcum
1782 1233 1907 1297 alio
1954 1232 2388 1308 divideretur3
2434 1242 2499 1296 at

163 1345 476 1401 externae
524 1337 894 1422 provinciae
931 1338 1226 1423 pluribus
1255 1349 1411 1404 tunc
1450 1341 1635 1403 annis
1665 1363 1740 1404 ac
1774 1342 1907 1406 fere
1941 1341 2211 1405 triennio
2248 1340 2497 1405 obtine-

164 1443 426 1508 bantur.
529 1446 822 1532 Apparet
871 1446 1104 1531 igitur,
1171 1457 1473 1530 quantam
1535 1447 1659 1512 sibi
1710 1448 2009 1512 iniuriam
2065 1448 2297 1511 factam
2354 1469 2498 1512 esse

165 1553 412 1636 putarit
437 1551 520 1619 C.
546 1551 808 1626 Caesar,
853 1556 964 1638 qui
1002 1579 1150 1620 cum
1190 1556 1447 1620 rediens
1488 1578 1567 1620 ex
1596 1556 1932 1641 Hispania,
1974 1568 2047 1619 ut
2090 1556 2495 1620 consulatum

175 1662 670 1747 adipisceretur,
703 1663 1098 1748 triumphum
1123 1665 1634 1750 contempsisset,
1664 1676 1837 1728 tanto
1862 1665 2162 1728 maiorem
2196 1664 2496 1729 victoria-

189 1793 328 1834 rum
355 1771 612 1856 copiam
649 1793 731 1834 ex
773 1771 1092 1836 consulari
1121 1773 1454 1858 provincia
1493 1772 1805 1858 sperabat.
1855 1772 2289 1836 Veruntamen
2333 1773 2497 1858 opti-

193 1889 402 1943 mates
421 1902 552 1943 cum
579 1877 849 1945 Caesari
879 1893 1199 1946 externam
1229 1881 1631 1967 provinciam
1660 1881 1812 1944 dare
1839 1880 2101 1955 nollent,
2143 1901 2272 1963 quo
2316 1902 2495 1964 prae-

185 1997 362 2050 textu
411 1989 814 2053 utebantur?
856 1989 1013 2074 quid
1053 1991 1154 2054 sui
1199 1989 1523 2076 purgandi
1565 2010 1755 2053 causa
1805 1987 2225 2054 dictitabant?
2270 1987 2496 2074 Neque

174 2095 348 2160 enim
383 2108 518 2160 tam
546 2096 724 2160 nulla
769 2097 1110 2181 prudentia
1151 2111 1350 2174 erant,
1395 2108 1469 2161 ut
1495 2095 1793 2162 Caesaris
1828 2119 2027 2161 causa
2044 2099 2317 2164 tantulas
2346 2120 2499 2162 con·

174 2203 446 2269 sulibus
491 2205 858 2288 provincias
903 2206 1159 2271 decerni
1189 2207 1555 2271 'faterentur
1594 2216 1705 2270 aut
1748 2229 1875 2270 non
1918 2229 1996 2270 ex
2054 2229 2230 2272 more
2284 2217 2498 2272 vetere

173 2313 401 2398 egisse
448 2311 660 2376 videri
709 2323 1034 2398 cuperent.
1111 2313 1435 2380 Nimirum
1484 2315 1813 2400 superiore
1864 2338 2032 2379 anno
2083 2337 2389 2400 magnum
2434 2314 2502 2380 in

165 2421 442 2486 civitate
485 2433 728 2485 metum
773 2421 924 2486 belli
949 2419 1187 2486 Gallici
1228 2422 1434 2488 fuisse
1482 2423 1784 2498 diximuS,
1826 2443 1991 2506 quae
2030 2445 2225 2488 causa
2271 2423 2501 2500 fuerat,

165 2541 242 2594 ut
277 2529 392 2618 -Ω,
449 2529 715 2593 Metello
771 2540 832 2592 et
885 2528 966 2592 L.
1011 2530 1278 2594 Afranio
1333 2531 1711 2597 consulibus
1766 2531 1933 2594 duae
1980 2529 2229 2596 Galliae
2277 2528 2501 2594 decer-

175 2649 514 2714 nerentur,
551 2637 662 2721 qui
701 2649 910 2702 metus
957 2638 1077 2702 etsi
1105 2639 1361 2704 interim
1404 2640 1761 2715 refrixerat,
1810 2639 2082 2704 dubium
2124 2651 2334 2704 tamen
2368 2649 2501 2703 erat

177 2771 256 2810 an
303 2757 483 2810 esset
527 2745 878 2810 rediturus.
945 2744 1053 2809 Ab
1097 2747 1218 2812 hoc
1259 2748 1458 2830 igitur
1498 2757 1674 2812 metu
1718 2746 1867 2830 quia
1902 2745 2304 2812 liberandam
2352 2767 2495 2811 esse

197 2852 479 2918 dicebant
533 2853 760 2917 urbem
819 2853 1229 2938 Italiamque,
1292 2855 1440 2919 ideo
1496 2877 1533 2918 a
1586 2877 1760 2919 more
1816 2853 2285 2918 discedendum
2350 2875 2493 2918 esse

181 2959 515 3045 putabant,
563 2971 637 3025 ut
675 2961 994 3026 ambobus
1037 2962 1412 3028 consulibus
1435 2963 1688 3028 Italiam
1725 2963 2170 3028 decernerent:
2216 2961 2501 3030 facturos

185 3092 256 3134 se
311 3070 561 3146 fuisse,
612 3081 687 3134 ut
743 3071 907 3135 duas
957 3067 1238 3147 Gallias,
1289 3070 1333 3134 i.
1381 3093 1436 3134 e.
1493 3072 1609 3136 uni
1656 3070 2139 3135 Narbonensem
2202 3070 2501 3148 Galliam,

177 3178 370 3242 alteri
410 3177 664 3242 Italiam
707 3201 857 3243 cum
898 3178 1110 3244 Gallia
1150 3174 1479 3263 Cisalpina
1518 3181 1925 3256 mandarent,
1973 3180 2087 3244 sed
2134 3180 2307 3244 illam
2353 3202 2503 3266 pro-

168 3286 463 3352 vinciam
513 3288 715 3352 teneri
759 3312 798 3353 a
837 3286 922 3369 Q.
967 3287 1234 3352 Metello
1282 3288 1561 3353 necdum
1602 3311 1792 3374 posse
1849 3289 2064 3353 adimi.
2158 3286 2504 3352 Securitati

165 3398 381 3483 igitur
397 3395 620 3459 Italiae
647 3395 904 3460 duobus
931 3394 1378 3460 consularibus
1403 3396 1793 3462 exercitibus
1818 3397 2199 3480 duobusque
2223 3395 2500 3480 impera-

171 3504 436 3571 toribus
469 3525 614 3567 esse
660 3504 1148 3568 consulendum.
1207 3503 1586 3568 Afferebant
1616 3505 1883 3569 fortasse
1918 3505 2109 3568 etiam
2140 3502 2293 3568 belli
2322 3499 2503 3566 Cim-

181 3613 342 3680 brici
411 3622 730 3697 tempora,
793 3633 938 3676 cum
1001 3611 1154 3676 item
1210 3611 1468 3696 saepius
1528 3610 1841 3676 ambobus
1902 3609 2276 3675 consulibus
2320 3608 2507 3673 Italia
2561 3693 2569 3699 ἱ

200 3721 448 3786 decreta
491 3729 607 3784 est.
692 3719 875 3784 Haec
918 3719 1127 3805 igitur
1163 3719 1258 3783 illi
1299 3741 1428 3783 non
1476 3719 1613 3784 sine
1654 3720 1923 3784 honesta
1960 3718 2238 3804 quadam
2290 3716 2505 3803 specie

189 3828 601 3903 dictitabant,
659 3827 774 3892 sed
815 3825 1060 3892 Caesar
1101 3827 1273 3912 ipse,
1333 3850 1483 3892 cum
1540 3827 1865 3892 civitatem
1921 3826 2033 3892 illo
2078 3839 2251 3891 metu
2304 3825 2507 3890 teneri

179 3938 598 4023 intelligeret,
646 3958 840 4021 quam
881 3935 1139 4001 tandem
1185 3936 1583 4022 provinciam
1624 3936 2129 4021 concupisceret,
2185 3955 2349 4019 quae
2392 3954 2506 3996 cu—

181 4047 442 4133 piditati
491 4067 646 4108 suae
693 4043 1064 4108 sufficeret?
1125 4043 1490 4108 Placuisset
1534 4044 1593 4106 ei
1633 4054 1805 4110 certe
1831 4042 2269 4109 Narbonensis
2297 4039 2509 4107 Gallia

181 4169 245 4222 et
275 4178 522 4242 magna
551 4163 616 4218 et
647 4152 936 4217 barbaris
967 4151 1200 4228 vicina,
1225 4173 1392 4236 quae
1432 4173 1582 4216 cum
1614 4151 1753 4216 dari
1780 4173 1909 4215 non
1938 4162 2176 4237 posset,
2223 4148 2511 4235 proxima

181 4262 550 4332 consularis
595 4260 924 4347 provincia
949 4271 1084 4324 erat
1125 4260 1430 4325 alterutra
1449 4259 1949 4346 Hispaniarum3
1994 4258 2107 4324 sed
2137 4257 2511 4323 ulteriorem

177 4376 324 4462 ipse
371 4393 502 4438 non
539 4369 745 4434 multo
789 4378 934 4432 ante
973 4368 1303 4445 habuerat,
1349 4368 1607 4432 citerior
1647 4367 1842 4433 modo
1888 4368 1963 4433 P.
2008 4363 2309 4430 Cornelio
2334 4363 2512 4429 Len-

2025 4474 2117 4540 5*
