2917 5017
451 335 576 404 296
1062 338 1145 389 De
1180 339 1384 404 legibus
1421 339 1809 404 municipalibus
1848 339 2161 406 Hispanicis.

449 501 780 590 ligendam
821 500 1109 579 haberet,
1172 501 1396 586 paucis
1459 501 1971 588 significaremus
2028 513 2093 568 et
2145 502 2359 568 locum
2408 503 2789 580 maximum,

451 611 517 675 in
564 632 691 696 quo
745 610 959 677 adhuc
1005 609 1292 674 virorum
1339 609 1861 676 doctissimorum
1904 610 2290 676 industriam
2346 611 2571 676 minus
2616 625 2789 676 recte

457 730 776 786 versatam
821 741 964 786 esse
1003 727 1403 805 putaremus,
1449 718 1637 783 novis
1684 719 1919 785 studiis
1958 718 2583 784 commendaremus.
2655 719 2789 784 Iam

454 829 656 895 oratio
713 839 934 894 nostra
990 826 1074 892 ad
1131 826 1200 890 id
1253 826 1430 911 quod
1494 826 1845 912 coepimus,
1890 827 2161 904 redibit3
2227 828 2555 912 reliquum
2618 827 2789 892 enim

455 948 574 1014 est,
619 958 768 1002 cum
809 936 890 1001 de
931 934 1190 1000 duobus
1235 935 1567 1000 hominum
1617 936 1990 1022 generibus,
2038 959 2204 1021 quae
2247 936 2315 1000 in
2350 937 2583 1002 incolis
2629 949 2699 1001 et
2731 938 2789 1000 in

454 1043 894 1132 municipibus
954 1044 1250 1120 fuerunt,
1303 1042 1689 1122 dixerimus,
1740 1055 1813 1109 ut
1870 1045 2059 1109 etiam
2116 1045 2295 1129 quod
2356 1044 2790 1111 decurionum

455 1155 746 1241 ipsorum
803 1151 910 1218 alii
963 1151 1138 1216 cives
1177 1151 1473 1228 Romani,
1533 1153 1640 1217 alii
1692 1152 1911 1218 Latini
1964 1152 2171 1218 fuisse
2225 1153 2554 1230 dicuntur,
2599 1155 2789 1238 quale

455 1263 652 1328 fuerit
700 1273 764 1328 et
821 1259 1146 1346 quomodo
1195 1281 1344 1324 cum
1403 1260 1732 1347 municipii
1781 1260 2151 1326 Malacitani
2196 1261 2454 1326 civitate
2494 1262 2791 1326 Romana
2856 1251 2858 1298 ⁵

457 1371 815 1446 conveniat,
885 1369 1302 1456 explicemus.
1398 1369 1706 1434 Vidimus
1764 1368 1934 1434 enim
1996 1369 2287 1435 Malacae
2346 1382 2541 1454 atque
2598 1372 2787 1436 etiam

463 1479 814 1565 Salpensae
859 1480 1040 1561 (nam
1077 1477 1429 1543 discrimen
1468 1478 1675 1542 ullum
1720 1479 1887 1544 inter
1924 1501 1999 1544 ea
2032 1478 2385 1564 municipia
2422 1479 2637 1544 fuisse
2680 1502 2789 1543 nec

458 1587 825 1652 invenimus
851 1607 974 1652 nec
998 1585 1328 1672 probabile
1361 1586 1489 1670 est)
1522 1586 1647 1652 alio
1671 1588 1811 1652 iure
1834 1587 2037 1652 fuisse
2066 1608 2199 1664 eos,
2231 1587 2343 1672 qui
2368 1587 2555 1652 urbis
2583 1587 2788 1672 ipsius

459 1697 634 1760 cives
665 1704 896 1771 essent,
921 1695 1044 1760 alio
1082 1717 1213 1771 eos,
1239 1695 1351 1780 qui
1377 1695 1444 1759 in
1479 1695 1639 1760 vicis
1678 1696 2062 1783 oppidisque
2084 1695 2437 1780 municipio
2462 1694 2791 1760 attributis

457 1803 850 1868 habitarent:
895 1803 988 1869 illi
1035 1805 1290 1869 civitate
1347 1802 1659 1880 Romana,
1712 1804 1778 1868 hi
1823 1803 2171 1869 Latinitate
2212 1803 2584 1869 utebantur.
2657 1804 2791 1867 Iam
2858 1787 2860 1898 1

459 1912 526 1976 in
571 1911 812 1977 Italicis
857 1912 1256 1998 municipiis,
1301 1932 1571 1996 quorum
1620 1933 1841 1976 omnes
1882 1911 2241 1996 municipes
2284 1912 2461 1977 cives
2512 1911 2789 1976 Romani
2858 1911 2860 1934 ³

461 2031 662 2096 erant,
719 2019 960 2086 scimus
1007 2020 1398 2086 senatorium
1442 2019 1751 2084 honorem
1792 2019 1881 2084 ita
1929 2019 2133 2084 fuisse
2178 2020 2484 2097 divisum,
2530 2031 2628 2096 ut,
2676 2027 2785 2104 qui

459 2127 585 2191 vici
629 2126 991 2212 oppidaque
1036 2138 1251 2193 essent
1293 2127 1675 2202 contributa,
1702 2150 1781 2192 ex
1807 2127 1887 2192 iis
1912 2128 2295 2192 decuriones
2325 2128 2395 2192 in
2426 2128 2645 2192 curias
2676 2127 2787 2192 ad-

459 2235 880 2300 mitterentur.
930 2235 1082 2299 Non
1108 2235 1218 2300 illa
1252 2246 1386 2300 erat
1429 2236 1853 2313 consuetudo,
1872 2259 2066 2321 quam
2097 2259 2214 2301 nos
2234 2237 2427 2302 hodie
2450 2237 2521 2301 in
2550 2235 2785 2301 nostris

458 2345 657 2410 rebus
684 2344 965 2431 publicis
992 2343 1328 2420 habemus,
1375 2355 1447 2408 ut
1474 2364 1592 2429 pro
1621 2365 1887 2408 numero
1926 2345 2345 2430 municipum,
2386 2344 2501 2429 qui
2530 2345 2597 2407 in
2630 2367 2784 2429 qua·
2860 2349 2862 2352 ⁴

460 2476 586 2538 que
628 2454 973 2540 ,municipii
1032 2464 1209 2538 parte
1267 2463 1467 2528 erant,
1520 2451 1903 2517 decuriones
1947 2453 2339 2539 legerentur,
2400 2454 2516 2518 sed
2568 2454 2784 2519 obser-

461 2559 734 2626 vabatur
791 2571 1024 2636 tamen,
1079 2583 1158 2625 ne
1215 2583 1344 2644 qua
1403 2571 1576 2624 esset
1633 2582 1802 2645 pars,
1848 2583 2013 2644 quae
2060 2583 2179 2626 suo
2232 2561 2585 2626 decurione
2630 2572 2785 2626 tam-

459 2692 656 2755 quam
709 2668 1106 2754 privatarum
1155 2691 1418 2733 suarum
1461 2691 1678 2733 rerum
1712 2681 1979 2754 patrono
2024 2691 2101 2733 ac
2145 2669 2487 2734 defensore
2528 2681 2785 2734 careret.
2862 2711 2864 2716 -

463 2778 616 2860 Qua
656 2777 739 2842 de
782 2799 852 2841 re
899 2799 1046 2842 cum
1090 2776 1483 2842 dixissemus
1522 2775 1673 2840 olim
1714 2776 1783 2840 in
1822 2777 2353 2842 commentatione
2380 2777 2787 2863 epigraphica

464 2887 546 2951 de
599 2886 874 2951 Lavinio
929 2897 993 2952 et
1033 2885 1475 2950 Laurentibus
1523 2882 1947 2948 Lavinatibus
1992 2906 2055 2969 p.
2100 2884 2203 2960 29,
2249 2884 2518 2950 eandem
2562 2909 2783 2951 rursus

464 3018 598 3061 rem
645 3018 726 3060 ex
768 2996 914 3081 lege
970 2993 1138 3058 Iulia
1177 2991 1571 3078 municipali,
1629 3014 1795 3076 quae
1840 2991 1909 3054 in
1960 2991 2199 3058 tabulis
2240 2992 2783 3059 Heracleensibus

463 3115 583 3180 est,
637 3103 1099 3179 intelleximus,
1160 3103 1309 3168 vide
1371 3098 1731 3166 Comment.
1780 3101 1815 3165 Ι
1873 3123 1937 3186 p.
1978 3102 2082 3166 91.
2164 3100 2345 3183 Quid
2403 3101 2651 3186 igitur?
2711 3103 2783 3166 In

462 3213 942 3298 provinciarum
979 3211 1348 3297 municipiis
1389 3233 1472 3274 an
1514 3209 1781 3274 similem
1814 3209 2348 3274 consuetudinem
2382 3207 2780 3274 observatam

473 3343 616 3384 esse
653 3318 1076 3405 putabimus?
1146 3318 1438 3384 Malacae
1483 3328 1719 3394 autem,
1760 3317 2059 3403 quoniam
2106 3317 2221 3403 qui
2258 3318 2327 3381 in
2364 3317 2779 3403 municipium

463 3427 752 3492 attributi
795 3437 994 3501 erant,
1042 3424 1388 3490 Latinitate
1434 3424 1800 3502 utebantur,
1846 3448 1921 3490 eo
1964 3426 2177 3491 minus
2218 3425 2645 3490 decurionatu
2670 3448 2778 3512 po-

467 3545 678 3600 terant
721 3532 1004 3611 excludi,
1054 3533 1230 3619 quod
1269 3533 1350 3598 ad
1397 3533 1577 3618 ipsos
1602 3532 1877 3598 honores
1902 3533 2422 3599 admittebantur.
2468 3533 2611 3600 Nec
2637 3557 2779 3598 vero

465 3665 542 3708 ea
580 3643 743 3708 ratio
782 3653 935 3719 erat,
985 3652 1059 3706 ut
1097 3642 1164 3707 in
1209 3641 1453 3706 curiam
1500 3641 1627 3706 nisi
1670 3641 2024 3708 honoribus
2063 3643 2265 3730 gestis
2312 3663 2443 3707 non
2486 3643 2779 3728 perveni-

464 3764 645 3816 retur
656 3777 673 3828 3
715 3773 880 3836 quae
927 3751 982 3814 si
1024 3752 1275 3827 fuisset,
1313 3773 1503 3815 nemo
1548 3773 1691 3816 esse
1737 3763 1959 3838 posset
1998 3752 2285 3828 decurio,
2327 3751 2485 3835 quin
2532 3751 2777 3817 civitate

465 3860 754 3926 Romana
790 3869 1098 3924 uteretur.
1171 3858 1398 3924 Fuerit
1423 3851 1555 3924 'hoc
1594 3858 1659 3924 in
1702 3860 2087 3945 Tergestina
2124 3860 2393 3936 colonia,
2440 3870 2517 3923 ut
2558 3857 2777 3925 Carnis

467 3965 710 4034 Catalis
761 3990 888 4032 non
945 3969 1138 4034 modo
1195 3968 1475 4046 civitate,
1522 3991 1747 4064 verum
1794 3969 1985 4034 etiam
2030 3969 2377 4035 Latinitate
2420 3969 2777 4034 carentibus

466 4075 782 4141 aedilitate
835 4085 1016 4160 gesta
1055 4077 1124 4140 in
1179 4077 1424 4142 curiam
1460 4076 1913 4162 Tergestinam
1956 4077 2289 4164 pervenire
2332 4077 2595 4142 liceret:
2648 4077 2777 4143 aliis

467 4182 834 4268 municipiis
890 4185 1001 4269 qui
1069 4182 1355 4250 attributi
1418 4195 1618 4261 erant,
1672 4185 2023 4250 dummodo
2080 4184 2303 4250 saltem
2347 4184 2571 4250 Latini
2630 4186 2777 4252 iuris

467 4301 715 4368 essent,
779 4291 965 4358 etiam
1025 4293 1222 4359 nullis
1281 4293 1638 4380 honoribus
1692 4304 1840 4359 ante
1898 4293 2223 4379 perfuncti
2278 4293 2346 4358 in
2401 4293 2775 4359 decuriones

465 4399 771 4466 videntur
827 4401 1018 4489 allegi
1071 4402 1376 4484 potuisse.
1457 4401 1605 4468 Etsi
1660 4401 1831 4467 enim
1884 4402 2101 4470 minus
2160 4425 2389 4470 verum
2436 4413 2568 4481 est,
2614 4403 2774 4489 quod
