2917 5017
739 310 820 361 De
859 309 1032 360 Gallia
1072 310 1422 360 Romanorum
1466 311 1745 376 provincia.
2312 305 2396 372 97

138 469 512 536 illustrissima
551 471 976 555 omnibusque
1015 479 1167 534 nota
1205 479 1440 547 essent,
1478 470 1533 534 si
1564 471 1757 534 vellet
1780 493 2057 548 narrare,
2100 472 2399 557 ignorare

139 602 236 643 non
283 577 488 663 potuit.
575 575 786 643 Cuius
837 578 1000 642 fides
1059 601 1134 642 ac
1194 577 1458 642 scientia
1510 600 1587 642 eo
1638 578 1845 664 magis
1899 581 2085 645 nobis
2141 580 2402 644 videtur

139 709 249 750 esse
300 686 726 762 defendenda,
785 685 955 770 quod
1009 669 1245 751 acriter
1295 685 1685 771 reprehensa
1740 697 1839 750 est
1894 709 2023 751 non
2078 687 2271 752 modo
2316 687 2399 752 ab

139 794 424 870 FechterO,
466 795 578 878 qui
615 817 775 870 eam,
819 817 982 878 quae
1023 817 1198 858 nunc
1234 794 1299 856 in
1329 794 1513 858 libris
1540 794 2057 880 geographorum
2082 796 2403 881 reperitur

132 903 414 966 fluminum
473 912 538 965 et
597 901 910 967 montium
971 921 1032 967 et
1088 903 1474 988 populorum
1539 914 1901 988 accuratam
1966 925 2042 968 ac
2100 903 2401 970 subtilem

132 1011 574 1096 descriptionem
625 1011 938 1074 immerito
993 1011 1058 1074 in
1109 1008 1423 1094 Strabone
1478 1011 1875 1095 requirebat,
1936 1034 2163 1078 verum
2208 1013 2397 1078 etiam

131 1119 190 1182 ab
233 1119 462 1183 Theod.
500 1119 965 1195 MommseniO,
1030 1119 1140 1203 qui
1197 1143 1346 1184 cum
1399 1121 1613 1184 minus
1672 1133 1967 1186 accurate
2012 1122 2153 1184 eius
2196 1121 2397 1184 verba

133 1227 574 1303 considerasset,
627 1227 802 1291 aliud
861 1251 1009 1292 eum
1063 1251 1138 1292 ac
1195 1228 1360 1291 dixit
1415 1229 1661 1293 dixisse
1709 1225 1969 1314 putabat
2010 1229 2389 1314 ineptosque

131 1337 172 1398 ci
211 1357 276 1399 ac
325 1357 520 1421 prope
573 1335 854 1421 pueriles
910 1358 1156 1401 errores
1211 1336 1467 1402 obiecit.
1562 1336 1797 1402 Strabo
1854 1348 2069 1401 autem
2110 1336 2257 1401 libri
2294 1335 2393 1401 IV

129 1443 268 1506 initio
303 1441 578 1508 Galliam
595 1490 612 1522 ,
654 1467 846 1527 quam
894 1442 1206 1510 Celticam
1249 1455 1454 1529 vocat,
1498 1445 1562 1508 in
1611 1457 1741 1511 tres
1782 1457 1995 1531 partes
2038 1445 2246 1510 dividi
2286 1445 2395 1521 ait,

128 1551 458 1634 Aquitanos,
501 1552 763 1638 Belgas,
809 1550 1027 1619 Celtas
1073 1554 1242 1640 (sive
1287 1551 1565 1634 Gallos),
1610 1564 1767 1631 tum,
1812 1566 2152 1639 postquam
2196 1575 2399 1640 pauca

127 1659 188 1722 de
222 1682 424 1723 eorum
464 1660 692 1746 lingua
729 1683 805 1726 ac
843 1672 1071 1726 natura
1109 1662 1426 1747 exposuit,
1468 1663 1821 1726 secundum
1862 1659 2159 1727 Caesaris
2194 1663 2398 1728 dicta-

129 1767 248 1831 toris
286 1769 724 1834 auctoritatem
771 1771 940 1855 (eius
981 1771 1152 1835 enim
1193 1771 1682 1836 commentarios
1728 1769 1907 1854 citat)
1953 1794 2116 1855 quos
2160 1772 2397 1856 quique

128 1897 302 1939 eorum
337 1877 498 1942 fines
540 1877 910 1954 habuerint,
965 1879 1322 1944 accuratius
1365 1877 1705 1963 significat.
1784 1878 1887 1942 Ac
1930 1880 2013 1942 de
2057 1880 2397 1963 Aquitanis

127 1985 340 2066 quidem
384 1987 477 2050 sic
523 1985 773 2050 scribit:
815 1987 1210 2055 Ἀκυϊτανοὺς
1251 1988 1359 2070 μὲν
1397 1988 1593 2051 τοίνυν
1640 1984 1849 2070 ἔλεγον
1895 1986 2038 2055 τοὺς
2076 1987 2151 2050 τὰ
2188 1987 2399 2072 βόρεια

125 2098 206 2174 τῆς
239 2093 506 2178 Πυρήνης
567 2095 720 2179 μέρη
779 2083 1152 2180 κατέχοντας
1205 2097 1308 2158 καὶ
1352 2100 1458 2177 τῆς
1499 2093 1827 2179 Κεμμένης
1876 2095 2054 2180 μέχρι
2097 2098 2249 2180 πρὸς
2295 2098 2397 2158 τὸν

127 2205 351 2266 ὠκεανὸν
391 2203 466 2264 τὰ
510 2202 680 2270 ἐντὸς
709 2202 756 2264 Γ
761 2201 991 2286 αρούνα
1029 2209 1332 2286 ποταμοῦ,
1371 2203 1757 2287 quibuscum
1795 2201 1981 2287 plane
2012 2214 2396 2287 congruunt,

129 2331 254 2391 quae
285 2306 468 2374 Caes.
510 2310 660 2374 bell.
704 2310 850 2395 gall.
890 2311 945 2386 I,
997 2313 1018 2374 1
1069 2309 1288 2375 habet:
1343 2314 1650 2392 Aquitani
1690 2335 1731 2372 a
1774 2315 2103 2374 Garumna
2124 2315 2400 2395 flumine

127 2421 187 2478 ad
217 2421 550 2498 Pyrenaeos
583 2429 816 2480 montes
863 2429 924 2480 et
963 2441 1098 2481 eam
1139 2429 1385 2500 partem
1433 2422 1683 2494 Oceani,
1724 2412 1881 2500 quae
1920 2429 2008 2481 est
2051 2421 2139 2480 ad
2174 2423 2399 2501 Hispa-

129 2529 276 2601 niam,
305 2530 644 2606 pertinent.
752 2526 919 2590 Tum
977 2527 1061 2592 de
1105 2525 1316 2592 Gallis
1375 2527 1471 2590 sic
1516 2525 1781 2591 Strabo:
1849 2523 2087 2595 Κέλτας
2141 2527 2211 2589 δὲ
2258 2528 2401 2596 τοὺς

132 2632 202 2694 ἐπὶ
241 2634 458 2717 θάτερα
510 2633 667 2717 μέρη
722 2633 1138 2717 καθήκοντας,
1197 2636 1298 2698 καὶ
1346 2635 1450 2718 τὴν
1497 2636 1651 2698 κατὰ
1696 2633 2061 2698 Μασσαλίαν
2107 2636 2207 2698 καὶ
2244 2634 2399 2720 Νάρ·

137 2740 258 2821 {imvm
305 2742 653 2816 θάλατταν,
715 2742 1097 2824 ἁπτομένους
1153 2744 1222 2806 δὲ
1277 2744 1378 2806 καὶ
1426 2748 1546 2804 τῶν
1590 2739 1929 2804 Ἀλπεινῶν
1985 2743 2143 2826 ὀρῶν
2202 2741 2400 2822 ἐνίων,

147 2867 259 2926 quae
305 2870 616 2934 expressa
677 2859 828 2912 sunt
890 2871 1089 2935 prope
1147 2850 1252 2913 ad·
1287 2849 1557 2916 verbum
1612 2871 1693 2914 ex
1741 2849 1879 2926 his,
1940 2871 2105 2934 quae
2162 2846 2403 2916 Caesar

143 2951 301 3019 habet:
371 2963 611 3020 Eorum
655 2979 788 3019 una
821 2979 997 3037 pars,
1043 2979 1227 3037 quam
1276 2961 1487 3020 Gallos
1530 2957 1799 3019 obtinere
1840 2960 2073 3020 dictum
2119 2969 2226 3034 est,
2274 2964 2398 3021 ini-

135 3065 250 3124 tae'um
291 3070 453 3148 capit
519 3088 560 3127 a
597 3069 874 3150 flumine
927 3068 1258 3144 Rhodam),
1329 3069 1685 3128 continetur
1736 3068 2065 3128 Garumna
2102 3070 2400 3151 flumine,

132 3172 344 3246 Oceano,
379 3175 618 3252 finibus
647 3177 1006 3254 Belgarum,
1045 3179 1314 3254 attingit
1349 3177 1537 3236 etiam
1577 3173 1651 3234 ab
1692 3176 1995 3254 Sequanis
2022 3185 2087 3236 et
2112 3179 2405 3238 Helvetiis

119 3281 316 3359 flumen
362 3284 674 3344 Rhenum.
769 3279 934 3344 Nam
975 3281 1151 3364 quod
1195 3279 1440 3346 Caesar
1484 3280 1709 3345 Gallos
1752 3282 1841 3346 ait
1880 3282 2135 3347 initium
2176 3305 2403 3369 capere

131 3406 158 3443 a
186 3385 420 3452 flumine
459 3388 817 3465 Rhodam,
868 3389 936 3452 id
976 3386 1206 3455 Strabo
1250 3389 1575 3474 explicans
1614 3390 1799 3472 quasi
1836 3389 2025 3465 dicit,
2084 3393 2403 3476 pertinere

135 3513 212 3557 eos
251 3497 326 3560 ad
382 3521 560 3564 mare
601 3497 767 3561 circa
803 3496 1162 3562 Massiliam
1199 3509 1264 3562 et
1299 3498 1689 3573 Narbonem,
1733 3496 1798 3558 in
1836 3497 2013 3580 quod
2053 3498 2403 3565 Rhodanus

138 3599 319 3681 influit,
384 3607 656 3692 parique
711 3606 953 3670 ratione
1007 3606 1184 3690 quod
1237 3606 1344 3670 ille
1402 3606 1599 3670 tradit
1656 3625 1767 3670 eos
1821 3605 1903 3670 ab
1964 3605 2282 3691 Sequanis
2341 3619 2406 3672 et

145 3706 398 3778 Helvetiis
445 3714 690 3778 flumen
734 3714 1031 3780 Rhenum
1071 3714 1386 3799 attingere
1404 3760 1422 3789 ,
1476 3713 1545 3776 id
1584 3712 1719 3790 hic,
1765 3706 1919 3798 quia
1962 3714 2028 3777 in
2068 3715 2403 3780 Helvetio-

145 3836 238 3882 rum
273 3821 510 3888 finibus
559 3822 758 3909 Alpes
815 3833 996 3899 sunt,
1061 3843 1172 3886 eos
1207 3821 1422 3905 aliqua
1466 3832 1647 3906 parte
1690 3820 1893 3906 Alpes
1938 3823 2253 3908 attingere
2296 3825 2404 3888 ait.

136 3923 458 4014 Eademque
502 3929 690 4015 quasi
727 3929 1002 4014 quadam
1043 3927 1562 4014 interpretatione
1601 3927 1682 3991 de
1721 3928 1945 4014 Belgis
1982 3929 2187 3994 utitur
2224 3919 2405 3996 Stra-

135 4029 220 4098 bo:
276 4036 508 4122 Βέλγας
563 4040 616 4100 δ’
679 4037 890 4121 ἔλεγον
948 4039 1090 4107 τοὺς
1133 4039 1386 4106 λοιπούς
1429 4060 1497 4100 τε
1539 4042 1658 4100 τῶν
1702 4044 2176 4120 παρωκεανιτῶν
2226 4040 2406 4126 μέχρι

134 4145 223 4203 τῶν
271 4145 532 4230 ἐκβολῶν
589 4152 697 4212 τοῦ
741 4143 972 4230 Ῥήνου
1021 4147 1129 4210 καί
1173 4166 1336 4214 τινας
1377 4147 1497 4207 τῶν
1546 4143 2003 4229 παροικούντων
2044 4147 2145 4208 τὸν
2176 4143 2403 4230 Ῥῆνον

137 4251 334 4322 καὶτὰς
358 4253 632 4324 Ἄλπεις.
705 4253 1116 4338 Quibuscum
1153 4250 1452 4320 Caesaris
1498 4251 1698 4318 verba
1738 4256 1965 4334 Belgae
2006 4253 2083 4316 ab
2119 4256 2407 4316 extremis

141 4359 340 4424 Galliae
362 4366 604 4443 finibus
641 4368 958 4438 oriuntur,
987 4367 1308 4444 pertinent
1347 4365 1436 4426 ad
1467 4366 1831 4444 inferiorem
1851 4369 2095 4441 partem
2107 4364 2407 4445 fluminis

1964 4467 2003 4534 7
