2917 5017
811 343 894 394 De
927 343 1298 408 propagatione
1336 346 1557 398 civitatis
1592 345 1871 398 Romanae.
2370 345 2492 413 369

169 516 368 590 atque
409 506 495 570 ad
523 501 816 572 Sabellos
859 506 926 570 iu
963 505 1228 592 patriam
1259 506 1501 583 sedem,
1544 506 1719 572 unde
1746 509 2061 576 oriundus
2088 522 2243 589 erat,
2282 512 2495 579 redire

171 624 440 679 coactus
485 625 601 680 est.
681 614 816 696 Qui
859 637 986 700 qua
1029 623 1162 680 arte
1203 615 1384 700 leges
1429 615 1692 681 eluserit
1728 618 2075 696 nescimus,
2118 621 2235 686 sed
2276 621 2495 707 priva-

167 734 306 788 tam
365 724 642 789 civitatis
684 723 1008 790 Romanae
1063 734 1310 810 partem
1371 735 1543 790 certe
1594 734 1935 810 antequam
1988 727 2055 791 iu
2100 728 2329 794 urbem
2372 729 2493 794 mi-

165 832 420 918 gravit,
477 833 703 899 habuit
754 834 996 918 (neque
1051 833 1220 898 enim
1274 855 1354 898 ex
1408 831 1633 897 humili
1680 833 1854 919 apud
1898 858 2048 902 suos
2086 846 2277 922 atque
2318 838 2493 924 inopi

165 963 411 1028 genere
469 941 726 1006 videtur
778 941 1042 1025 fuisse),
1103 942 1420 1006 honorum
1474 951 1722 1006 tantum
1784 943 1888 1009 ius
1944 945 2125 1010 nullo
2168 967 2371 1012 censu
2425 946 2494 1010 in

163 1049 380 1116 tribus
419 1060 717 1136 receptus
759 1061 981 1116 contra
1017 1049 1199 1132 leges
1242 1061 1689 1136 usurpaverat.

340 1159 842 1226 Percensuimus
889 1158 1220 1224 civitatum
1260 1179 1530 1244 genera,
1594 1180 1759 1244 quae
1812 1171 1957 1225 ante
1998 1159 2213 1247 legem
2261 1162 2495 1227 Iuliam

158 1269 236 1332 in
276 1268 464 1334 Italia
519 1269 783 1333 fuerunt
835 1289 910 1332 ac
955 1287 1101 1332 cum
1143 1267 1397 1354 privata
1445 1265 1723 1333 civitatis
1768 1268 2095 1335 Romanae
2139 1291 2289 1355 pars
2330 1270 2493 1335 libe-

161 1377 490 1442 ralissime
535 1386 1038 1463 propagaretur,
1087 1374 1412 1461 publicam
1457 1386 1727 1462 partem,
1772 1399 1901 1462 qua
1941 1376 2043 1440 ius
2090 1377 2382 1464 suffragii
2430 1389 2493 1443 et

156 1487 490 1552 honorum
535 1485 1000 1561 contineretur,
1059 1506 1204 1548 cum
1253 1485 1332 1550 iis
1381 1484 1567 1560 solis,
1632 1507 1796 1569 quae
1842 1485 2192 1572 municipia
2236 1486 2493 1572 proprie

157 1594 594 1681 appellantur,
643 1591 1178 1658 communicatam
1221 1615 1364 1658 esse
1405 1592 1859 1658 intelleximus.
1945 1593 2133 1676 Quae
2174 1595 2285 1679 qui
2338 1616 2492 1660 con-

161 1700 501 1778 siderabit,
548 1701 845 1766 dubitare
889 1723 1019 1766 non
1052 1702 1306 1787 poterit,
1358 1702 1515 1786 quin
1560 1702 1641 1766 de
1685 1701 1831 1788 lege
1873 1703 2045 1768 Iulia
2086 1713 2149 1768 et
2194 1703 2276 1768 de
2319 1703 2491 1768 omni

157 1809 346 1886 bellu
359 1810 650 1886 Marsico
687 1821 752 1874 et
792 1810 872 1874 de
913 1809 1134 1875 multis
1177 1810 1435 1896 legibus
1468 1806 1809 1888 Corneliis,
1852 1811 2091 1895 quibus
2124 1811 2494 1897 respublica

159 1930 312 2005 post
355 1919 668 2004 plurimas
715 1941 790 1984 ac
827 1918 1140 1983 maximas
1180 1917 1693 2004 perturbationes
1733 1919 1945 1984 denuo
1988 1920 2333 1984 constituta
2374 1929 2490 1997 est,

159 2029 362 2113 longe
407 2029 592 2093 aliter
631 2025 861 2092 debeat
897 2025 1170 2090 iudicari
1219 2047 1296 2092 ac
1337 2025 1460 2090 viri
1499 2025 1675 2090 docti
1719 2050 1895 2093 nunc
1936 2029 2140 2093 solent
2180 2027 2491 2093 iudicare.

169 2137 330 2218 Quo
372 2138 512 2202 loco
553 2137 787 2203 breves
829 2135 1068 2198 erimus
1107 2145 1298 2218 atque
1332 2135 1477 2220 ipsa
1515 2135 1723 2221 capita
1766 2147 2011 2202 tantum
2053 2159 2271 2201 rerum
2316 2158 2490 2201 com-

161 2245 685 2311 memorabimus.
764 2243 1058 2308 Primum
1103 2244 1258 2310 socii
1302 2243 1512 2308 Italici
1555 2243 1714 2327 quid
1752 2244 2026 2309 maxime
2072 2245 2490 2330 concupisce-

164 2354 368 2420 bant?
456 2353 705 2418 Eorum
746 2352 1102 2439 principes,
1154 2374 1282 2416 non
1329 2349 1524 2416 modo
1567 2350 1981 2429 Latinorum,
2028 2373 2257 2417 verum
2298 2352 2489 2417 etiam

161 2463 563 2549 reliquorum
603 2462 922 2528 civitatem
951 2461 1306 2526 Romanam
1342 2458 1665 2526 habebant
1708 2483 1916 2545 neque
1964 2461 2018 2526 si
2052 2460 2165 2547 qui
2198 2461 2305 2526 alii
2338 2483 2491 2526 con-

163 2572 534 2657 cupissent,
597 2570 875 2655 populus
920 2569 1248 2634 Romanus
1299 2592 1427 2634 non
1466 2568 1818 2635 liberaliter
1861 2592 2001 2635 eam
2039 2579 2490 2656 propagasset3

153 2678 542 2744 humiliores
611 2688 827 2743 autem
891 2677 1183 2743 homines
1249 2700 1368 2743 cur
1429 2687 1669 2744 tantam
1737 2679 2013 2744 civitatis
2076 2679 2507 2774 cupiditatem·

156 2789 523 2854 haberent?
605 2784 1022 2852 Connubium
1063 2809 1292 2872 pamm
1335 2809 1559 2850 curare
1598 2796 1912 2871 poterant,
1955 2809 2073 2872 pro
2110 2787 2493 2854 commercio

159 2897 356 2973 alias,
431 2918 620 2982 saepe
675 2895 866 2961 etiam
919 2894 1386 2960 commodiores
1445 2895 1609 2958 iuris
1666 2896 1907 2960 formas
1952 2893 2290 2960 habebant.
2388 2896 2492 2961 Ac

157 3016 506 3092 postquam
549 3004 778 3070 civitas
823 3001 1119 3068 omnibus
1159 3004 1396 3090 patuit,
1442 3002 1509 3066 in
1550 3001 1770 3067 multis
1813 3013 2023 3068 tamen
2066 3002 2320 3089 oppidis
2368 3004 2493 3068 du-

159 3115 439 3182 bitatum
479 3135 624 3180 esse
664 3112 924 3187 scimus,
963 3135 1120 3176 num
1151 3135 1224 3176 ea
1255 3111 1586 3177 veteribus
1616 3110 1926 3176 institutis
1961 3134 2038 3175 ac
2068 3111 2269 3176 veteri
2296 3110 2491 3176 liber-

159 3223 279 3288 tati
341 3233 513 3288 esset
567 3219 1006 3308 praeferenda.
1106 3221 1240 3285 Sed
1303 3220 1456 3305 quia
1514 3230 1578 3284 et
1642 3219 2007 3305 principum
2065 3218 2291 3286 civitas
2350 3220 2491 3284 iure

155 3332 478 3396 honorum
527 3328 785 3394 carebat
829 3350 950 3394 nec
997 3329 1134 3393 sine
1174 3329 1450 3394 civitatis
1490 3329 1731 3415 optimo
1773 3328 1914 3394 iure
1960 3327 2271 3413 suffragia
2310 3338 2493 3413 pate-

160 3441 354 3516 bant,
415 3437 566 3503 ideo
627 3437 783 3502 socii
841 3459 1063 3503 omnes
1121 3459 1190 3502 se
1247 3459 1469 3522 parere
1529 3446 1777 3501 tantum
1829 3436 2303 3522 intelligebant,
2366 3459 2497 3502 non

163 3550 484 3633 imperare
528 3545 850 3624 vicissim,
895 3546 1216 3611 neminem
1256 3567 1525 3610 suorum
1566 3545 1633 3608 in
1673 3553 2000 3620 senatum,
2044 3545 2365 3610 neminem
2412 3546 2497 3610 ad

167 3677 458 3721 summos
511 3652 904 3740 reipublicae
960 3654 1232 3718 honores
1289 3653 1560 3718 admitti.
1649 3651 1746 3717 Ut
1786 3651 1987 3738 igitur
2030 3652 2182 3716 olim
2224 3653 2496 3718 Latinos

169 3764 456 3831 vidimus
494 3761 594 3827 bis
636 3763 1016 3846 postulasse,
1068 3773 1142 3826 ut
1189 3785 1269 3828 ex
1315 3785 1434 3828 suo
1478 3783 1749 3826 numero
1796 3771 2123 3826 senatores
2163 3760 2391 3827 fierent
2434 3771 2499 3828 et

170 3872 504 3948 consules,
563 3871 655 3936 ita
695 3881 852 3936 tunc
893 3893 1114 3936 omnes
1163 3871 1320 3937 socii
1361 3869 1701 3956 petebant,
1764 3879 1837 3934 ut
1883 3870 1967 3934 ad
2008 3868 2497 3954 gubernandam

169 4004 314 4046 eam
349 3979 831 4064 rempublicam,
876 3980 1063 4044 cuius
1111 3980 1460 4065 potentiam
1504 3977 1939 4065 peperissent,
1986 3976 2495 4042 admitterentur.

173 4089 362 4172 Quae
421 4087 812 4175 reipublicae
864 4085 1244 4173 gubernatio
1292 4110 1442 4153 cum
1485 4110 1661 4152 more
1703 4086 1994 4150 Romano
2042 4107 2191 4148 cum
2238 4084 2496 4150 civitate

172 4197 464 4263 Romana
507 4197 846 4262 coniuncta
883 4207 1074 4273 esset,
1112 4197 1455 4282 scriptores
1498 4195 1817 4260 civit-atem
1858 4217 1897 4256 a
1929 4191 2118 4258 sociis
2152 4194 2497 4279 expetitam

173 4327 317 4372 esse
367 4305 576 4370 solent
617 4304 865 4382 dicere,
927 4305 1106 4370 velut
1147 4303 1317 4371 Vell.
1364 4303 1467 4382 11,
1518 4304 1628 4380 15;
1683 4302 1859 4388 App.
1902 4301 2051 4366 bell.
2098 4301 2221 4366 civ.
2263 4302 2332 4379 I,
2376 4301 2494 4378 383

174 4412 325 4478 Liv.
368 4411 612 4478 LXXI
655 4413 922 4499 aliique,
981 4413 1285 4500 optimam
1323 4413 1500 4478 illam
1544 4411 1869 4478 civitatem
1914 4410 2268 4475 Romanam
2306 4409 2497 4475 intel-

2008 4519 2089 4584 24
