2917 5017
776 312 858 362 De
889 309 1060 361 Gallia
1091 311 1440 360 Romanorum
1483 311 1758 374 provincia.
2312 307 2423 374 121

156 497 326 561 supra
365 475 442 541 de
491 487 776 567 tempore
795 524 812 556 ,
867 478 1041 564 quod
1081 476 1252 564 apud
1297 475 1585 542 Plinium
1626 478 1981 544 illustretur
1996 526 2013 555 ,
2070 476 2431 567 disputavi-

153 607 291 660 mus,
331 585 798 654 confirmentur.
873 587 1007 653 Sed
1049 588 1309 672 quando
1346 587 1427 650 L.
1466 586 1795 652 Domitius
1836 585 2069 652 Galliis
2108 587 2430 673 praefuit?

154 691 301 756 Olim
335 693 608 780 Pighius
653 697 888 763 Annal.
930 697 1032 762 III
1075 721 1144 782 p.
1177 695 1298 762 523
1344 695 1611 780 putabat
1650 717 1818 760 anno
1866 695 1939 760 12
1976 718 2033 759 a.
2074 693 2231 760 Chr.
2278 718 2427 760 eum
2530 711 2536 719 ’

149 801 202 864 in
225 800 556 868 Germania
599 804 838 870 bellum
875 805 1180 892 gessisse,
1218 827 1348 890 quo
1381 814 1667 890 tempore
1697 804 2013 880 Drusum,
2054 803 2429 891 privignum

147 906 400 994 Augusti
420 959 437 988 ‚
483 910 716 978 Galliis
759 915 1118 1000 praefuisse
1159 913 1612 979 intelleximus.
1698 911 1893 978 Nulla
1933 934 2199 999 prorsus
2242 933 2430 998 prae-

147 1017 328 1082 sidum
355 1019 608 1086 Galliae
651 1021 880 1086 lacuna
919 1022 1303 1106 relinquitur
1343 1019 1471 1086 nisi
1514 1020 1673 1087 haec
1706 1041 1873 1106 quae
1922 1021 2045 1087 fuit
2088 1031 2430 1108 postquam

145 1126 411 1194 Tiberius
450 1129 758 1194 Rhodum
799 1131 1134 1206 concessit,
1175 1153 1324 1195 cum
1352 1129 1699 1216 Augustus
1731 1130 2239 1216 propinquorum
2278 1151 2429 1194 suo-

145 1257 259 1298 rum
295 1237 586 1302 subsidio
627 1239 890 1306 orbatus
936 1263 1068 1316 eos,
1115 1262 1278 1325 quos
1313 1240 1619 1304 remotius
1662 1239 2153 1325 propinquitatis
2197 1238 2425 1302 vincu-

145 1344 250 1406 lum
277 1355 516 1410 teneret
549 1348 656 1412 vel
685 1371 963 1432 quorum
987 1349 1184 1412 fidem
1211 1349 1397 1434 plane
1426 1357 1777 1432 spectatam
1800 1347 2084 1423 haberet,
2128 1346 2422 1412 maximis

147 1451 492 1520 exercitibus
539 1456 886 1542 praeficere
933 1456 1159 1542 coepit.
1224 1456 1531 1521 Pervenit
1573 1455 1775 1542 igitur
1816 1456 1885 1519 in
1910 1455 2425 1542 Lugdunensem

147 1557 382 1624 Galliam
443 1563 526 1627 L.
570 1564 902 1629 Domitius
959 1587 1126 1629 anno
1182 1565 1316 1630 fere
1361 1566 1402 1631 6
1447 1587 1504 1628 a.
1544 1561 1700 1629 Chr.-
1745 1574 2021 1629 exeunte
2062 1563 2423 1648 mansitque

149 1667 214 1730 ad
244 1693 468 1735 annum
511 1672 552 1737 2
598 1695 656 1736 a.
699 1670 889 1749 Chr„
943 1683 1080 1738 tum
1122 1673 1453 1759 Belgicam
1493 1675 1774 1759 accepit,
1830 1673 1898 1738 in
1936 1696 2065 1758 qua
2099 1671 2433 1758 provincia

153 1788 330 1860 pontes
373 1779 650 1866 longos,
692 1804 856 1866 quos
902 1781 1058 1848 Tac.
1105 1782 1338 1846 Annal.
1378 1782 1432 1857 Ι,
1479 1782 1558 1846 63
1605 1793 2089 1857 commemorat,
2134 1781 2429 1859 munivit,

150 1889 464 1974 mansitque
510 1890 598 1955 ad
641 1914 879 1955 annum
917 1892 958 1956 2
1004 1914 1064 1976 p.
1111 1888 1300 1966 Clu-‚3
1351 1890 1458 1954 hic
1501 1890 1671 1955 enim
1714 1913 1922 1955 annus
1966 1890 2031 1954 in
2071 1891 2427 1975 fragmento

145 1991 490 2062 Morelliano
541 1999 834 2064 succedit
873 1999 975 2076 iis,
1019 2021 1182 2083 quae
1227 1998 1309 2062 de
1344 1997 1631 2063 Domitio
1674 2009 2030 2064 narrantur.

283 2101 561 2172 Secutus
624 2119 836 2172 autem
893 2117 990 2172 est
1045 2106 1126 2170 L.
1175 2106 1539 2172 Domitium
1594 2108 1730 2174 sine
1786 2107 1986 2173 dubio
2045 2105 2123 2172 C.
2165 2105 2427 2174 Sentius

139 2207 522 2292 Saturninus,
567 2215 648 2292 is,
694 2215 774 2279 de
815 2237 944 2299 quo
987 2225 1326 2280 comment.
1355 2215 1424 2278 II
1464 2241 1523 2301 p.
1552 2217 1631 2282 84
1674 2227 1733 2281 et
1778 2217 1894 2282 122
1936 2217 2429 2302 disputavimus.

141 2318 366 2386 Etenim
405 2323 616 2389 fuisse
661 2346 810 2388 eum
851 2324 920 2387 in
963 2323 1314 2388 Germania
1358 2333 1675 2388 testantur
1718 2335 1781 2389 et
1821 2324 2051 2390 Vellei.
2075 2326 2165 2401 ΙΙ,
2204 2326 2323 2390 105
2368 2336 2431 2390 et

143 2428 240 2492 110
279 2440 338 2494 et
374 2431 508 2497 Dio
535 2432 684 2508 LV,
713 2433 815 2510 28,
857 2432 943 2498 ad
986 2432 1390 2516 eundemque
1431 2433 1864 2518 fragmentum
1902 2434 2068 2498 tituli
2103 2433 2429 2498 Tiburtini

140 2539 428 2618 pertinere
471 2540 1078 2606 demonstravimus.
1147 2538 1282 2606 Sed
1326 2564 1454 2625 qua
1494 2551 1805 2627 potestate
1838 2543 2034 2608 fuerit
2061 2542 2393 2627 quaeritur
2406 2567 2423 2620 3

144 2656 282 2709 certe
333 2648 504 2712 enim
557 2671 786 2735 parum
831 2649 1086 2735 proprie
1129 2650 1413 2734 loquitur
1457 2649 1590 2715 Dio
1630 2651 1673 2714 l.
1710 2651 1751 2715 l.
1766 2699 1785 2728 ,
1844 2652 1957 2736 qui
2002 2675 2149 2716 eum
2196 2652 2426 2736 Γερμα-

151 2752 245 2820 νίας
280 2754 551 2841 ἄρχοντα
594 2758 902 2843 appellat3
944 2781 1093 2822 nam
1131 2758 1310 2822 nulla
1355 2758 1703 2843 imperante
1746 2759 2053 2844 Augusto
2097 2759 2429 2844 provincia

160 2856 462 2928 Germania
503 2865 649 2940 fuit,
695 2887 902 2950 neque
945 2866 1122 2949 quod
1165 2865 1456 2931 Velleius
1500 2865 1712 2952 priore
1748 2867 1889 2930 loco
1930 2866 2155 2931 habet:
2206 2866 2430 2947 (Tibe-

148 2967 250 3034 rius
285 2972 462 3059 cum)
507 2979 576 3036 in
614 2979 692 3037 iis
735 2997 890 3055 quae
933 2979 1191 3038 minoris
1235 2985 1420 3036 erant
1463 2977 1857 3051 discrimim's,
1902 2979 2183 3038 Sentium
2208 2977 2432 3037 Satur-

143 3080 328 3142 ninum
343 3127 361 3159 ,
417 3087 536 3164 qui
584 3094 715 3146 tum
774 3087 1014 3166 legatus
1044 3091 1254 3164 patris
1298 3086 1428 3144 eius
1468 3089 1537 3144 in
1588 3085 1927 3146 Germania
1966 3093 2135 3161 erat,
2181 3087 2432 3165 praefe-

143 3188 302 3264 cisset,
345 3191 934 3275 quomodocunque
983 3190 1396 3257 scribendum
1441 3213 1585 3256 esse
1629 3191 2001 3276 putabimus
2020 3239 2038 3268 ,
2080 3191 2171 3256 ita
2214 3191 2434 3258 licebit

143 3289 550 3380 interpretari,
609 3311 682 3363 ut
743 3299 822 3365 ab
878 3299 990 3364 illo
1047 3321 1305 3384 quoque
1363 3298 1781 3366 Germaniam
1841 3300 2233 3385 provinciam
2300 3301 2433 3364 dici

145 3401 577 3472 existimemus.
660 3406 839 3471 Nihil
881 3407 988 3472 hic
1031 3407 1293 3491 quidem
1339 3407 1515 3484 dicit,
1561 3409 1687 3473 nisi
1726 3409 1867 3484 hoc,
1908 3407 2333 3473 Saturninum
2370 3419 2433 3474 et

148 3506 400 3595 legatum
443 3515 735 3601 Augusti
782 3516 986 3580 fuisse
1033 3525 1098 3580 et
1138 3515 1206 3579 in
1249 3514 1597 3580 Germania
1638 3539 1782 3582 esse
1824 3528 2151 3582 versatum
2188 3541 2263 3582 ac
2293 3517 2431 3581 bel-

146 3614 252 3684 lum
305 3625 610 3710 gessisse.
699 3625 792 3690 At
846 3623 1198 3710 ambigitur
1249 3625 1319 3688 in
1373 3625 1454 3689 iis
1505 3623 1666 3710 ipsis
1723 3623 1971 3701 verbis,
2026 3637 2240 3688 utrum
2289 3646 2432 3688 esse

153 3741 402 3810 oporteat
447 3737 559 3814 qui
595 3743 728 3795 tum
767 3771 844 3781 ——
893 3745 1056 3813 erac,
1111 3734 1176 3797 in
1219 3733 1458 3818 quibus
1501 3745 1637 3797 erat
1679 3756 1797 3821 pro
1838 3757 1946 3811 eo,
2006 3734 2181 3819 quod
2226 3733 2433 3798 codex

149 3845 193 3895 et
217 3838 401 3905 editio
426 3841 728 3928 princeps
744 3844 986 3923 fuerat
1019 3840 1276 3918 habent,
1319 3842 1643 3919 scribitur,
1681 3867 1761 3907 an
1796 3848 1906 3926 qui
1932 3848 2057 3906 iam
2084 3879 2167 3888 -
2182 3845 2430 3915 fuerat,

145 3938 196 4003 in
247 3946 480 4030 quibus
537 3955 667 4012 iam
722 3959 1037 4016 mutatum
1102 3961 1200 4016 est
1241 3974 1323 4016 ex
1369 3973 1446 4016 eo
1491 3951 1668 4036 quod
1710 3952 1885 4038 apud
1928 3951 2189 4016 eosdem
2233 3959 2429 4014 testes

149 4061 228 4114 est
271 4066 416 4121 tum.
495 4057 646 4124 Hoc
689 4057 1008 4144 significat
1049 4057 1468 4124 Saturninum
1513 4072 1701 4125 antea
1738 4059 2049 4146 Augusti,
2091 4069 2433 4145 postquam

148 4153 418 4232 Tiberius
457 4166 737 4244 advenit,
781 4165 975 4232 huius
1014 4167 1299 4252 legatum
1338 4169 1567 4246 fuisse,
1607 4169 1772 4234 illud
1808 4168 2121 4233 mansisse
2159 4167 2215 4230 ei
2252 4177 2429 4230 vete-

149 4285 259 4334 l'em
302 4285 673 4360 potestatem
719 4275 908 4342 etiam
949 4274 1072 4340 sub
1114 4274 1358 4342 Tiberii
1401 4278 1691 4363 imperit),
1738 4287 1813 4341 ut
1853 4299 1957 4342 res
1978 4276 2077 4342 ad
2104 4274 2429 4359 quaestio-

151 4395 273 4443 nem
332 4381 410 4450 de
470 4382 715 4450 Tiberii
780 4394 1094 4471 potestate
1161 4385 1403 4450 redeat.
1526 4385 1849 4454 Nimirum
1908 4383 2211 4452 Tiberius
2282 4404 2430 4448 cum
