2917 5017
429 356 552 423 294
1037 361 1122 409 Do
1160 358 1364 421 legibus
1403 355 1799 419 municipalibus
1834 354 2145 417 Hispanieis.

429 526 880 607 τεσσαράκοντα
939 523 1200 584 σταδίων
1259 520 1424 601 παρὰ
1468 520 1573 601 τὴν
1622 517 1919 599 ἐσομένην
1964 520 2101 597 περὶ
2144 521 2334 579 τῶνδε
2376 522 2497 579 τῶν
2548 516 2743 595 νόμων

428 632 829 715 χειροτονίαν,
893 630 1064 713 quod
1128 640 1453 710 tamquam
1514 637 1965 709 argumentum
2024 625 2281 709 aliquod
2342 625 2619 689 affertur
2676 623 2746 685 ab

431 739 647 803 Ioach.
699 738 1100 821 Marquardt.
1144 734 1365 818 Antiq.
1414 734 1599 799 Rom.
1640 734 1729 807 II,
1776 732 1814 795 3
1866 756 1923 815 p.
1956 732 2081 795 50?
2167 733 2494 796 Nimirum
2541 732 2745 794 Latini

433 847 757 930 ceterique
799 846 953 909 socii
1001 844 1184 930 quasi
1239 842 1414 924 quod
1455 841 1783 904 ferebatur
1826 841 1951 905 iam
2001 842 2314 925 perlatum
2362 852 2561 915 esset,
2608 862 2749 902 con-

429 953 715 1017 fluebant
737 954 803 1015 in
840 951 1086 1027 urbem,
1123 963 1192 1013 ut
1231 972 1356 1013 non
1403 950 1467 1011 in
1516 972 1643 1011 una
1670 949 1778 1013 illa
1815 971 1979 1031 quae
2019 948 2268 1012 Latinis
2306 951 2448 1013 iure
2480 948 2751 1033 patebat,

435 1062 548 1125 sed
605 1061 670 1123 in
719 1060 982 1144 reliquis
1027 1081 1282 1142 quoque
1335 1056 1635 1120 tribubus
1684 1055 2063 1139 suffragium
2108 1057 2368 1131 ferrent,
2416 1056 2751 1139 perturba-

430 1169 599 1234 bant
625 1169 916 1231 ordinem
961 1166 1380 1239 comitiorum,
1429 1188 1509 1227 ne
1552 1163 1631 1227 ab
1678 1164 1785 1227 illc
1811 1165 2071 1247 quidem
2112 1163 2569 1239 abhorrebant,
2608 1163 2749 1245 quin

433 1276 496 1339 vi
535 1300 610 1339 ac
651 1275 1058 1340 multitudine
1089 1274 1495 1359 adversarios
1524 1273 1938 1335 deterrerent.
2003 1271 2171 1333 Tum
2207 1272 2513 1336 consules
2540 1272 2752 1335 edixe-

431 1399 610 1459 runt,
675 1408 787 1461 ne,
849 1383 1090 1467 quibus
1157 1404 1278 1445 non
1351 1381 1573 1444 liceret
1634 1380 1907 1444 comitiis
1976 1379 2307 1453 interesse,
2379 1380 2469 1443 ad
2542 1379 2753 1442 urbem

431 1493 1043 1578 appropinquarent:
1089 1513 1218 1574 quo
1249 1489 1460 1553 edicto
1504 1511 1629 1551 uon
1658 1488 1899 1551 incolas
1934 1486 2109 1549 urbis
2145 1488 2437 1560 Latinos,
2473 1486 2591 1549 sed
2618 1486 2755 1549 reli-

429 1623 612 1684 quo3,
669 1600 780 1682 qui
824 1598 1398 1662 disturbandorum
1455 1595 1912 1679 suffragiorum
1956 1617 2153 1658 causa
2205 1606 2537 1669 venerant,
2586 1617 2755 1656 arce-

435 1708 603 1771 bant.
687 1704 1097 1770 Conveniunt
1158 1717 1372 1767 autem
1436 1727 1583 1767 cum
1634 1704 1734 1767 his
1798 1725 2082 1785 prorem,
2138 1726 2301 1785 quae
2364 1703 2757 1765 Plutarchus

433 1816 513 1879 de
570 1812 646 1880 C.
691 1814 975 1879 Gracchi
1033 1814 1396 1877 actionibus
1455 1812 1685 1887 tradit3
1753 1835 1901 1875 nam
1961 1812 2237 1895 primum
2286 1833 2339 1873 c.
2385 1812 2425 1875 8
2482 1833 2759 1875 comme·

431 1935 712 1987 moratur
763 1924 904 1986 eius
967 1921 1152 2003 νόμος
1209 1922 1591 2004 συμμαχικὸς
1652 1921 1999 2003 ἰσοψήφους
2048 1925 2239 1981 ποιῶν
2296 1926 2427 1987 τοῖς·
2488 1921 2760 1985 πολίταις
2853 1984 2859 1991 ,

431 2033 572 2099 τοὺς
619 2030 986 2104 Ἰταλιώτας,
1044 2040 1182 2093 tum
1231 2052 1286 2093 c.
1331 2028 1370 2092 9
1425 2039 1561 2097 est;
1624 2030 1655 2090 ὁ
1702 2028 1810 2109 μὲν
1862 2026 2265 2113 (Gracchus)
2312 2033 2441 2094 τοῖς
2488 2028 2761 2091 Λατίνοις

433 2138 765 2222 ἰσοψηφίαν
825 2136 1031 2204 διδοὺς
1078 2138 1309 2211 ἐλύπει,
1357 2136 1636 2218 denique
1684 2157 1738 2199 c.
1791 2134 1888 2210 12,
1930 2135 2045 2199 ubi
2100 2135 2353 2199 comitia
2394 2144 2759 2206 narrantur,

431 2245 624 2329 ὄχλου
675 2245 742 2305 δὲ
787 2244 1170 2333 πανταχόθεν
1221 2241 1390 2328 αὐτῷ
1427 2242 1753 2321 συνιόντος,
1800 2242 2039 2305 ἔπεισεν
2086 2246 2123 2325 ἡ
2170 2244 2363 2327 βουλὴ
2396 2246 2503 2306 τὸν
2538 2244 2759 2304 ὕπατον

435 2354 694 2415 Φάννιον
749 2353 1028 2435 ἐκβαλεῖν
1077 2352 1218 2419 τοὺς
1259 2352 1487 2419 ἄλλους
1526 2352 1683 2432 πλὴν
1719 2348 2053 2433 Ῥωμαίων
2108 2354 2395 2427 ἅπαντας,
2443 2372 2581 2433 quo
2626 2350 2761 2413 loco

433 2460 704 2524 Romani
767 2482 894 2521 non
967 2456 1200 2521 debent
1261 2458 1533 2542 intelligi
1592 2458 1769 2523 cives
1838 2458 2143 2535 Romani,
2199 2458 2313 2522 sed
2368 2482 2603 2521 omnes
2656 2458 2759 2542 qui

427 2568 670 2631 Romae
729 2565 1120 2640 habitabant,
1185 2565 1322 2629 sive
1381 2566 1555 2630 cives
1610 2566 1885 2631 Romani
1944 2568 2081 2631 sive
2125 2566 2340 2631 Latini
2388 2554 2533 2631 siire
2584 2566 2761 2631 deni-

427 2698 554 2757 que
612 2673 934 2760 peregrini
991 2684 1190 2747 erant,
1247 2696 1410 2757 quos
1466 2674 1742 2739 comitiis
1806 2674 2130 2759 prohiberi
2172 2676 2415 2739 iustum
2474 2688 2636 2749 erat,
2690 2696 2761 2737 ex

429 2782 591 2845 urbe
650 2780 884 2866 expelli
946 2779 1442 2863 iniquissimum.
1522 2782 1625 2845 Ac
1670 2806 1749 2846 ne
1796 2784 1963 2866 quie,
2008 2784 2181 2870 quod
2225 2782 2619 2847 Latinorum
2662 2783 2760 2845 ius

431 2888 512 2951 de
573 2888 896 2973 suffragiis
959 2889 1242 2951 ferendis
1302 2884 1378 2951 C.
1427 2886 1719 2957 Gracchi
1778 2906 2065 2975 tempore
2130 2891 2333 2954 fuisse
2392 2890 2761 2964 docnimm,

429 3009 540 3059 aut
612 2998 788 3082 quod
867 2997 1166 3060 consules
1251 2997 1334 3059 ad
1411 2996 1814 3061 comitiorum
1882 2983 2171 3061 ordinem
2240 3000 2761 3063 conservandum

431 3104 712 3169 edixisse
739 3116 1096 3180 narrantur,
1117 3127 1340 3169 recens
1359 3116 1681 3190 repertum
1704 3128 1847 3169 esse
1872 3106 2211 3182 existimet,
2237 3108 2751 3173 vetustissimum

432 3223 778 3296 utrumque
822 3212 1025 3275 fuisse
1067 3212 1348 3276 ostendit
1385 3213 1661 3297 Dionys.
1713 3213 1932 3298 Antiq.
1984 3214 2167 3289 VIII,
2208 3214 2313 3289 72,
2358 3216 2474 3298 qui
2522 3216 2605 3279 de
2646 3215 2758 3303 Sp.

433 3318 644 3384 Cassii
689 3320 834 3403 lege
867 3319 1120 3403 agraria
1145 3320 1240 3383 sic
1266 3321 1539 3385 referet}
1578 3322 2065 3404 ἐπραγματεύετο
2100 3323 2199 3407 βίᾳ
2228 3324 2328 3385 καὶ
2355 3327 2759 3407 χειροκρασίᾳ

429 3435 706 3511 κυρῶσαι
775 3431 873 3491 τὸν
941 3430 1150 3511 νόμον,
1205 3430 1307 3491 καὶ
1379 3429 1798 3512 μετεπέμπετο
1860 3431 2129 3493 Λατίνων
2184 3454 2247 3491 τε
2310 3433 2413 3493 καὶ
2461 3430 2755 3513 Ἑρνίκων

433 3536 616 3601 ὅσους
681 3536 932 3599 ἐδύνατο
998 3538 1315 3605 πλείστους
1375 3538 1473 3599 ἐπὶ
1532 3538 1635 3619 τὴν
1708 3538 2145 3619 ψηφοφορίαν·
2196 3540 2251 3599 οἱ
2322 3540 2393 3599 δὲ
2451 3540 2751 3622 συνῄεσαν

437 3641 655 3725 ἀθρόοι
698 3645 797 3704 καὶ
845 3642 908 3705 δι’
961 3646 1168 3725 όλίγου
1217 3646 1404 3727 μεστὴ
1454 3643 1640 3713 ξένων
1680 3644 1819 3728 ἦνῆ
1855 3643 2048 3711 πόλις.
2090 3650 2279 3727 ταῦτα
2313 3648 2537 3727 μαθὼν
2573 3645 2751 3729 Οὐερ-

431 3750 614 3830 γίνιος
675 3750 866 3831 (alter
934 3752 1190 3835 consul)
1259 3752 1563 3835 κηρύττειν
1638 3752 1925 3815 ἐκέλευσε
1994 3754 2146 3815 κατὰ
2206 3754 2346 3821 τοὺς
2409 3753 2755 3820 στενωποὺς

435 3856 676 3919 ἀπιέναι
719 3858 862 3926 τοὺς
909 3860 990 3941 μὴ
1044 3865 1473 3927 κατοικοῦντας
1522 3861 1581 3923 ἐν
1632 3866 1705 3943 τῇ
1737 3861 1915 3923 πόλει
1944 3861 2165 3945 χρόνον
2200 3863 2411 3943 ὁρίσας
2438 3852 2514 3924 οὐ
2544 3862 2751 3925 πολύν.

436 3962 666 4027 Nonne
727 3965 896 4029 enim
955 3966 1116 4029 illud
1163 3965 1399 4051 ipsum,
1444 3967 1620 4052 quod
1667 3968 2055 4049 quaerimuS,
2102 3969 2190 4031 ait
2232 3969 2622 4053 Dionysius,
2678 3968 2783 4033 ad'
2856 4040 2858 4051 Ι

435 4072 818 4157 suffragium
863 4074 1202 4138 ferendum
1237 4075 1505 4141 Latinos
1546 4088 1609 4139 et
1646 4076 1969 4141 Hernicos
1995 4076 2261 4140 Romam
2300 4077 2543 4141 accitos
2575 4078 2751 4141 esse?

437 4178 784 4243 Habebant
820 4180 1022 4265 igitur
1063 4182 1190 4247 iam
1234 4195 1371 4247 tum
1411 4184 1574 4248 illud
1620 4184 1745 4259 iuS,
1793 4184 1907 4247 sed
1944 4184 2035 4248 ita
2072 4194 2143 4247 ut
2176 4183 2448 4247 Romam
2492 4186 2751 4249 commi-

435 4298 696 4369 grarent
736 4287 953 4371 ibique
995 4290 1389 4355 domicilium
1437 4315 1629 4355 suum
1678 4292 2059 4357 collocarent
2077 4316 2093 4367 ;
2153 4314 2353 4376 quare
2398 4292 2753 4379 Verginius

436 4415 690 4470 omneS,
747 4396 859 4478 qui
919 4419 1047 4460 non
1103 4397 1465 4463 habitarent
1512 4401 1778 4477 Romae,
1828 4422 1909 4463 ex
1962 4400 2124 4465 urbe
2184 4400 2491 4465 secedere
2547 4401 2750 4467 iussit.
