2917 5017
739 336 822 385 De
854 334 1054 399 legibus
1089 334 1477 398 municipalibus
1512 333 1824 399 Hispanicis.
2308 331 2432 399 289

111 522 272 585 ager
331 500 527 565 fuerit
571 509 636 563 et
681 520 810 581 quo
851 497 990 561 iure
1035 518 1183 561 cum
1229 494 1741 582 Saguntinorum
1790 496 2123 583 republica
2166 497 2434 562 coniun-

115 620 284 685 ctus,
335 608 452 673 sed
503 607 624 671 hoc
676 628 882 682 nemo,
929 605 1178 690 opinor,
1224 603 1464 680 credet,
1508 627 1671 688 quos
1710 604 1911 669 victos
1954 628 2197 691 poenae
2242 629 2438 671 causa

112 716 394 781 Romani
419 712 800 800 Saguntinis
841 712 1267 788 subiecerant,
1311 734 1422 777 eos
1458 711 1543 777 ad
1577 711 1908 789 beneficia,
1948 736 2111 798 quae
2134 713 2437 781 fidelibus

117 823 310 888 sociis
359 822 828 898 tribuebantur,
871 844 948 887 ac
991 830 1314 907 postremo
1362 819 1443 884 ad
1478 820 1685 907 ipsam
1722 820 2045 886 civitatem
2082 820 2439 887 Romanam

115 952 256 993 esse
287 930 637 996 admissos.
679 928 813 1011 Qui
837 942 1050 995 tamen
1076 928 1434 993 Turdetani
1455 950 1605 993 cum
1637 929 2076 1015 Vespasianus
2102 932 2440 995 universae

115 1038 477 1123 Hispaniae
505 1040 608 1103 ius
629 1038 802 1103 Latii
825 1036 1178 1113 tribuisset,
1199 1058 1329 1100 non
1351 1036 1565 1101 minus
1585 1060 1779 1121 quam
1795 1036 2044 1121 reliqui,
2064 1037 2145 1103 ad
2170 1038 2438 1103 societa-

114 1158 240 1209 tem
273 1146 557 1232 aliquam
592 1145 984 1231 reipublicae
1007 1142 1404 1230 Saguntinas
1440 1157 1897 1230 pervenerunt3
1932 1168 2091 1232 ager
2108 1147 2278 1210 enim
2301 1148 2441 1233 ipse

117 1256 308 1318 etiam
341 1266 570 1341 postea
604 1254 994 1340 stipendium
1037 1252 1365 1338 penderet,
1421 1254 1710 1319 homines
1740 1255 2001 1339 quidem
2033 1254 2160 1319 iam
2193 1277 2269 1319 eo
2302 1256 2442 1319 iure

117 1373 317 1438 erant,
368 1374 440 1427 ut
477 1363 832 1428 honoribus
873 1361 1370 1447 municipalibus
1415 1362 1717 1447 gerendis
1754 1363 2076 1427 civitatem
2112 1363 2294 1428 Rom.
2340 1386 2442 1428 se-

119 1471 400 1555 demque
434 1452 610 1535 inter'
632 1470 1014 1535 decuriones
1041 1482 1607 1554 consequerentur.
1650 1471 1800 1536 Hoc
1830 1494 1979 1536 cum
2004 1471 2095 1536 ita
2126 1480 2296 1535 esset
2322 1468 2441 1535 Sa-

123 1579 328 1663 gunti,
371 1602 583 1643 nonne
614 1580 681 1642 in
704 1578 1024 1664 Hispania
1043 1576 1306 1642 Baetica
1327 1578 1618 1643 Malacae
1644 1591 1705 1643 et
1738 1576 2110 1665 Salpensae‚
2149 1579 2444 1662 quamvis

123 1698 179 1749 et
215 1685 476 1751 civitate
507 1687 796 1752 Romana
825 1696 1162 1751 uterentur
1205 1697 1268 1749 et
1299 1685 1652 1771 municipia
1684 1687 1805 1751 rite
1838 1687 2329 1772 appellarentur,
2358 1685 2447 1751 ita

123 1795 328 1879 potuit
365 1795 660 1859 instituta
693 1817 835 1859 esse
875 1793 1264 1879 respublica,
1300 1805 1374 1857 ut
1408 1795 1549 1858 eius
1571 1817 1698 1859 non
1728 1795 1919 1859 modo
1954 1795 2129 1861 cives
2150 1795 2446 1871 Romani,

127 1902 235 1967 sed
263 1903 462 1968 etiam
493 1902 710 1967 Latini
755 1902 915 1967 iuris
959 1902 1250 1965 homines
1283 1915 1500 1967 essent
1539 1902 1927 1988 participes?
1976 1902 2235 1967 Etenim
2271 1903 2445 1986 quod

130 2011 191 2073 in
227 2010 442 2075 tribus
485 2011 851 2097 municipiis
893 2011 1216 2096 persecuti
1265 2032 1513 2086 sumus,
1557 2010 1622 2074 id
1666 2021 1878 2096 potest
1917 2012 1983 2074 in
2026 2012 2245 2075 multis
2270 2013 2449 2097 cogi-

129 2119 260 2196 tari,
307 2119 700 2205 omninoque
745 2120 836 2184 sic
867 2141 1120 2195 censen,
1171 2130 1423 2204 praeter
1460 2119 1710 2184 Italiam
1753 2119 2036 2204 quidem,
2074 2120 2141 2183 in
2186 2143 2311 2204 qua
2338 2120 2449 2204 qui

134 2227 524 2304 habitabant,
565 2250 762 2315 prope
801 2248 1024 2293 omnes
1060 2227 1206 2313 lege
1226 2226 1397 2291 Iulia
1427 2227 1755 2293 civitatem
1790 2229 2145 2293 Romanam
2184 2250 2450 2316 accepe-

135 2346 294 2412 rant,
351 2358 564 2421 pauca
616 2337 820 2403 fuisse
866 2359 984 2423 per
1028 2336 1388 2423 provincias
1433 2336 1807 2421 municipia,
1860 2337 1926 2400 in
1968 2335 2205 2421 quibus
2248 2358 2451 2401 unum

143 2444 378 2509 civium
431 2445 862 2510 Romanorum
922 2466 1130 2531 genus
1179 2445 1607 2509 inveniretur:
1666 2444 1733 2507 in
1776 2445 2069 2531 plurimis
2117 2446 2220 2510 vel
2266 2467 2451 2530 pere-

139 2553 352 2637 grinae
407 2552 805 2618 condicionis
858 2553 1150 2617 homines
1207 2554 1311 2618 vel
1367 2553 1588 2618 Latini
1646 2553 1735 2618 ita
1786 2553 2327 2630 admiscebantur,
2380 2565 2454 2617 ut

139 2682 352 2726 omnes
394 2684 528 2726 una
567 2661 902 2747 municipii
942 2659 1274 2748 republica
1314 2661 1810 2738 continerentur,
1848 2662 2046 2747 idque
2092 2663 2145 2749 si
2171 2660 2452 2748 plurium

138 2770 308 2854 leges
338 2780 652 2846 extarent,
678 2792 807 2833 non
837 2770 1152 2834 coniicere
1185 2778 1432 2833 tantum
1466 2790 1547 2832 ex
1578 2771 1983 2853 quorundam
2014 2770 2455 2845 similitudine,

144 2879 249 2943 sed
307 2878 686 2943 certissimis
744 2877 1126 2941 testimoniis
1183 2878 1485 2963 persequi
1541 2877 1780 2943 liceret.
1857 2877 2085 2965 Neque
2140 2880 2310 2943 enim
2350 2879 2455 2942 ille

145 2999 270 3051 erat
307 2987 565 3072 imperii
608 2985 881 3051 Romani
919 3007 1081 3062 mos,
1133 2985 1246 3069 qui
1285 2985 1536 3069 placeat
1576 3008 1749 3050 nunc
1788 2988 2061 3051 fortasse
2102 2986 2343 3062 multis,
2386 2997 2459 3049 ut

149 3093 349 3159 subita
393 3094 744 3159 mutatione
789 3116 870 3159 ex
915 3116 1044 3157 una
1087 3115 1308 3158 norma
1345 3114 1569 3157 omnes
1612 3094 2005 3179 reipublicae
2040 3106 2255 3180 partes
2302 3116 2457 3159 con-

150 3204 512 3269 stituerent:
559 3202 1002 3288 antiquitatem
1041 3202 1315 3268 maxime
1373 3202 1827 3287 sequebantur,
1872 3213 2110 3281 vetera,
2150 3213 2458 3288 quantum

150 3310 278 3375 fieri
337 3322 611 3397 poterat,
671 3309 1028 3375 retinebant
1046 3356 1064 3387 ,
1127 3310 1181 3375 si
1254 3330 1384 3395 qua
1449 3310 1683 3376 vitiosa
1740 3322 1951 3389 erant,
2018 3309 2462 3387 emendabant,

153 3420 358 3485 omnia
407 3420 688 3505 deinque
729 3420 798 3483 in
851 3442 993 3484 eam
1033 3420 1306 3483 formam
1354 3418 1768 3503 redegerunt,
1812 3428 1887 3482 ut
1924 3420 1991 3482 in
2038 3441 2289 3483 summa
2341 3420 2462 3481 im-

157 3528 308 3611 perii
387 3528 836 3593 coniunctione
895 3538 1072 3592 tanta
1135 3527 1438 3591 existeret
1496 3526 1657 3591 iuris
1726 3525 2067 3591 diversitas
2084 3574 2102 3604 ,
2158 3537 2463 3612 quantam

158 3637 360 3719 paucis
411 3635 704 3722 vestigiis
753 3656 1124 3721 expressam
1167 3633 1479 3719 indagare
1518 3655 1886 3719 possumus.
2482 3617 2489 3624 ¹

313 3742 431 3820 At,
475 3744 724 3829 inquiat
760 3743 1013 3827 aliquis,
1059 3742 1116 3807 si
1145 3740 1494 3827 municipia
1534 3764 1659 3805 non
1697 3740 1937 3807 habent
1960 3742 2101 3819 hoc,
2136 3752 2210 3806 ut
2238 3762 2462 3806 omnes

168 3851 514 3937 municipes
555 3853 729 3917 cives
774 3851 1048 3917 Romani
1095 3850 1242 3926 sint,
1284 3850 1443 3934 quid
1489 3851 1747 3916 tandem
1794 3849 2080 3915 habent?
2144 3848 2326 3931 Quid
2367 3860 2466 3913 est

169 3957 335 4037 illud,
397 3982 528 4045 quo
592 3960 854 4045 reliquis
923 3957 1398 4045 provinciarum
1466 3958 1721 4044 oppidis
1777 3956 2204 4023 antecellant?
2299 3955 2467 4021 Nam

175 4067 344 4132 etiam
387 4068 622 4133 Latina
663 4068 904 4155 oppida
940 4066 1306 4132 necessario
1343 4066 1777 4131 intelleximus
1820 4089 1947 4132 non
1980 4088 2111 4131 uno
2138 4064 2469 4130 hominum

176 4196 394 4258 genere
445 4178 775 4255 contineri,
819 4176 935 4243 sed
978 4186 1148 4242 certe
1187 4174 1467 4241 duobus.
1539 4174 1720 4258 Quid
1756 4175 1959 4261 igitur
1997 4184 2096 4239 est
2138 4173 2471 4259 proprium

181 4287 531 4374 municipii?
597 4287 856 4372 quando
915 4284 1336 4370 municipium
1399 4282 1801 4371 appellatur?
1880 4280 2200 4347 Nimirum
2260 4280 2471 4344 muni-

181 4393 396 4479 cipium
451 4395 688 4473 existit,
749 4418 898 4461 cum
942 4416 1152 4481 genus
1198 4392 1460 4479 aliquod
1511 4392 1836 4457 hominum
1887 4393 2107 4477 (atque
2162 4390 2285 4455 hoc
2328 4389 2472 4475 ipso

1997 4498 2072 4565 19
