2917 5017
814 315 897 365 De
933 313 1104 366 Gallia
1131 317 1486 368 Romanorum
1525 319 1803 383 provincia.
2335 315 2453 384 129

124 499 369 564 magno
407 501 680 544 numero
721 480 1048 566 copiarum
1085 505 1314 548 rursus
1349 481 1619 552 Chattos
1657 494 1867 550 vastat
1897 486 1923 568 (
1927 484 2015 561 11,
2052 483 2187 569 25).
2260 485 2456 551 Unde

127 583 201 650 C.
255 585 500 651 Silium
553 598 617 652 et
676 587 760 652 A.
801 586 1181 667 Caecinam,
1241 614 1408 676 quos
1448 592 1715 659 Tacitus
1776 593 1865 658 ait
1910 602 2053 658 octo
2091 581 2457 677 legionibus

129 693 551 761 Germanicis
589 699 969 782 praefuisse,
1018 721 1196 778 cum,
1245 713 1437 788 prout
1478 702 1731 768 iuberet
1774 701 2219 778 GermanicuS,
2268 702 2459 766 modo

125 802 248 867 hoc
300 804 506 868 modo
558 804 720 870 illud
771 808 1318 886 administrarent,
1379 811 1573 876 modo
1620 811 1917 896 pluribus
1960 811 2155 875 modo
2197 809 2457 894 paucio-

123 912 312 976 ribus
377 913 583 999 copiis
641 926 1044 1000 praeessent,
1102 917 1525 1003 intelligimus
1582 942 1710 983 non
1751 918 2039 1004 Augusti
2086 929 2149 983 et
2191 916 2457 994 Tiberii,

125 1020 244 1084 sed
295 1020 512 1106 ipsius
559 1021 932 1090 Germanici
978 1025 1180 1090 fuisse
1224 1027 1475 1110 legatos
1512 1027 1707 1112 idque
1746 1027 1814 1091 in
1854 1024 2017 1092 Silio
2054 1027 2225 1092 infra
2268 1027 2458 1092 etiam

124 1131 250 1194 alio
286 1129 650 1195 certissimo
677 1144 1056 1218 argumento
1083 1134 1685 1201 demonstrabimus.
1742 1137 1947 1202 Erant
1968 1137 2171 1223 igitur
2188 1157 2457 1221 prorsus

127 1238 363 1302 eodem
401 1239 546 1303 loco
583 1262 715 1324 quo
750 1240 832 1304 L.
859 1241 1211 1326 Apronius,
1251 1244 1363 1328 qui
1393 1245 1622 1309 consul
1645 1269 1773 1310 non
1802 1247 2027 1311 minus.
2049 1248 2260 1312 fuerat
2292 1265 2459 1309 anno

128 1347 162 1412 8
207 1368 278 1431 p.
319 1344 521 1424 Chr.,
585 1370 714 1433 quo
771 1349 1196 1415 Germanicus
1249 1352 1406 1416 item
1464 1353 1547 1418 ad
1602 1353 1783 1418 varia
1830 1353 2089 1438 negotia
2143 1373 2303 1417 usus
2362 1361 2461 1416 est

129 1456 212 1536 (Ι,
262 1455 419 1541 56),
479 1479 556 1522 ac
601 1456 808 1523 tribus
852 1458 954 1523 his
995 1460 1442 1526 consularibus
1486 1462 1626 1526 eius
1663 1461 1893 1546 legatis
1934 1468 2306 1524 ornamenta
2345 1458 2461 1521 tri-

129 1564 468 1649 umphalia
513 1565 772 1631 decreta
815 1578 967 1632 sunt
1013 1567 1075 1651 (Ι
1090 1615 1109 1644 ,
1157 1568 1288 1651 72).
1375 1567 1637 1653 Reliqui
1676 1568 1873 1656 legati
1918 1580 2099 1634 erant
2138 1567 2459 1654 praetorii,

133 1672 210 1736 P.
249 1658 562 1738 Vitellius
621 1675 718 1757 (I,
759 1674 870 1760 70)
925 1686 988 1740 et
1031 1672 1109 1740 C.
1151 1673 1392 1741 Antius
1433 1677 1563 1763 (II,
1606 1677 1677 1761 6)
1728 1690 1789 1742 et
1833 1678 1914 1741 L.
1956 1674 2149 1742 Seius
2196 1675 2460 1740 Tubero

145 1782 258 1862 (11,
281 1782 419 1866 20),
456 1805 652 1865 quem
692 1793 1028 1870 propterea
1055 1784 1360 1850 Tiberius
1403 1785 1528 1849 sibi
1565 1785 1692 1870 ipsi
1732 1785 1799 1849 in
1830 1784 2167 1850 consulatu
2208 1783 2463 1848 suffecit

139 1913 300 1955 anno
346 1891 426 1956 18
467 1913 530 1976 p.
575 1888 731 1958 Chr.
751 1939 770 1970 ,
841 1893 1028 1958 cuius
1057 1902 1317 1958 'nomen
1375 1892 1604 1957 dubito
1660 1917 1740 1958 an
1794 1891 1937 1956 libr.
1978 1893 2067 1969 H,
2112 1891 2152 1956 6
2206 1890 2271 1953 in
2320 1911 2461 1954 cor-

39 2076 41 2079 *
133 2010 326 2084 rupto
371 1998 483 2062 illo
525 1999 840 2064 vocabulo
881 2005 1170 2078 Anteius,
1234 2000 1410 2086 quod
1456 2000 1657 2086 vulgo
1704 2000 1975 2087 legitur,
2032 2000 2243 2064 lateat.
2330 1999 2461 2063 Sex

129 2107 340 2192 igitur
390 2107 624 2193 legatis
681 2108 984 2174 utebatur
1025 2109 1452 2176 Germanicus
1514 2119 1767 2194 praeter
1822 2108 2153 2194 legionum
2198 2106 2462 2191 quidem

127 2218 427 2302 legatos,
483 2239 566 2282 ex
607 2215 846 2302 quibus
893 2215 971 2284 C.
1011 2216 1396 2284 Caetronius
1435 2219 1801 2282 nominatur
1840 2218 1895 2294 I,
1944 2217 2053 2294 44,
2120 2238 2196 2280 ac
2238 2238 2459 2300 quam-

39 2394 41 2397 ,
127 2349 330 2410 quam
373 2336 505 2390 tres
547 2348 628 2391 ex
665 2325 748 2391 iis
789 2336 972 2392 erant
1009 2328 1378 2412 consulares
1425 2349 1677 2391 summa
1720 2325 2032 2410 dignitate
2078 2325 2461 2408 militarique

39 2514 41 2519 ³
130 2436 326 2510 fama,
371 2457 564 2498 nemo
605 2444 818 2500 tamen
859 2435 940 2500 ab
983 2435 1368 2521 imperatore
1405 2446 1667 2520 accepta
1699 2443 2012 2521 potestate
2051 2456 2241 2498 suum
2278 2455 2461 2498 exer-

134 2544 339 2607 citum
375 2541 674 2607 habebat.
743 2543 882 2607 Iam
921 2543 1124 2630 igitur
1163 2544 1475 2629 sapientia
1511 2543 1803 2628 Augusti
1842 2553 2125 2630 apparet,
2165 2541 2277 2626 qui
2315 2563 2462 2606 cum

39 2705 41 2713 ,
140 2650 484 2715 Tiberium
543 2650 974 2716 coercendum
1029 2673 1172 2715 esse
1223 2661 1508 2736 putaret,
1583 2649 1971 2716 Germanico
2030 2649 2461 2716 validissimas

140 2760 434 2844 legiones
508 2767 572 2823 et
631 2759 1056 2844 peritissimos
1125 2759 1326 2824 duces
1391 2769 1454 2824 et
1516 2759 2035 2844 opulentissimas
2102 2757 2461 2841 provincias

155 2867 438 2944 tradidit3
501 2878 764 2952 apparet
803 2867 994 2932 etiam
1035 2868 1230 2952 paulo
1271 2876 1420 2952 post
1457 2865 1845 2932 Germanico
1862 2911 1879 2942 ,
1936 2887 2080 2930 cum
2126 2863 2193 2927 in
2234 2863 2462 2928 Asiam

148 2974 534 3060 Syriamque
573 2975 970 3052 mitteretur,
1025 2975 1388 3060 ademptam
1431 2997 1575 3041 esse
1613 2986 1912 3060 magnam
1953 2972 2273 3058 potentiae
2317 2993 2463 3057 par-

143 3095 268 3148 tem
315 3105 442 3151 nec
488 3083 815 3148 redditum
859 3083 1036 3168 quod
1077 3083 1146 3146 in
1189 3081 1419 3148 Galliis
1464 3081 1795 3148 habuerat.
1886 3081 2055 3146 Nam
2090 3081 2274 3145 iuxta
2316 3103 2463 3144 eum

145 3190 265 3256 Cn.
293 3193 602 3256 Pisonem
635 3191 864 3278 Syriae
905 3192 1176 3256 missum
1215 3191 1296 3256 ab
1336 3190 1597 3255 Tiberio
1635 3191 1781 3277 ipso
1820 3189 2179 3277 praefuisse
2216 3198 2466 3253 constat

143 3302 334 3384 (Tac.
367 3301 716 3378 Annal.II,
745 3302 878 3386 43),
921 3323 1043 3366 nec
1084 3299 1261 3385 quod
1305 3300 1763 3365 transmarinae
1801 3307 2061 3364 senatus
2100 3296 2467 3384 provinciae

145 3414 284 3477 eius
347 3432 600 3476 summo
643 3409 911 3496 imperio
959 3408 1460 3486 mandabantur,
1522 3408 1644 3473 etsi
1684 3431 1983 3494 magnam
2028 3405 2308 3492 speciem
2350 3403 2467 3468 ha-

148 3521 366 3596 bebat,
415 3519 796 3584 tantundem
836 3539 1025 3582 verae
1067 3517 1389 3602 potentiae
1431 3515 1757 3582 afferebat.

313 3627 543 3692 Rediit
593 3637 806 3692 autem
861 3624 1288 3692 Germanicus
1347 3648 1428 3691 ex
1480 3624 1823 3689 universae
1884 3621 2133 3688 Galliae
2198 3620 2467 3707 imperio

158 3760 316 3802 anno
359 3736 436 3802 17
473 3759 538 3821 p.
569 3734 725 3801 Chr.
771 3734 1316 3821 triumphavitque
1358 3758 1414 3798 a.
1457 3733 1522 3797 d.
1560 3733 1695 3798 VII
1738 3729 1877 3796 Cal.
1918 3731 2063 3817 Iun.
2106 3730 2291 3816 (Tac.
2326 3729 2469 3795 An-

149 3848 268 3911 nal.
312 3845 408 3920 11,
457 3845 588 3930 41).
676 3844 845 3926 Quis
899 3843 958 3912 ei
1005 3843 1423 3918 successerit,
1484 3840 1646 3906 solet
1689 3839 1975 3925 ignorari
2017 3861 2138 3904 nec
2180 3839 2468 3915 Tacitus,

147 3955 258 4038 qui
302 3953 474 4019 bella
515 3964 578 4019 et
617 3953 840 4018 civiles
880 3951 1162 4017 actiones
1203 3952 1446 4016 referre
1488 3949 1736 4026 mallet,
1782 3969 2279 4014 commemorare
2316 3970 2469 4033 ope-

151 4087 258 4128 rae
324 4062 606 4149 pretium
665 4057 883 4138 duxit,
948 4058 1062 4145 qui
1105 4059 1162 4124 si
1204 4069 1460 4124 nostrae
1498 4058 1715 4144 potius
1762 4056 2051 4132 utilitati,
2112 4078 2306 4139 quam
2352 4055 2472 4119 arti

151 4171 670 4255 iucunditatique
709 4170 1044 4235 consulere
1074 4168 1408 4244 voluisset,
1451 4186 1947 4233 commemorare
1979 4163 2223 4230 debuit.
2291 4162 2473 4244 Quid

156 4281 324 4346 enim
363 4277 804 4345 existimamus
839 4278 1074 4342 fecisse
1110 4275 1489 4341 Tiberium?
1565 4273 1838 4340 Nolebat
1872 4273 1979 4338 ille
2022 4271 2295 4357 amplius
2335 4271 2475 4335 bel-

153 4391 286 4456 lum
333 4390 476 4476 geri
525 4391 649 4465 vel,
693 4389 748 4452 si
792 4394 1010 4452 essent
1047 4384 1271 4469 utique
1315 4385 1737 4451 barbarorum
1778 4382 2059 4467 impetus
2102 4379 2475 4466 repellendi,

2036 4489 2076 4552 9
2197 4525 2201 4528 ,
