2917 5017
517 321 637 388 176
1031 326 1114 376 De
1149 321 1320 374 Gallia
1352 323 1705 374 Romanorum
1741 320 2003 384 provineia
2038 320 2308 384 appendix.

511 489 737 565 fuerit,
793 510 942 554 eum
984 486 1326 561 transisse,
1376 483 1657 568 denique
1700 505 1867 548 anno
1912 483 2015 560 50,
2058 503 2187 546 non
2230 504 2397 548 anno
2438 482 2535 558 49,
2574 483 2627 547 ei
2662 505 2782 548 con-

513 598 764 664 sulatus
809 597 1179 681 petitionem
1225 615 1599 658 concessam
1644 615 1787 658 esse
1829 591 2093 676 colligit.

685 705 996 789 Sequitur
1035 704 1236 768 altera
1277 701 1458 778 ratic,
1502 723 1631 785 qua
1674 711 1807 766 tota
1850 721 2047 786 prope
2104 698 2458 764 Hofmanni
2507 721 2784 764 commen-

511 812 666 877 tatio
709 812 956 888 nititur,
1003 811 1178 894 quod
1208 807 1475 876 Caesari
1518 809 1665 894 lege
1706 808 2109 873 tribunorum
2151 807 2218 871 in
2264 806 2519 872 comitia
2558 809 2691 872 anni
2727 809 2786 872 50

511 921 879 1006 petitionem
941 920 1154 984 datam
1213 941 1358 984 esse
1416 926 1635 1001 putat,
1701 939 1829 982 non
1874 916 2025 980 anni
2078 915 2155 980 49
2176 963 2193 992 ,
2250 937 2414 999 quae
2476 917 2788 981 communis

509 1029 798 1092 omnium
856 1028 1144 1092 virorum
1201 1025 1541 1092 doctorum
1598 1025 1913 1090 sententia
1958 1036 2074 1090 est.
2160 1024 2264 1088 Ac
2309 1025 2593 1110 vulgaris
2632 1024 2788 1088 huius

511 1137 866 1202 sententiae
905 1145 1286 1220 argumenta
1323 1134 1629 1200 videntur
1668 1155 1811 1198 esse
1856 1133 2232 1198 certissima.
2294 1133 2475 1214 Quid
2502 1133 2659 1199 enim
2682 1134 2789 1217 pla-

510 1244 660 1308 nius
704 1253 834 1319 est,
903 1267 1096 1328 quam
1135 1243 1372 1309 Dionis
1409 1241 1581 1317 XL,
1630 1245 1697 1306 51
1755 1241 1987 1317 verba,
2046 1242 2157 1325 qui
2212 1239 2478 1306 Caesari
2529 1241 2633 1306 illa
2678 1241 2790 1326 lege

511 1352 734 1416 datum
783 1375 926 1418 esse
973 1350 1198 1416 scribit
1237 1350 1449 1414 ἀπόντι
1495 1353 1621 1432 τὴν-
1647 1351 1840 1434 ἀρχὴν
1886 1351 2027 1412 ὅταν
2078 1351 2146 1414 ἐκ
2183 1357 2301 1412 τῶν
2347 1351 2553 1433 νόμων
2590 1349 2788 1432 καθήκῃ

513 1462 756 1543 αἰτῆσαι
803 1461 846 1524 i.
891 1484 946 1524 e.
992 1471 1064 1524 ut
1104 1459 1392 1545 legitimo
1432 1468 1577 1543 post
1616 1459 1893 1543 primum
1940 1458 2344 1522 consulatum
2398 1469 2675 1542 tempore
2708 1480 2790 1520 ex-

511 1579 655 1632 acto
702 1580 920 1653 petere
961 1571 1210 1646 liceret„
1247 1567 1315 1632 id
1359 1567 1535 1650 quod
1580 1588 1747 1632 anno
1778 1567 1859 1632 48
1886 1567 2182 1632 accidere
2216 1588 2441 1630 omnes
2476 1564 2791 1636 concedunt

509 1697 720 1759 neque
763 1676 1178 1742 Hofmannus
1231 1684 1444 1761 negat.
1532 1673 1747 1757 Atque
1800 1675 1941 1759 ipse
1979 1671 2223 1740 Caesar
2276 1672 2424 1738 bell.
2474 1673 2597 1738 civ.
2638 1675 2697 1749 1,
2737 1673 2792 1735 32

509 1784 598 1846 ait
639 1809 700 1846 se
741 1790 992 1851 nullum
1037 1787 1613 1848 extraordinarium
1660 1785 1947 1846 honorem
1992 1786 2314 1864 appetisse,
2374 1785 2486 1844 sed
2527 1790 2795 1863 expectato

509 1894 784 1972 legitimo
827 1903 1092 1974 tempore
1136 1896 1493 1956 consulatus
1536 1913 1605 1954 eo
1648 1893 1865 1973 fuisse
1906 1900 2259 1954 contentum
2281 1941 2295 1968 ,
2352 1892 2521 1971 quod
2564 1889 2795 1952 omnibus

513 1999 744 2061 civibus
773 2011 1038 2080 pateret,
1083 2000 1448 2084 legitimum
1496 2009 1711 2062 autem
1752 1997 1935 2061 illum
1980 2019 2214 2060 annum
2260 1995 2409 2061 bell.
2458 1998 2581 2061 civ.
2628 1995 2733 2070 111,
2770 1996 2789 2057 1
2850 2025 2852 2080 Ξ

509 2105 718 2170 fuisse
767 2108 856 2171 ait
920 2131 1160 2172 annum
1219 2108 1318 2172 48.
1404 2107 1709 2189 Denique
1766 2106 2025 2172 Hirtius
2077 2104 2226 2169 bell.
2286 2103 2463 2170 Gall.
2516 2103 2794 2178 V1H,5o
2850 2083 2852 2192 l

509 2235 678 2276 anno
725 2214 805 2278 50
850 2227 1067 2280 narrat
1099 2213 1446 2282 Caesarem
1490 2214 1773 2280 colonias
1814 2225 1878 2278 et
1918 2213 2269 2298 municipia
2308 2211 2565 2278 Galliae
2600 2212 2793 2282 adisse,

509 2332 583 2384 ut
621 2343 682 2382 se
715 2331 775 2384 et
805 2327 1094 2387 honorem
1135 2348 1316 2388 suum
1359 2331 1428 2388 in
1466 2328 1765 2405 sequentis
1804 2327 1969 2387 anni
2003 2323 2075 2406 (i.
2098 2344 2157 2386 e.
2182 2321 2331 2386 anni
2359 2321 2463 2396 49,
2508 2344 2651 2386 cum
2678 2339 2793 2382 con·
2850 2347 2852 2408 j

509 2429 686 2494 sules
737 2432 886 2494 anni
945 2433 1026 2498 48
1079 2433 1273 2498 creati
1325 2434 1507 2517 sunt)
1570 2433 2028 2496 commendaret
2068 2433 2386 2510 petitione.
2474 2429 2601 2496 His
2644 2427 2794 2492 tantis

509 2537 890 2602 testimoniis
929 2540 1088 2623 quid
1132 2551 1342 2625 potest
1378 2564 1523 2606 esse
1569 2540 1776 2625 magis
1822 2537 2279 2623 perspicuum?
2346 2535 2485 2602 Sed
2534 2558 2658 2600 non
2694 2535 2795 2621 pla-
2847 2615 2849 2624 Ι

512 2655 658 2708 cent
699 2645 1072 2710 Hofmanno
1122 2670 1186 2733 p.
1233 2649 1310 2714 27
1330 2695 1348 2725 ,
1407 2648 1851 2732 imprimisque
1892 2647 2027 2711 Dio
2080 2644 2513 2731 improbatur,
2574 2645 2671 2710 cui
2712 2664 2798 2706 ex-
2835 2660 2850 2789 Ι·

513 2751 868 2836 ceptionem
921 2753 1098 2818 illam
1149 2756 1334 2840 plane
1389 2778 1464 2820 ac
1508 2754 1789 2822 dilucide
1848 2755 1982 2839 legi
2024 2753 2365 2839 ascriptam
2408 2752 2636 2828 fuisse,
2679 2772 2801 2816 eon-

513 2859 744 2924 cedere
783 2883 850 2925 se
879 2862 1056 2926 nullo
1087 2864 1280 2928 modo
1296 2887 1509 2948 posse.
1554 2862 1819 2928 Scilicet
1836 2883 1955 2926 nos
1974 2861 2186 2926 Dione
2201 2861 2395 2946 longe
2422 2860 2800 2946 sapientiores
2848 2916 2850 2952 :

455 2959 458 2961 “
509 2989 652 3043 nec,
701 2967 755 3032 si
803 2969 963 3053 quid
1002 2969 1191 3036 nobis
1231 2971 1575 3036 obscurius
1618 2981 1735 3047 est,
1781 2967 2055 3033 dubium
2089 2980 2302 3055 potest
2333 2991 2502 3046 esse,
2542 2969 2686 3053 quin
2718 2966 2798 3030 ille

511 3074 727 3158 potius
781 3076 845 3139 in
901 3101 970 3141 re
1031 3080 1308 3144 maxima
1367 3079 1593 3144 errarit
1648 3100 1841 3163 quam
1884 3100 2005 3142 nos
2050 3077 2267 3142 minus
2309 3077 2651 3162 diligentes
2688 3076 2799 3138 fue-

391 3242 403 3252 .
509 3185 734 3250 rimus.
819 3186 914 3250 At
948 3209 1076 3250 non
1115 3197 1250 3252 erat
1294 3187 1406 3252 illa
1439 3187 1753 3272 excepti0‚
1794 3186 1911 3250 sed
1956 3186 2099 3271 ipsa
2144 3187 2251 3250 lex
2290 3185 2643 3250 admodum
2678 3183 2798 3246 sim-
2846 3255 2848 3266 γ

508 3293 677 3377 plex,
719 3315 884 3376 quae
928 3294 996 3355 in
1041 3307 1288 3358 certum
1325 3316 1565 3358 annum
1584 3291 1847 3358 Caesari
1888 3294 2136 3359 absenti
2184 3293 2595 3358 consulatum
2637 3292 2797 3356 daret.
2843 3275 2849 3358 ζ

508 3399 645 3466 Sed
708 3401 903 3465 fuerit
947 3402 1274 3486 exceptis,
1337 3423 1454 3468 cur
1508 3402 1768 3468 tandem
1827 3402 2028 3466 Dioni
2084 3402 2352 3467 concedi
2393 3423 2523 3466 non
2582 3393 2796 3485 potest?

511 3509 833 3574 Nimirum
882 3508 1178 3574 tribunos
1237 3510 1294 3573 si
1335 3511 1487 3574 anni
1548 3511 1627 3576 49
1688 3509 2058 3595 petitionem
2110 3508 2357 3576 absenti
2414 3508 2665 3582 darent,
2711 3512 2797 3570 aut
2844 3595 2846 3600 Ι

511 3617 672 3683 nihil
715 3618 974 3682 omnino
1017 3618 1221 3682 fuisse
1267 3629 1525 3682 acturos
1558 3629 1672 3684 aut
1712 3618 1939 3684 eadem
1982 3618 2129 3701 lege
2154 3615 2455 3683 Caesaris
2498 3614 2795 3702 imperium

512 3747 861 3810 prorogare
919 3725 1246 3792 debuisse.
1336 3724 1636 3806 Quorum
1708 3726 1829 3790 hoc
1885 3749 2015 3790 non
2071 3725 2305 3793 fecisse
2361 3747 2473 3792 eos
2524 3734 2794 3793 constare,
2842 3787 2847 3798 ,

505 3833 668 3898 illud
723 3855 852 3898 non
911 3834 1114 3900 fuisse
1174 3831 1471 3901 Caesaris
1528 3833 1907 3920 prudentiae
1968 3833 2404 3918 relinquique,
2462 3845 2536 3898 ut
2586 3827 2795 3898 absenti
2844 3893 2846 3926 Ι

507 3963 678 4006 anno
725 3942 808 4006 50
849 3954 1068 4027 petere
1113 3942 1537 4026 permiserint.
1598 3941 1693 4008 At
1724 3943 1899 4007 unde
1938 3953 2207 4020 constat,
2251 3965 2381 4010 non
2418 3950 2794 4028 prorogatum

506 4071 653 4114 esse
693 4048 840 4134 lege
883 4049 1228 4118 tribunicia
1266 4049 1565 4118 Caesaris
1620 4049 2005 4136 imperium?
2077 4050 2227 4116 Hoc
2280 4053 2521 4117 frustra
2562 4065 2793 4136 quaeras

507 4156 683 4241 apud
736 4156 1210 4235 Hofmannum,
1265 4181 1460 4244 quem
1518 4181 1669 4224 cum
1724 4169 1853 4224 tam
1901 4179 2101 4244 prope
2146 4158 2229 4225 ab
2268 4181 2345 4223 eo
2387 4159 2563 4243 quod
2603 4175 2789 4222 verum

509 4275 612 4330 est
665 4263 943 4330 abfuerit
957 4311 974 4340 ,
1027 4265 1171 4330 aliis
1233 4277 1446 4332 tamen
1491 4289 1771 4334 errorem
1812 4266 2093 4335 obiicere
2150 4288 2343 4350 quam
2382 4266 2505 4332 sibi
2554 4263 2788 4350 amplius

507 4372 855 4454 quaerendi
899 4372 1182 4437 officium
1224 4373 1611 4459 imposuisse
1654 4374 1903 4441 mirere.

2225 4445 2255 4466 S
