2917 5017
462 400 582 464 150
1121 397 1204 446 De
1241 393 1415 445 Gallia
1427 394 1802 442 *Romanorum
1837 389 2114 454 provincia.

459 565 704 650 copias:
763 560 926 626 illud
963 569 1134 624 certe
1176 564 1442 630 constat,
1486 575 1615 616 non
1655 549 1903 616 Gallias
1944 559 2191 614 tantum
2232 547 2315 612 ab
2352 544 2603 612 Albino
2645 564 2776 605 esse

461 681 826 756 occupatae,
873 666 991 732 sed
1037 665 1228 730 etiam
1269 662 1625 746 Hispaniae
1667 670 1913 744 partem
1962 657 2211 744 (Spart.
2258 653 2411 720 Sev.
2464 652 2609 733 12),
2668 671 2778 712 nec

461 781 598 846 veri
639 776 952 843 dissimile
997 783 1115 848 est,
1165 769 1498 844 Candido,
1542 769 1654 853 qui
1696 769 1764 832 in
1809 766 2037 832 ceteris
2081 763 2265 829 bellis
2312 760 2620 826 civilibus
2668 758 2780 820 Se-

463 911 690 954 verum
740 884 1126 956 adiuvisset,
1186 879 1312 944 hoc
1369 901 1627 962 quoque
1670 874 2102 960 Hispanicum
2160 893 2305 935 esse
2346 868 2783 934 commissum.

467 996 878 1079 Quamquam
919 1012 1083 1054 nova
1123 989 1284 1052 haec
1326 985 1697 1070 provinciae
1740 981 2101 1048 coniunctio
2146 1003 2277 1044 non
2321 978 2435 1040 diu
2482 976 2787 1042 constitit.

466 1103 724 1168 Etenim
767 1123 848 1166 ex
890 1098 1076 1163 titulo
1119 1117 1326 1180 nuper
1364 1104 1619 1177 reperto
1666 1091 1871 1176 (apud
1912 1088 2113 1154 Orell.
2158 1087 2357 1168 6914)
2396 1096 2675 1160 constat,
2716 1083 2791 1148 ab

468 1209 802 1275 Caracallo
852 1204 1188 1270 Asturiam
1245 1213 1308 1266 et
1365 1199 1761 1281 Gallaeciam
1819 1198 1899 1263 ab
1950 1194 2420 1262 Tarraconensi
2472 1193 2797 1277 Hispania

469 1341 612 1383 esse
657 1317 1010 1382 seiunctam
1057 1311 1551 1392 nominatur-que
1594 1305 1671 1372 C.
1710 1306 1919 1371 Iulius
1964 1302 2253 1370 Cerealis
2302 1303 2432 1388 leg.
2475 1303 2657 1388 Aug.
2705 1325 2797 1386 pr.

468 1450 594 1512 pr„
652 1423 762 1509 qui
813 1421 1060 1508 primus
1107 1429 1256 1504 post
1299 1417 1685 1482 divisionem
1723 1414 2107 1500 Hispaniam
2152 1433 2387 1476 novam
2434 1411 2799 1476 citeriorem

473 1532 976 1598 Antoninianam
1019 1527 1273 1590 rexerit.
1355 1525 1434 1590 In
1475 1547 1603 1608 quo
1648 1525 1833 1588 titulo
1876 1520 2357 1607 interpretando
2402 1542 2635 1584 cavere
2688 1519 2798 1584 de·

473 1641 793 1714 bebimus,
839 1660 918 1702 ne
957 1658 1181 1700 eorum
1225 1634 1595 1720 opinionem
1635 1633 2016 1718 probemus,
2064 1632 2175 1715 qui
2216 1631 2307 1695 ita
2348 1651 2621 1715 prorsus
2668 1628 2802 1692 dis·
2872 1621 2875 1704 3

477 1759 739 1833 putant,
798 1745 983 1829 quasi
1035 1736 1180 1807 ante
1237 1739 1643 1808 Caracallum
1700 1740 1971 1806 Asturia
2026 1761 2352 1822 nunquam
2414 1737 2497 1801 ab
2553 1737 2806 1821 reliqua

475 1852 944 1921 Tarraconensi
973 1851 1168 1916 fuerit
1195 1851 1504 1916 seiuncta.
1566 1852 1775 1917 Immo
1812 1851 2164 1915 seiunctam
2200 1847 2405 1912 fuisse
2444 1847 2805 1911 certissime

477 1962 858 2038 didicimus3
919 1959 1034 2026 sed
1083 1956 1456 2024 Caracallus
1512 1970 1851 2044 postquam
1900 1957 2021 2022 sub
2072 1955 2315 2021 Severo
2366 1977 2601 2018 rursus
2652 1976 2805 2017 con·
2872 1953 2875 1970 ²

474 2072 694 2136 iuncta
735 2069 878 2144 fuit,
931 2068 1066 2132 sine
1107 2067 1260 2132 belli
1300 2067 1683 2130 necessitate
1723 2066 1791 2129 in
1837 2077 2219 2152 perpetuum
2258 2063 2499 2128 divisit.
2588 2063 2809 2146 Atque

475 2181 542 2243 in
595 2178 761 2242 hanc
817 2185 1090 2240 aetatem
1145 2173 1402 2260 plurimi
1459 2173 1883 2239 iuridicorum
1950 2187 2014 2240 et
2078 2175 2439 2260 legatorum
2488 2170 2811 2258 Augusti,

477 2307 642 2368 quos
702 2284 1072 2360 citavimus,
1130 2283 1456 2358 incidunt,
1518 2305 1795 2366 quorum
1846 2283 2125 2348 rationes
2166 2282 2336 2347 ultra
2378 2281 2690 2367 persequi
2736 2280 2815 2346 ab

477 2395 598 2458 hoc
637 2395 780 2460 loco
827 2393 1105 2458 alienum
1153 2402 1270 2456 est.

647 2500 1059 2584 Quamquam
1113 2499 1308 2564 etiam
1361 2499 1641 2591 reliqua,
1698 2521 1865 2584 quae
1912 2499 1995 2564 de
2034 2499 2129 2563 M.
2175 2497 2429 2563 Aurelii
2472 2509 2535 2563 et
2582 2497 2819 2562 Severi

481 2621 546 2674 et
596 2607 912 2674 Caracalli
967 2606 1360 2691 temporibus
1419 2605 1929 2692 disputavimus,
1992 2607 2207 2672 minus
2265 2607 2397 2670 huc
2450 2607 2819 2692 pertinent:

479 2740 644 2801 quae
691 2726 938 2781 tantum
982 2714 1402 2800 praeparandi
1447 2714 1632 2798 quasi
1678 2738 1876 2780 causa
1918 2715 2271 2780 attulimus.
2352 2715 2455 2779 De
2490 2711 2821 2779 Antonini
2872 2791 2875 2800 1

477 2825 581 2890 Pii
627 2833 830 2889 aetate
869 2821 1218 2906 quaeritur,
1263 2845 1419 2886 num
1459 2823 1731 2890 Asturia
1772 2824 2163 2909 peculiarem
2204 2823 2610 2908 provinciam
2658 2823 2821 2888 effe·
2873 2803 2875 2846 3

476 2934 650 3000 cerit.
739 2933 956 3015 Atque
1001 2930 1110 2994 illa
1156 2940 1689 2996 commemoratur
1728 2929 1959 2998 Aelius
1998 2932 2375 2996 Marcianus
2397 2978 2415 3008 ,
2460 2935 2825 3016 proconsul

479 3044 816 3117 Baeticae,
871 3040 954 3105 ad
1002 3057 1196 3122 quem
1232 3039 1393 3104 Pius
1449 3039 1785 3126 scripsisse
1838 3049 2135 3104 narratur
2189 3041 2257 3104 in
2300 3041 2459 3126 Dig.
2496 3040 2564 3116 I,
2612 3043 2653 3106 6
2708 3043 2825 3126 (de

479 3151 581 3214 his
627 3150 738 3234 qui
785 3149 886 3213 sui
923 3148 1086 3211 iuris
1127 3152 1306 3228 sunt)
1347 3147 1408 3224 2,
1458 3159 1523 3212 et
1565 3147 1641 3212 C.
1668 3149 2015 3215 Iavolenus
2046 3147 2359 3214 Calvinus
2403 3150 2581 3235 apud
2610 3147 2826 3216 Orell.
2872 3131 2875 3238 3

479 3282 544 3324 n.
569 3256 756 3332 2759,
798 3277 874 3320 ac
901 3254 1370 3320 Tarraconensi
1415 3255 1787 3339 provinciae
1826 3257 2169 3322 universae
2206 3258 2401 3342 paulo
2439 3269 2591 3323 ante
2635 3259 2825 3325 initio
2872 3239 2875 3280 ³

480 3363 800 3430 Hadriani
856 3361 1135 3446 praefuit
1185 3361 1288 3425 Ti.
1349 3359 1667 3428 Claudius
1726 3363 2084 3446 Quat-tinus
2102 3412 2120 3441 ,
2182 3365 2370 3430 cuius
2424 3365 2661 3432 titulus
2722 3383 2822 3433 est

481 3472 654 3557 apud
709 3469 920 3534 Boiss.
969 3470 1173 3536 Inscr.
1233 3469 1456 3556 Lugd.
1522 3495 1583 3556 p.
1629 3472 1751 3537 284
1808 3475 1923 3559 (cf.
1974 3473 2142 3538 Noel
2199 3474 2317 3538 des
2371 3472 2683 3560 Vergers.
2739 3476 2805 3538 in

483 3579 722 3644 Athen.
765 3576 1228 3644 Franco-Gall.
1277 3578 1426 3642 anni
1478 3579 1637 3644 1856
1680 3601 1745 3666 p.
1790 3581 1921 3661 22).
2012 3581 2169 3646 Fuit
2210 3581 2415 3667 igitur
2454 3581 2807 3668 imperante

481 3687 602 3752 Pio
641 3687 1142 3771 Hispanicarum
1197 3687 1674 3770 provinciarum
1730 3689 2199 3756 administratio
2252 3689 2661 3774 aliquamdiu
2708 3715 2817 3757 ea-

483 3795 665 3870 dem,
720 3817 884 3878 quae
943 3795 1154 3858 fuerat
1214 3792 1295 3858 ab
1339 3791 1649 3879 Augusto
1708 3796 2001 3861 instituta
2056 3820 2267 3883 neque
2323 3797 2457 3862 ulla
2499 3794 2823 3866 Asturiae

485 3901 824 3988 separatio·
911 3901 1078 3966 Nam
1121 3911 1606 3986 procuratorum
1648 3904 1852 3970 titulis
1899 3908 2007 3992 (ac
2048 3905 2178 3970 iam
2225 3904 2347 3970 sub
2384 3905 2609 3971 Nerva
2640 3930 2827 3988 proc.

469 4015 754 4090 provinc.
816 4012 1160 4089 Hispaniae
1219 4015 1389 4075 citer.
1447 4016 1743 4075 Asturiae
1794 4022 1854 4074 et
1912 4016 2367 4078 Callaeciarum
2422 4035 2827 4082 commemo·

481 4128 662 4182 ratur
709 4116 885 4201 apud
927 4115 1120 4182 Grut.
1161 4139 1225 4202 p.
1271 4118 1411 4194 193,
1457 4119 1527 4200 3)
1570 4141 1695 4184 non
1737 4132 1905 4198 utor,
1950 4132 2292 4207 propterea
2332 4121 2507 4205 quod
2551 4123 2825 4189 illorum

485 4224 852 4310 provincias
896 4246 1044 4289 cum
1082 4223 1184 4300 iis,
1229 4247 1390 4308 quas
1431 4225 1627 4311 legati
1664 4227 1921 4304 habent,
1965 4250 2155 4312 saepe
2199 4252 2426 4315 parum
2464 4233 2823 4297 convenire

481 4331 792 4417 intelligo.
902 4331 1036 4396 Sed
1097 4331 1218 4396 sub
1281 4333 1511 4400 eodem
1567 4334 1673 4398 Pii
1727 4336 1996 4421 imperio
2052 4337 2337 4422 alioquin
2395 4339 2821 4423 pacatissimo

483 4438 688 4504 fuisse
725 4450 938 4506 tamen
979 4440 1219 4506 scimus
1259 4440 1642 4508 Maurorum
1684 4443 2085 4523 seditionem,
2126 4446 2208 4511 de
2246 4470 2377 4533 qua
2400 4443 2817 4533 Capitolinus
