2917 5017
796 320 877 369 De
916 322 1181 371 dictatoris
1223 320 1459 371 Caesaris
1499 323 1794 373 honoribus.
2329 324 2454 389 205

163 494 215 547 et
255 484 329 547 L.
374 480 671 549 Cornelio
718 506 849 549 cos.
896 484 1158 549 tradunt
1200 482 1325 569 ipsi
1374 484 1552 561 fasti,
1612 485 1727 550 sed
1779 509 1907 572 quo
1961 491 2110 555 anni
2171 500 2458 577 tempore

160 593 394 657 decreta
452 592 571 669 sit,
634 593 725 657 ita
778 616 815 657 a
866 593 1021 656 viris
1072 592 1279 657 doctis
1322 593 1686 677 quaesitum
1729 607 1858 673 est,
1918 607 1992 661 ut
2037 598 2118 663 ab
2165 622 2242 665 eo
2281 600 2459 685 quod

159 723 363 765 verum
402 713 523 778 est,
575 701 921 767 recessisse
962 700 1323 765 videantur.
1399 701 1657 766 Etenim
1685 702 1956 769 Eckhel.
1985 705 2188 771 doctr.
2217 731 2457 774 numm.

157 810 241 874 VI
277 833 335 894 p.
386 810 481 885 14,
532 809 651 875 etsi
694 832 961 896 peccare
1005 808 1339 884 intellexit,
1386 809 1440 873 si
1481 810 1594 893 qui
1637 832 1718 875 ex
1759 812 2144 898 scriptorum
2185 816 2458 900 quibus-

155 918 285 982 dam
341 919 558 983 minus
622 918 827 983 cautis
886 916 1103 982 verbis
1160 917 1342 981 initia
1392 917 1854 985 dictaturarum
1899 933 1962 986 et
2007 924 2459 989 consulatuum

153 1028 357 1093 eadem
396 1028 603 1093 fuisse
643 1026 881 1091 vellent
922 1026 1247 1111 colligere,
1296 1027 1506 1092 minus
1550 1026 1956 1095 tamen'recte
1985 1052 2206 1097 omnes
2249 1032 2457 1098 dicta-

150 1146 307 1201 turas
342 1135 424 1201 ab
466 1145 709 1201 aestate
751 1134 889 1198 sive
930 1134 1098 1199 Iulio
1136 1135 1271 1199 fere
1316 1156 1536 1199 mense
1571 1136 1952 1221 repetendas
1993 1161 2136 1205 esse
2164 1141 2456 1225 putabat=

149 1267 263 1328 qua
296 1245 361 1307 in
400 1243 703 1329 opinione
748 1256 809 1307 et
853 1242 1240 1327 scriptorum
1274 1244 1638 1309 testimonia
1669 1246 1953 1331 neglexit
1997 1258 2060 1311 et
2097 1248 2256 1331 quid
2292 1250 2462 1315 inter

148 1353 399 1437 primam
442 1364 509 1417 et
551 1353 719 1417 inter
754 1351 1036 1436 reliquas
1082 1352 1433 1417 dictaturas
1467 1354 1824 1429 interesset,
1869 1355 2084 1419 minus
2109 1357 2456 1442 perspexit.

150 1460 266 1525 Sed
306 1472 575 1527 secutus
622 1471 833 1527 tamen
873 1459 1141 1525 eandem
1182 1460 1490 1524 rationem
1516 1461 1912 1527 Letronnius
1942 1464 2146 1529 Inscr.
2175 1464 2458 1551 Aegypt.

148 1569 275 1633 Vol.
312 1570 382 1635 H
423 1593 490 1655 p.
540 1570 657 1635 133
704 1560 982 1635 confecit
1024 1568 1213 1632 etiam
1252 1569 1560 1645 tabulam,
1606 1568 1674 1632 in
1716 1592 1844 1654 qua
1881 1574 2254 1639 consulatus
2292 1572 2460 1640 Cae-

151 1679 288 1742 saris
335 1689 398 1743 et
443 1678 800 1743 dictaturas
843 1678 935 1742 ita
976 1678 1331 1764 disposuit,
1392 1690 1466 1741 ut
1517 1677 1776 1743 illorum
1819 1681 2104 1746 omnium
2147 1682 2462 1769 principia

155 1812 183 1851 a
214 1788 355 1851 Kal.
404 1788 571 1863 Ian„
630 1786 859 1852 harum
898 1810 937 1851 a
972 1786 1122 1851 Kal.
1170 1787 1296 1851 Iul.
1341 1798 1674 1871 repeteret.
1757 1790 1858 1853 Ita
1899 1791 2144 1854 nummi
2189 1793 2459 1857 fortasse

148 1897 373 1980 possint
434 1894 783 1982 explicari,
848 1894 961 1959 sed
1022 1917 1097 1959 ea
1146 1894 1463 1958 honorum
1522 1895 2050 1961 conferendorum
2107 1900 2458 1983 aequalitas

147 2005 435 2083 efficitur,
504 2026 702 2089 quam
754 2004 823 2067 in
884 2002 1219 2068 dictaturis
1262 2025 1593 2087 nunquam
1611 2050 1628 2080 ,
1687 2004 1755 2067 in
1801 2005 2244 2071 consulat-ibus
2289 2018 2459 2075 certe

146 2110 427 2181 Caesaris
468 2136 603 2178 non
642 2111 999 2177 obtinuisse
1044 2112 1345 2177 sciamus.
1422 2112 1562 2177 Nos
1603 2111 1864 2197 quidem
1911 2115 2091 2196 (nam
2131 2113 2212 2179 ab
2251 2116 2458 2183 dicta-

143 2230 271 2287 tura
311 2220 621 2289 Caesaris
674 2244 950 2307 regnum
1005 2220 1329 2287 numerari
1384 2243 1502 2306 pro
1557 2231 1728 2285 certo
1781 2222 2116 2307 ponimus)
2177 2225 2459 2310 primum

142 2328 251 2395 hoc
296 2331 717 2417 colligemus,
782 2351 930 2395 cum
984 2317 1289 2415 quattuor
1342 2330 1493 2395 anni
1550 2339 1613 2393 et
1668 2341 1914 2416 septem
1969 2354 2224 2397 menses
2271 2336 2460 2419 regni

140 2440 324 2505 fuisse
390 2440 695 2505 dicantur
752 2460 961 2523 usque
1028 2440 1111 2504 ad
1151 2439 1312 2505 Idus
1372 2437 1564 2503 Mart.
1625 2438 1775 2503 anni
1827 2438 1938 2515 44,
2007 2461 2137 2503 non
2195 2441 2461 2507 ineunte

143 2571 345 2615 mense
400 2548 577 2613 Iulio
637 2548 787 2612 anni
836 2548 915 2613 49
973 2548 1217 2613 factum
1274 2569 1417 2612 esse
1471 2547 1847 2613 dictatorem
1903 2544 2242 2614 Caesarem
2259 2596 2280 2629 ,
2343 2550 2460 2615 sed

142 2669 399 2723 exeunte
412 2682 431 2735 ;
496 2657 553 2721 si
612 2656 786 2721 enim
838 2656 921 2719 ad
980 2655 1352 2740 quindecim
1404 2654 1578 2732 dies,
1647 2678 1810 2739 quos
1855 2680 1894 2720 a
1931 2657 2082 2721 Kal.
2124 2681 2332 2742 usque
2375 2659 2460 2723 ad

140 2763 286 2829 Idus
329 2765 605 2831 Martias
660 2764 993 2850 regnavit,
1050 2764 1293 2849 aliquot
1345 2764 1773 2829 accessissent
1827 2766 2065 2828 mensis
2117 2766 2264 2829 Iulii
2310 2767 2461 2832 anni

143 2871 230 2949 49,
272 2884 419 2939 octo
466 2874 685 2960 potius
728 2896 923 2959 quam
970 2883 1214 2959 septem
1256 2895 1510 2937 menses
1556 2881 2067 2936 numerarentur.
2149 2873 2288 2939 Nec
2325 2898 2460 2939 ma-

142 2981 231 3067 gis
271 2984 341 3047 in
382 2992 733 3049 exeuntem
768 2982 1149 3068 Augustum
1192 2980 1548 3045 dictaturae
1588 2979 1842 3045 initium
1882 2980 2143 3059 incidit3
2189 3006 2338 3047 nam
2373 2983 2464 3049 ita

143 3114 243 3156 sex
284 3093 485 3158 modo
530 3092 717 3177 regni
760 3113 1017 3157 menses
1055 3090 1229 3175 pleni
1269 3099 1524 3175 praeter
1559 3099 1863 3173 quattuor
1898 3112 2099 3153 annos
2137 3091 2460 3177 relinque-

140 3211 369 3267 rentur.
464 3200 689 3283 Quare
734 3209 1007 3264 exeunte
1046 3220 1267 3263 mense
1305 3197 1474 3263 Iulio
1517 3198 1620 3263 vel
1655 3197 1920 3263 ineunte
1959 3196 2268 3285 Augusto
2311 3200 2461 3264 anni

143 3308 211 3374 49
269 3308 519 3375 Caesar
575 3307 851 3373 dictator
903 3307 1113 3371 factus
1170 3306 1253 3370 sit
1310 3329 1576 3373 necesse
1635 3318 1751 3371 est.
1861 3304 2032 3372 Cum
2081 3306 2202 3372 hac
2245 3318 2461 3375 autem

139 3417 614 3483 ratiocinatione
656 3438 821 3501 quae
862 3414 945 3480 ab
984 3414 1409 3500 scriptoribus
1454 3415 1820 3490 traduntur,
1869 3438 2136 3502 prorsus
2179 3440 2462 3503 congru-

140 3538 266 3601 unt,
308 3536 373 3590 et
414 3525 505 3589 ita
544 3534 933 3611 congruunt,
978 3535 1050 3587 ut
1090 3522 1201 3588 illa
1239 3523 1427 3588 etiam
1469 3524 1832 3588 accuratius
1875 3524 2237 3589 definiatur.
2325 3522 2461 3590 Sed

139 3629 287 3697 illud
332 3632 519 3719 prius
565 3633 1005 3716 quaerendum
1046 3641 1164 3708 est,
1210 3630 1566 3696 dictaturae
1606 3632 1918 3716 regnique
1958 3632 2213 3695 initium
2253 3632 2334 3696 ab
2380 3655 2456 3697 eo

144 3740 263 3816 die,
304 3764 437 3825 quo
478 3741 735 3806 decreta
768 3752 887 3817 est,
937 3762 1019 3805 an
1054 3740 1136 3806 ab
1180 3763 1277 3817 ec,
1322 3764 1451 3825 quo
1499 3723 1742 3806 Caesar
1777 3740 2020 3826 recepit
2053 3739 2460 3827 insigniaque

149 3848 279 3915 eius
322 3851 699 3935 usurpavit,
757 3858 1165 3925 numeretur3
1232 3859 1579 3933 utrumque
1627 3849 1798 3914 enim
1844 3848 2202 3915 rectissime
2251 3858 2462 3933 potest

148 3958 433 4043 cogitari.
496 3959 636 4023 Iam
674 3957 959 4043 insignia
998 3956 1349 4022 dictaturae
1378 3956 1632 4021 Caesar·
1659 3957 1918 4022 videtur
1945 3956 2300 4042 sumpsisse
2330 3978 2459 4021 non

150 4067 318 4149 prius
385 4088 578 4151 quam
639 4063 973 4151 Hispaniis
1031 4063 1449 4148 Massiliaque
1521 4064 1710 4131 victis
1784 4066 1868 4130 ad
1939 4064 2168 4131 urbem
2239 4063 2451 4129 rediit.

150 4171 299 4239 Nam
346 4187 411 4241 et
448 4174 787 4261 Appianus
831 4172 979 4237 bell.
1018 4171 1141 4237 civ.
1182 4172 1271 4249 11,
1314 4173 1395 4238 48
1438 4172 1522 4237 de
1564 4172 1884 4237 dictatura
1923 4172 2064 4237 eius
2101 4172 2278 4248 dicit,
2319 4194 2460 4237 eam

152 4302 259 4365 per
305 4282 609 4349 undecim
654 4282 795 4347 dies
841 4290 1090 4368 gestam
1135 4302 1278 4346 esse
1334 4283 1457 4369 (tot
1499 4290 1714 4345 autem
1757 4302 1824 4344 se
1867 4279 1935 4343 in
1974 4279 2134 4344 urbe
2181 4300 2458 4343 commo-

152 4400 351 4459 ratum
396 4414 537 4459 esse
582 4391 721 4479 ipse
761 4390 849 4455 ait
888 4387 1036 4455 bell.
1083 4389 1205 4455 civ.
1244 4389 1368 4467 111,
1409 4388 1552 4473 22),
1601 4410 1722 4455 nec
1762 4387 2160 4455 dissimiliter
2201 4386 2459 4453 Plutar-
