2917 5017
803 318 887 366 De
926 317 1299 381 propagatione
1339 318 1557 367 civitatis
1591 317 1875 367 Romanae.
2134 363 2137 365 ,
2376 314 2499 381 359

135 479 606 547 retinentibus
645 480 926 568 placuit:
971 490 1106 545 tota
1145 500 1250 543 res
1293 488 1583 543 veterum
1632 489 2021 558 senatorum,
2067 482 2178 567 qui
2220 482 2499 549 honores

141 610 322 651 suos
396 590 650 674 vulgari
709 588 980 662 nollent,
1029 584 1274 650 invidia
1330 585 1629 653 discussa
1683 600 1798 652 est.
1884 587 1991 654 Cf.
2044 591 2232 655 etiam
2284 591 2500 657 Valer.

137 694 351 760 Max.
388 698 504 774 VI,
545 699 604 773 4,
655 701 708 773 1,
751 697 925 782 apud
964 716 1155 779 quem
1197 704 1410 759 tamen
1449 705 1737 781 tempora
1777 696 2196 782 hominesque
2231 700 2503 785 turpiter

141 805 686 870 confunduntur.

341 912 540 993 Quae
583 935 727 977 eum
770 913 860 977 ita
905 913 1051 988 sint,
1109 912 1477 977 Latinitatis
1535 911 1659 975 hoc
1708 911 1813 976 ius
1869 913 2074 978 fuisse
2122 914 2499 1000 reperimus,

141 1030 244 1093 ut,
299 1020 370 1083 si
414 1019 526 1105 qui
569 1020 837 1085 Romam
883 1021 1292 1105 migrassent,
1351 1019 1432 1083 iis
1480 1019 1561 1084 ab
1616 1018 1990 1084 censoribus
2050 1021 2287 1086 tribum
2330 1024 2500 1087 acci-

137 1148 316 1211 pere
386 1140 578 1211 atque
643 1128 948 1213 optimam
1011 1127 1334 1191 civitatem
1396 1125 1752 1191 Romanam
1810 1149 1958 1191 cum
2020 1129 2161 1193 iure
2209 1130 2502 1216 suffragii

141 1245 210 1296 et
251 1234 588 1300 honorum
629 1235 1032 1300 coniunctam
1081 1234 1389 1318 consequi
1426 1234 1667 1311 liceret,
1710 1246 1784 1299 ut
1826 1247 1889 1299 et
1924 1236 1988 1300 in
2024 1247 2317 1303 senatum
2356 1262 2500 1323 per-

143 1343 468 1407 venirent
523 1356 587 1408 et
633 1365 916 1409 summos
957 1342 1238 1406 honores
1283 1341 1825 1429 adipiscerentur:
1881 1344 1935 1409 si
1979 1345 2090 1429 qui
2133 1346 2201 1409 in
2244 1346 2497 1431 oppidis

147 1451 304 1514 suis
355 1462 706 1528 manerent,
755 1451 1049 1535 quamvis
1095 1451 1197 1515 vel
1244 1450 1727 1535 magistratibus
1772 1452 2075 1537 gerendis
2120 1454 2223 1519 vel
2263 1454 2499 1540 opibus

151 1582 232 1623 ac
279 1559 532 1623 virtute
577 1559 984 1650 excellerent,
1035 1570 1245 1623 tamen
1293 1558 1663 1625 inferiorem
1715 1570 1959 1624 tantum
2006 1561 2328 1627 civitatem
2365 1562 2499 1628 Ro-

147 1690 426 1733 manam
463 1667 825 1733 obtinerent
867 1688 1076 1751 neque
1120 1680 1231 1730 aut
1266 1667 1348 1729 ad
1387 1667 1699 1753 suffragia
1740 1680 1851 1731 aut
1876 1669 1959 1732 ad
2001 1668 2275 1735 honores
2316 1692 2499 1735 sena-

147 1776 368 1839 torios
421 1776 766 1862 ipsumque
811 1787 1105 1841 senatum
1143 1776 1653 1841 admitterentur.
1720 1775 2041 1840 Iniustum
2075 1776 2195 1842 hoc
2224 1780 2499 1844 fortasse
2551 1834 2559 1841 .

149 1884 565 1968 quibusdam
629 1908 770 1951 esse
827 1884 1142 1962 videatur,
1195 1884 1309 1949 sed
1370 1893 1584 1949 tamen
1628 1896 1691 1949 et
1736 1894 1983 1949 certum
2030 1897 2128 1975 est
2172 1897 2234 1949 et
2274 1887 2499 1951 mode-

153 1994 420 2057 ratione
449 2016 788 2058 censorum
810 1994 1112 2058 effectum
1149 2016 1293 2059 esse
1335 1992 1632 2069 arbitror,
1674 2004 1747 2056 ut
1784 2017 1912 2058 non
1948 2006 2118 2059 esset
2154 1995 2497 2061 iniustum:

157 2100 412 2184 quibus
467 2124 616 2166 cum
656 2102 1012 2167 viderimus
1057 2103 1325 2169 liberam
1371 2103 1535 2166 hanc
1581 2112 1956 2186 potestatem
2002 2126 2145 2169 esse
2190 2105 2498 2181 relictam,

157 2220 393 2273 utrum
471 2211 830 2295 reciperent
881 2210 950 2274 in
1023 2211 1230 2275 tribus
1296 2211 1621 2275 Romanas
1682 2211 1951 2275 Latinos
2008 2234 2089 2276 an
2142 2234 2272 2277 non
2336 2214 2499 2277 reci-

159 2328 418 2403 perent,
476 2318 627 2383 olim
690 2319 972 2403 quidem,
1032 2342 1180 2385 cum
1240 2342 1436 2405 parva
1496 2319 1655 2385 urbs
1722 2330 1893 2383 esset
1958 2343 2227 2407 eamque
2284 2322 2500 2386 multi-

165 2426 400 2491 tudine
462 2427 793 2491 hominum
850 2428 1076 2514 augeri
1136 2427 1296 2492 utile
1357 2428 1830 2493 existimaretur
1886 2450 2029 2493 esse
2080 2430 2497 2516 reipublicae,

164 2535 408 2599 multos
449 2535 813 2621 promiscue
859 2556 1006 2613 cum
1049 2558 1282 2618 magna
1325 2535 1631 2601 facilitate
1674 2549 1965 2621 receptos
1994 2559 2137 2603 esse
2168 2538 2496 2602 existimo:

161 2652 338 2727 post,
384 2643 498 2708 ubi
545 2643 926 2728 magnitudo
966 2642 1110 2727 ipsa
1151 2640 1334 2707 urbis
1371 2644 1639 2708 molesta
1686 2646 1790 2709 vel
1834 2644 2195 2731 periculosa
2228 2645 2499 2710 habere-

161 2761 293 2826 tur,
346 2750 556 2816 cautio
599 2772 834 2837 magna
879 2774 918 2815 a
956 2749 1331 2815 censoribus
1370 2752 1818 2829 adhibebatur,
1860 2776 1940 2817 ne
1982 2753 2209 2839 inopes
2246 2754 2498 2838 recipe-

164 2872 334 2924 rent.
411 2859 512 2924 Ita
563 2859 621 2923 si
663 2858 822 2943 quid
861 2858 928 2922 in
966 2858 1112 2943 lege
1157 2869 1291 2921 erat
1331 2858 1707 2942 iniquitatis,
1752 2860 1821 2923 id
1860 2860 2357 2945 magistratuum
2396 2883 2499 2925 sa-

164 2966 412 3053 pientia
469 2966 830 3032 tollebatur.
919 2966 1145 3051 Neque
1205 2967 1374 3031 enim
1419 2966 1764 3051 quicquam
1823 2979 1941 3044 est,
1987 2968 2161 3051 quod
2208 2990 2339 3043 eos,
2386 2968 2499 3053 qui

169 3074 296 3139 iam
365 3073 540 3138 domi
591 3076 766 3139 cives
815 3073 969 3139 facti
1030 3086 1240 3151 erant,
1287 3075 1543 3139 facilius
1598 3076 1664 3139 in
1710 3074 1937 3141 urbem
1990 3075 2309 3141 admissos
2354 3098 2499 3139 esse

171 3196 484 3267 putemus
542 3206 736 3267 quam
795 3205 925 3260 eos,
979 3183 1092 3268 qui
1147 3182 1497 3274 Latinitate
1550 3184 1693 3269 ipsa
1733 3194 2097 3259 uterentur,
2150 3182 2275 3248 nisi
2322 3182 2499 3268 quod

171 3291 324 3357 illos
367 3290 700 3377 probabile
743 3301 842 3355 est
879 3291 1014 3355 fere
1053 3291 1258 3357 fuisse
1298 3291 1652 3367 divitiores,
1696 3292 1815 3357 hos
1842 3292 2277 3379 pauperiores.
2334 3289 2499 3354 Nam

174 3400 290 3484 qui
337 3422 418 3465 ex
463 3397 718 3463 Latinis
761 3398 1008 3463 incolae
1049 3410 1297 3492 tantum
1344 3410 1525 3464 erant
1561 3399 1805 3463 Romae
1845 3400 1889 3463 i.
1913 3422 1967 3464 e.
1996 3399 2107 3484 qui
2134 3422 2264 3463 non
2289 3409 2498 3463 trans-

179 3508 532 3594 migrarant
587 3530 668 3573 ex
723 3507 980 3594 oppidis
1025 3508 1162 3573 suis
1204 3530 1324 3573 nec
1368 3508 1610 3572 tribum
1651 3518 2045 3593 acceperant,
2092 3507 2229 3572 sive
2270 3507 2317 3571 ii
2362 3506 2495 3592 pri-

178 3627 386 3680 vatam
431 3615 706 3681 civitatis
751 3616 1074 3681 Romanae
1116 3626 1363 3701 partem
1406 3614 1747 3691 habebant,
1806 3616 1941 3681 sive
1982 3638 2111 3679 non
2154 3614 2496 3691 habebant,

179 3725 528 3809 aequaliter
581 3723 870 3807 utrisque
929 3746 1058 3788 non
1111 3724 1260 3809 plus
1315 3744 1509 3807 quam
1552 3746 1682 3787 una
1723 3724 1931 3790 tribus
1986 3723 2261 3809 patebat,
2302 3746 2498 3807 quam

175 3832 354 3897 initio
393 3832 804 3897 comitiorum
849 3846 1019 3898 sorte
1065 3833 1326 3896 ductam
1381 3831 1809 3917 omnibusque
1852 3831 2277 3896 communiter
2314 3830 2497 3895 Lati-

177 3940 274 4005 nis
323 3950 611 4026 apertam
653 3962 796 4005 esse
841 3940 1292 4007 intelleximus.
1387 3938 1599 4005 Cuius
1642 3940 1737 4004 rei
1782 3950 2237 4025 argumentum
2281 3960 2361 4003 ex
2401 3950 2497 4001 ta-

183 4045 366 4113 bulae
401 4048 824 4115 Malaeitanae
860 4049 1026 4125 loco,
1073 4049 1186 4133 qui
1233 4070 1428 4134 supra
1470 4071 1534 4133 p.
1574 4047 1691 4112 ‘291
1744 4046 2099 4132 explicatus
2142 4057 2261 4122 est,
2296 4045 2500 4133 repeti

183 4169 423 4239 potest:
467 4156 536 4220 in
577 4179 708 4241 qua
754 4179 904 4222 cum
941 4156 1190 4222 incolae
1239 4169 1302 4221 et
1341 4156 1452 4240 qui
1492 4155 1667 4221 cives
1708 4154 1980 4220 Romani
2023 4167 2087 4220 et
2128 4154 2242 4239 qui
2280 4152 2499 4217 Latini

189 4276 351 4340 sunt,
393 4264 458 4328 in
505 4274 636 4329 un'a
685 4287 851 4350 quae
892 4276 1062 4330 sorte
1106 4264 1300 4329 ducta
1339 4275 1511 4329 esset
1554 4262 1729 4327 curia
1774 4264 2154 4349 suffragium
2186 4263 2355 4329 ferre
2396 4261 2497 4326 iu-

187 4368 474 4447 beantur,
523 4372 796 4437 similem
849 4372 1000 4437 olim
1041 4374 1284 4437 Romae
1327 4370 1679 4437 incolarum
1723 4372 2031 4437 rationem
2072 4371 2276 4437 fuisse
2319 4369 2498 4435 colli-
