2917 5017
810 337 892 386 De
928 336 1295 400 propagatione
1330 337 1549 386 civitatis
1578 337 1861 389 Romanae.
2368 336 2485 401 351

188 521 328 563 men
389 500 446 563 ei
505 499 695 564 datur
747 500 818 562 de
874 499 1104 561 civibus
1163 500 1458 579 regundis
1516 494 1687 574 (Cic.
1732 521 1794 584 p.
1838 496 2035 568 Corn.
2086 503 2315 589 fragm.
2363 505 2491 588 10).

187 606 404 691 Neque
453 607 622 671 enim
667 606 909 671 scholia
945 603 1107 670 Bob.
1144 628 1208 691 p.
1251 603 1420 669 Sest.
1466 628 1527 689 p.
1576 606 1719 682 296,
1760 609 1827 671 16
1870 608 2109 692 quibus
2152 612 2492 698 negligen-

189 715 314 778 tius
359 714 667 800 scriptum
707 728 824 790 est,
865 714 1080 777 iussos
1125 736 1200 779 ea
1241 736 1386 777 esse
1429 714 1639 779 socios
1682 727 1745 778 et
1789 715 2055 782 Latinos
2096 720 2162 782 in
2200 720 2491 786 civitates

187 844 332 889 suas
373 823 604 899 redire,
649 824 738 887 ita
774 819 1356 907 interpretabimur,
1394 831 1471 884 ut
1506 822 1630 887 hoc
1676 823 1815 889 eius
1851 827 2269 912 praecipuum
2300 840 2495 914 caput

185 932 382 996 fuisse
441 944 762 1017 putemus.
845 930 1070 994 Fuerit
1124 929 1284 995 haec
1343 930 1529 1011 quasi
1588 933 1901 1015 quaedam
1958 933 2125 1019 legis
2182 937 2491 1013 accessi0,

185 1039 298 1103 sed
351 1040 770 1125 praecipuum
813 1039 1052 1114 fuisse,
1101 1059 1182 1101 ne
1238 1036 1350 1121 661
1397 1060 1523 1101 non
1574 1056 1787 1103 essent
1830 1041 2028 1118 cives,
2073 1064 2191 1127 pro
2239 1041 2492 1107 civibus

183 1169 250 1211 se
295 1160 608 1233 gererent,
659 1158 722 1211 et
768 1143 1000 1211 Cicero
1045 1166 1120 1209 eo
1166 1166 1360 1229 quem
1417 1146 1701 1212 diximus
1745 1148 1911 1226 loce,
1968 1163 2184 1236 aperte
2230 1151 2493 1226 indicat,

181 1266 242 1319 et
299 1277 417 1342 pro
457 1254 642 1320 Balb.
685 1255 756 1319 21
823 1276 902 1317 ex
963 1276 1040 1317 ea
1093 1252 1176 1317 de
1229 1252 1487 1319 civitate
1530 1257 1895 1339 quaesitum
1946 1280 2089 1323 esse
2142 1272 2375 1334 narrat,
2430 1270 2494 1323 et

179 1363 334 1427 ibid.
383 1364 463 1429 24
523 1363 698 1447 quod
744 1363 890 1447 lege
937 1361 1212 1426 Servilia
1257 1361 1370 1445 qui
1409 1383 1601 1444 quem
1645 1365 2147 1449 repetundarum
2192 1367 2491 1433 damnas-

181 1483 294 1547 set,
339 1472 596 1537 civitate
649 1468 1028 1545 donabatur,
1073 1469 1142 1533 id
1186 1491 1312 1533 non
1355 1471 1839 1555 reprehensum,
1882 1484 1947 1537 et
1988 1474 2267 1559 denique
2316 1476 2492 1541 simi-

176 1579 318 1643 liter
357 1580 539 1643 Brut.
593 1579 683 1644 16.
768 1578 1236 1643 Recentissima
1281 1588 1495 1643 autem
1538 1590 1635 1643 est
1677 1580 1782 1643 lex
1832 1580 2053 1666 Papia,
2110 1605 2276 1647 anno
2320 1582 2401 1649 65
2454 1608 2493 1649 a

179 1685 252 1751 C.
313 1688 518 1774 Papio
585 1687 746 1762 lata,
806 1685 951 1750 trib.
1009 1685 1216 1772 plebis
1239 1733 1256 1762 ,
1305 1707 1432 1770 quo
1494 1698 1779 1773 tempore
1844 1691 2311 1757 communicata
2370 1693 2493 1757 du-

177 1796 332 1859 dum
401 1818 547 1859 cum
607 1793 906 1859 omnibus
963 1794 1202 1858 Italicis
1257 1794 1515 1860 civitate
1558 1796 1849 1862 Romana
1892 1798 1975 1862 (16
2028 1798 2109 1862 118
2152 1800 2323 1875 80118,
2380 1802 2491 1886 661

175 1918 354 1968 extra
413 1904 662 1969 Italiam
721 1903 1113 1979 habitabant,
1170 1916 1390 1966 utrum
1455 1904 1635 1968 cives
1690 1904 1963 1971 Romani
2019 1920 2235 1972 essent
2290 1931 2491 1974 necne

176 2012 506 2097 agebatur.
584 2014 810 2097 Itaque
869 2012 1178 2096 scriptum
1221 2012 1287 2074 in
1332 2034 1407 2077 ea
1457 2012 1663 2077 fuisse
1708 2014 1797 2078 ait
1840 2014 1969 2077 Dio
2012 2016 2391 2093 XXXVII,
2428 2019 2489 2095 9,

175 2145 252 2185 ne
307 2122 456 2205 quis
515 2144 756 2195 eorum,
815 2120 926 2203 qui
977 2131 1132 2183 tunc
1185 2142 1304 2204 pro
1361 2122 1719 2206 peregrinis
1766 2122 2159 2189 haberentur
2198 2126 2240 2188 i.
2286 2149 2341 2189 e.
2380 2128 2493 2211 qui

176 2241 356 2294 extra
405 2228 654 2294 Italiam
707 2228 964 2293 oriundi
1009 2238 1244 2304 essent,
1287 2228 1354 2292 in
1398 2230 1561 2295 urbe
1614 2242 2001 2307 versaretur,
2047 2233 2223 2316 quod
2276 2234 2493 2318 ipsum

177 2351 370 2423 caput
411 2335 642 2403 Cicero
681 2336 724 2401 l.
765 2358 820 2400 6.
863 2335 1214 2420 improbat3
1262 2337 1376 2400 sed
1407 2347 1735 2422 praeterea
1770 2339 2087 2404 iudicium
2112 2362 2189 2405 ac
2214 2364 2489 2427 poenam

175 2447 520 2511 constituta
559 2468 702 2510 6886
745 2446 813 2509 in
853 2466 986 2519 608,
1025 2444 1135 2527 661
1167 2466 1294 2508 666
1333 2454 1507 2509 recte
1538 2443 1856 2511 civitatem
1883 2459 2290 2533 usurparent,
2316 2449 2487 2513 idem

174 2551 406 2620 Cicero
449 2553 788 2640 significat,
827 2554 938 2638 qui
984 2576 1124 2617 eam
1166 2552 1380 2637 legem
1423 2554 1489 2617 in
1532 2576 1729 2621 causa
1753 2553 2057 2632 Archiae,
2103 2558 2491 2623 Antiocheni

171 2684 410 2747 genere
461 2659 632 2748 (Cic.
703 2686 765 2747 p.
819 2661 1018 2726 Arch.
1069 2662 1139 2736 53
1203 2660 1402 2725 schol.
1454 2661 1618 2726 Bob.
1668 2686 1732 2749 p.
1776 2662 1952 2745 354),
1998 2674 2060 2728 et
2119 2664 2490 2729 Mamertini

155 2770 452 2843 ,hominis
510 2772 602 2855 (p.
660 2768 844 2834 Balb.
890 2770 1002 2851 23)
1063 2781 1128 2833 et
1181 2768 1460 2853 denique
1524 2768 1920 2835 Graecorum
1984 2772 2315 2837 hominum
2374 2773 2491 2855 (ad

170 2879 306 2943 Att.
353 2877 473 2955 IV,
527 2878 600 2943 16
653 2890 716 2941 et
755 2878 824 2941 in
868 2877 1042 2941 Rull.
1083 2876 1138 2953 I,
1179 2876 1248 2959 4)
1295 2890 1779 2955 commemorat3
1839 2879 2065 2943 eadem
2118 2904 2271 2945 num
2322 2904 2491 2947 nova

171 2987 492 3071 quaedem
521 2986 602 3050 de
639 2985 916 3062 civitate,
961 2985 1072 3069 qui
1111 2984 1394 3061 haberet,
1431 2984 1545 3069 qui
1578 3007 1704 3049 non
1744 2985 2027 3064 haberet,
2068 2990 2313 3055 sancita
2342 2990 2489 3067 sint,

168 3094 490 3159 incertum
513 3104 612 3157 est
629 3114 750 3158 nec
767 3092 942 3179 apud
962 3092 1177 3157 Valer.
1198 3092 1517 3170 Max.111,
1540 3093 1579 3157 5
1602 3092 1868 3178 Papiam
1890 3095 2103 3179 legem
2126 3097 2371 3163 librarii
2384 3099 2491 3163 vel

167 3202 388 3288 potius
428 3203 634 3288 ipsius
677 3201 1006 3287 scriptoris
1041 3201 1232 3286 culpa
1265 3214 1436 3265 recte
1476 3202 1788 3267 nominari
1813 3225 2035 3267 omnes
2062 3206 2490 3269 consentiunt.

346 3309 616 3376 Summa
655 3311 858 3397 igitur
900 3310 1354 3396 disputationis
1381 3323 1639 3376 nostrae
1671 3310 1799 3375 huc
1828 3311 2015 3388 redit,
2050 3313 2260 3398 legem
2287 3313 2491 3377 fuisse
2584 3336 2587 3341 ·

169 3434 232 3485 et
297 3432 675 3506 perpetuam
733 3424 970 3503 (neque
1027 3440 1102 3483 ea
1157 3417 1240 3482 de
1287 3440 1357 3483 re
1401 3418 1517 3501 qui
1570 3417 1846 3483 Liviana
1898 3417 2095 3483 verba
2146 3424 2247 3481 lex
2304 3420 2495 3481 dabat

167 3541 352 3593 recte
413 3550 489 3591 ac
547 3528 794 3593 sincere
845 3528 1388 3612 interpretaretur,
1448 3548 1733 3610 unquam
1780 3526 2077 3593 dubitare
2122 3524 2373 3607 debuit)
2428 3539 2493 3590 et

169 3649 492 3712 veterem,
551 3658 716 3721 quae
761 3635 1034 3710 Latinis,
1095 3634 1148 3699 81
1202 3633 1473 3698 Romam
1530 3634 1933 3719 migrassent,
1980 3634 2283 3720 optimam
2332 3635 2491 3699 civi-

169 3755 368 3810 tatem
427 3744 698 3829 adipisci
755 3743 1184 3829 permitteret,
1230 3741 1334 3806 vel
1389 3741 1605 3827 potius
1660 3763 1788 3806 non
1840 3742 2230 3829 peculiarem
2284 3742 2367 3807 de
2414 3765 2491 3806 eo

169 3853 313 3917 iure
349 3853 562 3939 legem
608 3875 750 3917 esse
789 3852 1004 3927 latam,
1051 3850 1164 3915 sed
1209 3850 1414 3913 fuisse
1463 3848 1633 3913 illam
1684 3850 1913 3935 ipsam,
1957 3872 2087 3934 qua
2136 3849 2288 3914 olim
2343 3871 2492 3915 cum

169 3960 428 4025 Latinis
464 3960 694 4025 foedus
737 3959 971 4024 initum
1007 3969 1125 4023 est.
1219 3956 1354 4021 Sed
1395 3956 1559 4021 illud
1602 3959 1951 4024 tenendum
1996 3969 2115 4034 est,
2156 3980 2493 4023 censuram

170 4068 570 4133 intercedere
613 4066 998 4155 oportuisse,
1041 4086 1170 4149 qua
1213 4063 1489 4142 Latinis,
1530 4066 1643 4150 qui
1688 4077 1875 4131 antea
1910 4066 2083 4131 tribu
2112 4066 2491 4144 caruissent,

173 4188 351 4242 certa
389 4175 618 4253 tribus,
667 4176 734 4239 in
777 4196 906 4258 qua
947 4172 1330 4258 suffragium
1358 4172 1619 4250 ferrent,
1648 4175 2103 4262 assignaretur.
2178 4175 2342 4240 Nam
2368 4174 2491 4241 hoc

171 4286 398 4369 utique
443 4284 628 4349 addit
667 4281 923 4355 Livius,
969 4303 1198 4347 censos
1249 4303 1362 4345 608
1403 4283 1732 4368 accepisse
1774 4281 2117 4360 civitatem,
2156 4305 2494 4349 censorum

173 4404 460 4481 tempore
503 4392 616 4477 qui
659 4413 776 4478 pro
821 4388 1072 4455 civibus
1114 4387 1412 4466 habendi,
1461 4390 1572 4475 qui
1616 4413 1747 4457 non
1788 4392 2070 4459 habendi
2098 4404 2332 4468 essent,
2379 4394 2495 4459 de-
