2917 5017
455 388 580 453 248
1121 387 1203 435 De
1241 386 1503 435 dictatoris
1542 382 1777 433 Caesaris
1815 382 2109 431 honoribus.

455 554 546 619 ait
603 553 811 617 videri
869 572 1018 616 eum
1073 547 1469 634 praefectum
1532 544 1757 609 classis
1824 540 2247 608 Caesarianae
2298 540 2524 615 fuisse,
2588 538 2777 603 cuius
2866 558 2868 629 5

459 661 812 727 sententiae
866 658 1086 723 nescio
1138 667 1358 719 utrum
1409 653 1612 717 maior
1666 674 1859 717 causa
1918 651 2000 714 sit
2024 646 2225 725 baec,
2246 661 2253 667 '
2278 646 2455 733 quod
2498 645 2779 711 Eckhel.

459 769 523 835 V
570 792 636 855 p.
695 769 767 834 17
775 769 813 832 4
868 786 1166 831 nummos
1217 763 1364 827 illos
1421 773 1603 826 extra
1654 760 1925 823 Romam
1976 778 2320 842 percussos
2364 778 2509 821 esse
2567 753 2783 819 videri
2866 764 2868 789 ³

460 876 705 953 scribit,
769 876 839 939 id
889 872 1064 958 quod
1121 892 1350 956 parum
1414 869 1603 933 certis
1660 864 2055 952 argumentis
2100 865 2293 930 statui
2334 864 2653 948 intellige,
2705 884 2785 925 an

455 985 588 1061 illa,
632 984 809 1069 quod
844 982 1205 1063 praefectus
1249 987 1501 1041 tantum
1542 975 1917 1062 appellatur.
2006 971 2139 1037 Sed
2186 971 2241 1035 si
2288 970 2789 1057 municipalium

458 1094 950 1179 praefectorum,
1009 1086 1120 1172 qui
1179 1108 1260 1151 ex
1308 1085 1410 1151 his
1455 1086 1577 1150 orti
1632 1093 1802 1158 sunt,
1850 1079 2334 1147 similitudinem
2380 1079 2565 1163 sequi
2610 1079 2790 1153 licet,

461 1199 788 1286 propriam
827 1198 1060 1261 horum
1118 1192 1609 1279 appellationem
1654 1192 1944 1257 dicemus
1998 1188 2201 1253 fuisse
2232 1190 2601 1269 pra-effectus
2642 1186 2797 1247 urbi

461 1313 595 1370 iuri
628 1308 914 1381 dicunda,
961 1315 1150 1387 atque
1193 1314 1268 1385 ut
1309 1302 1377 1365 in
1415 1301 1543 1365 illis
1588 1300 1764 1385 quod
1810 1311 1908 1363 est
1950 1301 2087 1359 iuri
2123 1298 2411 1370 diomede,
2446 1294 2790 1369 omittitur,

459 1416 551 1480 ita
570 1416 639 1479 hi
664 1437 795 1479 non
821 1414 1034 1478 minus
1057 1410 1365 1497 praefecti
1393 1420 1643 1474 tantum
1664 1408 1978 1471 nominari
2000 1428 2194 1491 posse
2218 1404 2540 1469 videntur.
2568 1400 2793 1466 Classi

459 1534 676 1588 autem
722 1521 949 1586 dubito
992 1543 1150 1584 num
1193 1516 1471 1583 Caesare
1512 1516 1820 1581 dictatore
1858 1514 2218 1601 peculiares
2248 1512 2579 1598 praefecti,
2626 1532 2793 1595 qua·
2866 1540 2868 1577 ᾗ

461 1632 556 1697 les
604 1640 829 1716 postea
887 1652 926 1693 a
969 1627 1232 1691 IIIviris
1284 1625 1527 1711 imponi
1586 1622 1894 1700 solebant,
1940 1620 2369 1707 praefuerint:
2412 1619 2576 1683 nulli
2620 1629 2797 1682 certe
2866 1672 2868 1705 ᾗ

465 1738 572 1803 alii
618 1738 752 1801 noti
799 1746 966 1801 sunt.
1045 1734 1308 1798 Tertius
1357 1742 1572 1797 autem
1616 1730 1981 1817 praefectus
2026 1739 2202 1793 certo
2246 1728 2667 1811 cognoscitur
2715 1725 2798 1789 L.
2866 1720 2868 1727 ²

462 1846 802 1912 Livineius
859 1843 1190 1929 Regulus,
1245 1841 1358 1925 qui
1417 1841 1485 1903 in
1538 1838 1818 1902 nummis
1886 1836 2061 1923 apud
2108 1834 2381 1899 Eckhe'l.
2437 1834 2499 1901 V
2558 1859 2620 1919 p.
2668 1834 2799 1898 ‘235
2866 1856 2868 1903 5

473 1954 831 2041 appellatur
884 1950 1207 2016 PRAEF·
1248 1950 1398 2025 UR,
1453 1970 1645 2032 quem
1710 1968 1943 2011 censeo
2000 1968 2143 2011 esse
2200 1943 2499 2019 eundem,
2558 1942 2675 2027 qui
2732 1943 2803 2006 in
2866 1952 2868 2023 5

470 2061 620 2127 bell.
657 2061 861 2125 Afric.
891 2060 972 2125 89
1011 2058 1253 2143 legioni
1281 2067 1577 2121 narratur
1611 2056 1991 2142 praefuisse,
2032 2077 2109 2119 ac
2144 2054 2249 2118 vel
2292 2054 2435 2139 ipse
2474 2052 2579 2116 vel
2610 2063 2807 2137 pater
2866 2042 2868 2089 ἕ

465 2170 606 2234 eius
653 2190 692 2231 a
739 2164 1052 2232 Cicerone
1097 2166 1181 2229 ad
1223 2165 1362 2229 Att.
1409 2166 1534 2238 III,
1585 2166 1659 2230 17
1718 2164 1831 2249 (cf.
1876 2164 2062 2247 epist.
2110 2163 2311 2237 XIII,
2353 2162 2463 2241 59)
2510 2182 2805 2225 comme·
2866 2176 2868 2221 3

473 2286 774 2343 moratur.
865 2273 1124 2357 Reliqui
1185 2272 1296 2356 qui
1351 2270 1432 2335 ab
1493 2272 1944 2357 Havercampo
1987 2271 2055 2335 in
2100 2270 2274 2335 hunc
2322 2269 2811 2356 praefectorum
2866 2314 2868 2341 5

467 2407 809 2449 numerum
879 2382 1106 2448 referri
1179 2380 1503 2456 solebant,
1572 2380 1654 2463 Q.
1710 2379 1969 2466 Oppius
2034 2378 2333 2459 (Eckhel.
2390 2377 2451 2442 V
2510 2399 2578 2462 p.
2636 2374 2811 2451 2643

465 2491 710 2558 Caved.
761 2493 802 2556 l.
859 2492 900 2555 l.
959 2514 1024 2576 p.
1087 2490 1272 2572 152),
1331 2490 1413 2553 L.
1474 2487 1857 2565 Norbanus,
1914 2488 1996 2552 L.
2051 2484 2313 2553 Cestius
2370 2484 2691 2572 (Eckhel.
2754 2484 2809 2546 V
2866 2498 2868 2562 5

465 2623 528 2684 p.
575 2600 723 2683 169)
768 2621 917 2663 cum
957 2608 1205 2663 tantum
1242 2596 1378 2661 PR.
1419 2597 1851 2674 nominentur,
1889 2620 2099 2681 neque
2127 2597 2325 2661 ullam
2355 2604 2598 2659 certam
2636 2604 2817 2658 tem·
2866 2614 2868 2627 ²

464 2708 642 2793 poris
691 2706 1220 2792 significationem
1261 2705 1330 2769 in
1373 2706 1655 2769 nummis
1702 2703 2065 2782 exhibeant,
2110 2728 2191 2770 an
2216 2704 2431 2790 potius
2462 2714 2819 2789 praetores

466 2815 725 2891 fuerint,
790 2814 1200 2879 vehementer
1255 2814 1687 2879 dubitandum
1749 2836 1893 2877 esse
1957 2814 2273 2879 existimO.
2342 2812 2511 2877 Nam
2568 2824 2638 2876 et
2700 2814 2819 2897 qui
2866 2834 2868 2863 ε

469 2922 626 2987 certi
693 2932 844 2987 sunt
900 2943 982 2986 ex
1035 2921 1160 2987 hoc
1225 2924 1697 3007 praefectorum
1759 2944 2025 3007 genere,
2091 2920 2395 2988 PRAEF
2458 2920 2679 2984 solent
2750 2921 2817 2984 in

473 3025 756 3094 nummis
799 3029 945 3106 dici,
989 3041 1052 3095 et
1091 3026 1176 3095 A.
1216 3030 1495 3108 Hirtius,
1538 3032 1649 3115 qui
1692 3031 1846 3095 item
1875 3030 2036 3105 PR„
2080 3029 2195 3093 sed
2223 3025 2505 3093 Caesare
2534 3049 2679 3093 cos.
2710 3031 2819 3095 111
2866 3074 2868 3129 Ι

469 3139 828 3224 appellatur
869 3138 1171 3220 (Eckhel.
1215 3137 1276 3202 V
1315 3162 1380 3224 p.
1409 3139 1533 3204 224
1578 3150 1641 3203 et
1672 3139 1772 3204 VI
1807 3163 1871 3225 p.
1899 3139 1970 3220 7)
2016 3137 2152 3202 sine
2197 3137 2401 3202 dubio
2442 3137 2571 3202 fuit
2616 3160 2817 3222 prae-
2866 3132 2868 3209 5

471 3258 593 3322 tor,
640 3256 978 3330 propterea
1033 3245 1210 3329 quod
1255 3258 1509 3331 praeter
1558 3269 1795 3311 annum
1843 3248 1923 3312 45
1968 3246 2149 3324 nulli,
2199 3246 2510 3330 quamdiu
2556 3243 2816 3312 Caesar
2866 3234 2868 3251 ³

471 3353 788 3439 regnavit,
834 3352 1142 3437 praefecti
1185 3353 1471 3417 fuerunt.

641 3458 984 3545 Superest,
1042 3471 1115 3524 ut
1173 3461 1254 3525 de
1315 3484 1446 3525 una
1506 3471 1817 3547 potestate
1869 3459 2134 3527 Caesari
2192 3461 2451 3527 decreta
2506 3462 2805 3529 dicamus
2866 3510 2868 3529 2

473 3560 1054 3653 expositisque’iis,
1100 3590 1266 3653 quae
1296 3568 1378 3632 ad
1411 3580 1661 3635 veteres
1701 3568 2095 3654 reipublicae
2128 3572 2404 3635 honores
2434 3574 2803 3637 cumulatos

470 3676 810 3762 pertinent,
857 3675 938 3740 de
983 3698 1059 3740 eo
1105 3677 1533 3763 disputemus,
1598 3678 1775 3761 quod
1834 3699 2073 3742 novum
2118 3687 2275 3743 tunc
2311 3679 2652 3745 inventum
2708 3693 2803 3746 est
2866 3684 2868 3749 3

473 3794 858 3867 auctumque
901 3782 985 3847 ad
1031 3784 1310 3867 reliquos
1350 3784 1763 3871 imperatores
1809 3786 1899 3849 ita
1936 3788 2206 3863 transiit,
2253 3796 2327 3852 ut
2362 3788 2571 3853 solum
2598 3813 2800 3875 prope
2866 3822 2868 3837 =

471 3890 943 3976 imperatoriam
985 3892 1332 3976 potentiam
1377 3893 1631 3959 efficere
1673 3894 2007 3959 videretur
2019 3894 2103 3977 *).
2186 3894 2463 3980 Reliqua
2506 3920 2675 3981 quae
2723 3898 2801 3961 de
2866 3936 2868 3981 }

471 3999 612 4063 aliis
650 3997 1004 4063 honoribus
1047 3998 1174 4063 diei
1215 4014 1507 4085 possunt,
1550 4002 1673 4067 hoc
1708 4002 1853 4067 loco
1895 4005 2395 4087 praetermittere
2435 4005 2803 4083 statuimus,
2866 4002 2868 4005 ⁴

609 4158 659 4218 ²⁶¹)
696 4159 841 4207 Haec
877 4174 1008 4221 quae
1056 4161 1118 4208 de
1167 4159 1528 4223 imperatorum
1578 4164 1849 4213 tribunicia
1886 4170 2144 4227 potestate
2193 4162 2377 4213 Latine
2408 4166 2507 4214 hoc
2542 4166 2659 4216 loco
2702 4170 2801 4216 dis-

472 4249 841 4307 putaveramus‚
895 4237 1192 4289 Germanice
1236 4241 1388 4289 etiam
1437 4245 1768 4305 exposuimus
1814 4246 1869 4293 in
1912 4243 2057 4293 Actis
2096 4252 2372 4295 conventus
2419 4247 2801 4310 philologorum

471 4322 888 4372 Vindobonensis
921 4320 1041 4369 anni
1078 4317 1210 4371 1858
1248 4336 1296 4384 p.
1336 4320 1435 4371 102
1461 4339 1538 4386 sq.
1601 4324 1773 4374 Habet
1810 4332 1983 4374 tamen
2022 4332 2239 4389 utraque
2276 4326 2555 4390 disputatio
2595 4331 2799 4394 propria

476 4404 741 4465 quaedam,
785 4415 939 4464 quare
993 4402 1087 4451 etsi
1139 4400 1444 4451 Germanica
1494 4404 1585 4453 illa
1632 4405 1771 4454 edita
1812 4414 1943 4466 sunt,
1985 4413 2154 4455 tamen
2204 4406 2393 4457 Latina
2438 4424 2641 4474 quoque
2678 4412 2801 4461 haec

479 4497 540 4531 eo
575 4482 708 4543 1000,
745 4483 822 4529 cui
858 4482 1044 4545 scripta
1084 4491 1242 4543 erant,
1278 4484 1481 4547 prodire
1516 4484 1783 4535 voluimus.
