2917 5017
453 385 576 455 358
1079 388 1160 437 De
1192 388 1565 452 propagatione
1606 387 1825 437 civitatis
1859 385 2142 439 Romanae.

445 562 659 637 patres
720 556 1095 634 legerentur,
1167 559 1526 631 conquestus
1595 558 1756 624 esset,
1816 550 2112 629 explendi
2164 559 2418 613 senatus
2478 572 2673 614 cama
2728 559 2785 610 et

453 662 763 743 iungendi
800 662 1005 721 artius
1052 660 1280 719 Latini
1317 660 1589 722 nominis
1638 680 1779 719 cum
1808 660 2039 738 populo
2084 660 2367 720 Romano
2412 678 2781 737 magnopere

452 792 512 831 se
541 771 796 831 suadere
838 770 1020 841 detavit,
1059 776 1133 828 ut
1171 790 1248 829 ex
1285 770 1553 847 singulis
1585 769 1833 847 populis
1859 769 2237 827 Latinorum
2284 766 2448 827 bimis
2486 769 2781 826 senatori-

453 877 579 951 bus,
627 880 684 938 si
726 884 940 956 patres
995 878 1270 937 Romani
1321 878 1713 950 censuissent,
1766 876 1983 936 civitas
2026 875 2285 935 daretur
2332 883 2525 952 atque
2574 876 2645 933 in
2692 874 2779 933 de-
2876 956 2878 965 ⁴

455 994 838 1047 mortuorum
884 987 1084 1047 locum
1129 986 1199 1043 in
1247 992 1529 1044 senatum
1576 985 1943 1061 legerentur.
2032 979 2182 1060 Quo
2223 980 2368 1045 loco
2418 978 2775 1044 cavendum

457 1102 578 1167 est,
627 1114 708 1157 ne
764 1091 851 1153 ita
891 1090 1254 1165 abutamur,
1301 1100 1375 1153 ut
1425 1089 1805 1155 Latinorum
1849 1098 2137 1152 veterum
2186 1086 2585 1151 decuriones
2632 1086 2776 1149 civi-

455 1211 582 1263 tate
625 1198 916 1263 Romana
957 1220 1226 1283 prorsus
1273 1197 1561 1262 caruisse
1613 1206 1951 1282 putemus:
1997 1218 2127 1279 quo
2168 1196 2225 1259 si
2264 1194 2636 1259 caruissent
2676 1194 2777 1269 illi,
2877 1204 2878 1207 ’

455 1313 575 1373 cur'
634 1330 714 1371 ex
778 1305 1238 1372 decurionibus
1303 1304 1711 1391 potissimum
1764 1303 1833 1367 in
1891 1315 2183 1367 senatum
2236 1302 2613 1368 Romanum
2660 1302 2783 1387 legi

454 1414 740 1491 iubebat,
801 1438 930 1481 non
997 1438 1078 1481 ex
1141 1414 1398 1500 oppidis
1458 1412 1759 1477 omnino?
1844 1410 2037 1475 Nunc
2099 1410 2487 1475 decuriones
2564 1410 2785 1474 ceteris

455 1523 708 1589 Latinis
761 1524 978 1608 aliquo
1032 1523 1194 1599 iure,
1253 1532 1520 1607 propter
1561 1520 1733 1605 quod
1782 1529 2009 1585 senatu
2053 1518 2345 1584 Romano
2402 1518 2595 1604 digni
2652 1541 2787 1583 esse

456 1630 850 1709 viderentur,
895 1630 1294 1718 praestitisse
1337 1629 1730 1716 putabimus.
1794 1628 2089 1712 Eamque
2132 1627 2217 1692 ob
2258 1648 2525 1692 causam
2560 1625 2787 1689 Livius

459 1738 720 1814 civium,
766 1761 847 1802 ex
883 1738 1120 1824 quibus
1165 1739 1229 1803 in
1277 1749 1571 1803 senatum
1613 1737 1745 1822 legi
1788 1746 2027 1820 posset,
2069 1735 2460 1822 paucitatem
2504 1757 2659 1799 esse
2690 1735 2787 1809 ait,
2876 1768 2878 1771 ⁴

455 1845 823 1932 intelligens
880 1846 1054 1912 cives
1113 1847 1302 1911 etiam
1345 1867 1511 1921 esse,
1568 1867 1649 1909 ex
1704 1843 1943 1929 quibus
2000 1844 2067 1907 in
2122 1856 2417 1909 senatum
2470 1844 2611 1930 legi
2670 1866 2789 1907 non

463 1954 704 2021 liceret.
785 1954 924 2019 Nec
966 1956 1033 2019 in
1075 1955 1349 2019 civitatis
1392 1952 1711 2021 vocabulo
1752 1952 2183 2029 haerebimus,
2219 1975 2348 2036 quo
2392 1952 2637 2017 Livius
2666 1974 2789 2027 θοε,

464 2063 576 2145 qui
618 2062 868 2147 privata
909 2063 1094 2148 quasi
1137 2064 1278 2129 eius
1319 2074 1501 2148 parte
1539 2072 1793 2125 utentes
1836 2060 2163 2146 publicam
2208 2071 2459 2125 tantum
2503 2083 2637 2125 non
2684 2060 2788 2123 ha·

463 2170 706 2246 berent,
749 2170 1085 2256 designat3
1150 2195 1296 2239 nam
1341 2192 1531 2256 saepe
1590 2167 1862 2235 eandem
1914 2179 2240 2252 tamquam
2292 2167 2789 2234 inconstantiam

458 2278 633 2363 apud
682 2289 934 2343 veteres
979 2280 1324 2366 scriptores
1381 2277 1737 2363 reperimus
1786 2276 2110 2362 (Madvig.
2160 2276 2242 2341 de
2288 2277 2495 2341 colon.
2541 2278 2689 2340 iure
2728 2276 2789 2338 in

460 2385 750 2470 opuscul.
789 2386 970 2451 acad.
1011 2388 1047 2451 I
1103 2410 1167 2474 p.
1208 2387 1382 2470 238).
1467 2384 1617 2449 Hoc
1666 2384 1926 2468 quidem
1968 2385 2111 2449 loco
2156 2406 2233 2449 eo
2274 2385 2490 2451 minus
2535 2394 2791 2469 pertur-

462 2492 778 2570 babimur,
821 2496 1000 2579 quod
1036 2494 1420 2559 decuriones
1466 2494 1656 2558 etiam
1700 2493 1913 2559 minus
1956 2494 2219 2580 proprio
2260 2506 2641 2560 senatorum
2680 2516 2797 2557 no-

462 2600 632 2667 mine
675 2614 894 2687 auget.
961 2600 1183 2683 Quare
1231 2603 1323 2667 sic
1369 2612 1752 2678 statuemus,
1794 2602 2176 2669 decuriones
2216 2603 2514 2679 Latinos,
2554 2601 2793 2687 quibus

461 2706 788 2775 Carvilius
833 2710 938 2775 ius
975 2711 1294 2777 honorum
1334 2710 1475 2774 dari
1522 2709 1799 2784 volebat,
1842 2710 2046 2775 fuisse
2091 2711 2258 2787 illos,
2300 2710 2414 2794 qui
2456 2732 2614 2775 cum
2662 2732 2791 2773 ma-

463 2818 842 2905 gistratibus
903 2818 1402 2905 municipalibus
1466 2817 1771 2903 gerendis
1826 2828 2069 2901 partem
2128 2818 2445 2903 privatam
2516 2818 2788 2883 civitatis

459 2925 788 2992 Romanae
845 2928 1096 2993 dudum
1149 2927 1570 3012 accepissent,
1628 2948 1880 2991 summo
1933 2938 2143 2993 tamen
2189 2926 2329 2991 iure
2374 2927 2445 2991 in
2498 2940 2787 2993 senatum

460 3034 825 3100 Romanum
869 3036 1288 3120 perveniendi
1337 3046 1656 3101 carerent:
1708 3037 2117 3101 consentiunt
2160 3034 2364 3121 igitur
2406 3035 2570 3103 haec
2610 3058 2788 3121 pror-

461 3166 574 3208 sus
619 3166 768 3209 cum
805 3145 908 3220 iis,
955 3168 1120 3229 quae
1161 3167 1358 3230 supra
1401 3144 1483 3209 de
1522 3144 1781 3211 civitate
1823 3146 2113 3211 Romana
2152 3146 2519 3233 principum
2569 3146 2787 3213 Gallo-

458 3274 604 3317 rum
667 3252 994 3317 intellecta
1057 3263 1206 3317 sunt
1267 3276 1344 3317 ac
1417 3254 1611 3337 longe
1670 3253 2008 3339 repetitum
2074 3278 2217 3321 esse
2286 3254 2557 3332 docent,
2619 3255 2787 3339 quod

464 3370 622 3423 tunc
697 3361 1149 3445 usurpabatur.
1255 3361 1317 3425 N
1319 3384 1396 3426 ec
1468 3383 1623 3426 vero
1694 3359 1807 3447 Sp.
1872 3360 2200 3429 Carvilius
2256 3363 2325 3427 in
2400 3363 2599 3427 tantis
2672 3364 2785 3425 im-

465 3468 624 3553 perii
677 3469 996 3553 angustiis
1053 3492 1128 3535 ea
1184 3469 1564 3536 liberalitate
1622 3469 1942 3548 utebatur,
2003 3493 2169 3555 quae
2220 3482 2449 3556 postea
2495 3472 2569 3535 in
2620 3471 2785 3537 bello

461 3576 744 3642 Marsico
788 3576 1076 3643 adhibita
1115 3589 1212 3642 est
1255 3580 1641 3656 necessarie,
1694 3589 1766 3643 ut
1810 3580 2177 3663 promiscue
2204 3578 2507 3644 omnibus
2529 3578 2777 3643 Latinis

463 3685 768 3770 optimam
843 3686 1164 3753 civitatem
1221 3687 1609 3773 impertiret3
1670 3711 1817 3751 nam
1878 3688 2157 3772 primum
2218 3708 2329 3751 eos
2392 3686 2624 3772 elegit,
2680 3687 2779 3771 qui

464 3792 776 3875 privatam
827 3794 1106 3884 civitatis
1162 3795 1489 3859 Romanae
1535 3806 1779 3881 partem
1835 3795 1964 3861 iam
2012 3796 2341 3873 haberent,
2389 3796 2631 3860 deinde
2674 3796 2778 3860 ho-

463 3922 610 3965 rum
655 3901 942 3987 ipsorum
985 3902 1170 3967 binos
1213 3926 1292 3969 ex
1325 3903 1601 3988 singulis
1642 3905 1899 3990 populis
1942 3906 2185 3971 iudicio
2234 3914 2495 3971 senatus
2538 3904 2779 3969 admitti

463 4009 675 4087 iussit,
731 4021 870 4075 tum
927 4010 1096 4075 binis
1141 4010 1268 4085 illis
1320 4012 1629 4077 emortuis
1688 4014 1899 4077 nullos
1951 4013 2109 4079 alios
2160 4012 2605 4097 sublegendos
2648 4036 2779 4078 esse

463 4117 786 4193 censebat,
826 4127 900 4181 ut
941 4139 1070 4182 non
1107 4118 1210 4183 ius
1252 4118 1481 4197 ullum,
1510 4120 1625 4185 sed
1668 4122 2032 4207 exemplum
2069 4131 2337 4196 tantum,
2367 4144 2499 4205 quo
2526 4136 2777 4186 senatus

460 4226 516 4289 si
556 4226 616 4289 ei
659 4226 988 4293 videretur
1016 4227 1114 4291 uti
1139 4237 1378 4313 posset,
1408 4228 1827 4295 constitutum
1854 4252 1997 4295 esse
2034 4228 2491 4315 intelligamus.
2540 4227 2777 4311 Quam-
2876 4226 2878 4253 ⁹

364 4336 370 4341 ’
459 4356 652 4417 quam
699 4356 780 4397 ne
826 4333 984 4399 haec
1032 4335 1296 4420 quidem
1343 4333 1613 4400 Carvilii
1652 4336 1993 4401 mediocris
2046 4358 2121 4401 ac
2164 4337 2547 4401 necessitate
2595 4358 2775 4423 prope
2876 4340 2878 4343 ⁴

467 4462 775 4524 expressa
833 4440 1182 4507 liberalitas
1243 4444 1650 4509 senatoribus
1708 4444 2041 4529 antiquum
2082 4468 2327 4512 morem
2378 4445 2777 4531 pertinaciter
