2917 5017
831 309 916 358 De
949 308 1120 359 Gallia
1154 310 1506 360 Romanorum
1544 310 1823 374 provincia.
2356 308 2473 374 135

186 487 240 538 et
273 480 564 537 exerm’tus
599 479 670 536 in
701 497 780 560 pa
827 475 1129 536 tendentis
1171 471 1438 546 dicitur,
1494 494 1624 554 quo
1675 481 1959 557 tempore
2012 473 2339 538 nescimus
2392 498 2473 540 an

185 594 419 670 propter
477 583 642 648 bella
697 583 910 667 aliqua
967 581 1184 665 plures
1241 579 1427 644 solito
1488 580 1775 666 legiones
1828 581 1895 644 in
1942 581 2291 648 Germania
2330 584 2471 648 fue·-

183 693 294 755 rint
345 701 638 775 certaque
691 691 773 755 de
831 712 1026 754 causa
1081 687 1450 754 Germanici
1505 689 1828 752 exercitus
1882 690 2121 754 mentio
2178 691 2475 756 facienda

183 800 374 864 fuerit.
459 799 636 863 Nihil
672 799 871 885 igitur
913 797 980 860 in
1021 797 1123 860 his
1167 819 1400 860 causae
1441 809 1561 873 est,
1604 819 1723 862 cur
1761 797 2152 882 singularem
2194 799 2473 883 aliquam

183 907 654 973 Germaniarum
683 908 992 972 rationem
1024 905 1228 970 fuisse
1259 915 1637 981 statuamus,
1672 916 1739 969 at
1765 905 1967 970 multa
1998 917 2063 970 et
2086 907 2171 972 ab
2194 907 2471 972 Momm-

179 1017 338 1081 senio
379 1017 570 1080 allata
611 1024 762 1079 sunt
805 1025 869 1078 et
905 1014 1076 1078 infra
1113 1037 1154 1078 a
1191 1011 1378 1077 nobis
1413 1013 1779 1090 afferentur,
1816 1035 1981 1097 quae
2012 1025 2219 1080 certos
2250 1039 2468 1082 earum

178 1125 634 1212 provinciarum
653 1128 658 1133 “
678 1123 840 1188 fines
883 1131 1218 1206 certosque
1265 1121 1507 1186 incolas
1549 1121 1753 1186 fuisse
1798 1121 2157 1186 ostendant.

324 1233 763 1298 Veruntamen
805 1230 1110 1315 quoniam
1155 1229 1797 1296 commemoravimus
1835 1230 2231 1308 Numidiam,
2282 1232 2469 1298 cuius

178 1342 446 1427 exemplo
506 1341 620 1425 qui
675 1338 1090 1404 Germaniam
1145 1337 1543 1424 provinciam
1598 1337 1800 1402 fuisse
1850 1351 2121 1425 negant,
2194 1341 2469 1405 maxime

179 1461 460 1524 utuntur,
525 1449 896 1514 faciendum
953 1447 1212 1512 videtur
1267 1469 1410 1511 esse
1430 1493 1447 1522 ,
1512 1455 1585 1510 ut
1640 1447 1723 1510 de
1777 1447 1899 1512 hac
1956 1470 2213 1532 quoque
2264 1471 2474 1534 pauca

179 1559 562 1643 disputemus
602 1576 979 1641 erroreque‚·
1011 1557 1121 1640 qui
1160 1577 1370 1640 nuper
1407 1555 1699 1639 irrepsit,
1750 1555 2004 1621 sublato
2046 1578 2128 1620 ne
2171 1557 2253 1620 de
2302 1556 2470 1622 Ger-

183 1666 358 1729 mania
393 1675 724 1750 peccetur,
766 1665 1242 1750 provideamus.
1309 1661 1551 1728 Statuit
1586 1665 1788 1748 igitur
1810 1663 2061 1728 Theod.
2084 1663 2468 1730 Mommsen.

186 1775 236 1837 in
279 1774 540 1837 Bullett.
604 1771 762 1838 Inst.
817 1772 990 1836 arch.
1043 1795 1190 1836 ann.
1241 1771 1402 1836 1852
1451 1795 1514 1856 p.
1566 1771 1681 1836 165
1744 1774 1897 1858 (act.
1962 1773 2182 1837 societ.
2232 1773 2468 1838 literar.

182 1882 328 1966 Lips.
367 1905 526 1946 ann.
563 1881 720 1946 1853
761 1905 824 1966 p.
853 1880 1032 1962 213),
1071 1903 1218 1944 cum
1259 1876 1563 1964 Caligula
1598 1901 1765 1944 anno
1793 1881 1870 1946 37
1912 1903 1976 1964 p.
2004 1877 2161 1944 Chr.
2206 1881 2469 1946 Africae

181 1990 558 2075 proconsulis
603 1989 951 2074 potentiam
994 1990 1280 2052 minuere
1323 1989 1537 2064 vellet,
1578 1989 1849 2052 missum
1884 2011 2027 2052 esse
2058 2010 2135 2052 eo
2161 1988 2468 2074 legatum,

173 2099 265 2183 qui
307 2121 448 2163 cum
499 2097 880 2183 proconsule
919 2097 1010 2161 ita
1052 2095 1394 2180 imperium
1439 2095 1795 2172 divideret,
1851 2106 1925 2160 ut
1966 2096 2105 2182 ipse
2146 2097 2468 2182 legionem

72 2239 74 2273 ;
175 2207 260 2270 ΙΠ
293 2212 666 2292 Augustam
709 2215 772 2270 et
796 2204 1143 2269 Numidiae
1182 2213 1426 2288 partem
1464 2203 1641 2270 solus
1684 2203 2001 2270 obtineret
2034 2227 2110 2269 ac
2140 2217 2469 2290 praeterea

72 2359 76 2382 ;
176 2315 230 2378 in
265 2315 595 2400 provincia
636 2312 1082 2400 proconsulari
1115 2311 1421 2397 quicquid
1455 2312 1539 2376 ad
1568 2335 1703 2377 rem
1726 2313 2063 2378 militarem
2088 2313 2467 2398 pertinebat,

72 2487 74 2489 ,
175 2423 656 2498 administraret,
712 2420 1084 2508 proconsuli
1139 2443 1294 2486 suae
1347 2421 1713 2505 provinciae
1770 2421 2237 2488 administratio
2282 2426 2467 2509 quasi

71 2563 75 2598 1
179 2531 358 2596 civilis
398 2532 891 2615 relinqueretur.
973 2529 1166 2594 Hanc
1201 2539 1374 2594 certe
1421 2528 1561 2594 eius
1604 2529 1973 2615 opinionem
2016 2552 2160 2596 esse
2206 2555 2287 2596 ex
2331 2533 2482 2598 dis-¹

180 2641 480 2723 putatione
546 2639 742 2724 paulo
809 2637 1024 2702 minus
1089 2636 1410 2722 subtiliter
1474 2637 1765 2702 instituta
1830 2638 2134 2714 coniicio;
2203 2628 2273 2704 in
2339 2663 2469 2724 qua

72 2781 76 2815 ς
183 2749 514 2812 coniectura
551 2746 802 2812 etiamsi
843 2745 1056 2812 minus
1096 2745 1271 2830 quod
1315 2744 1511 2823 dixit,
1567 2768 1907 2830 assequar,
1969 2746 2094 2811 hoc
2138 2747 2327 2833 plane
2365 2749 2465 2812 in-

188 2856 368 2943 telligo
425 2865 490 2920 et
544 2854 770 2940 negari
823 2853 908 2918 ab
965 2877 1042 2918 eo
1084 2854 1455 2918 Numidiam
1518 2853 1777 2940 proprie
1822 2853 2221 2939 provinciam
2265 2855 2467 2921 fuisse

72 3009 74 3014 ·
181 2973 228 3026 et
271 2986 602 3028 commune
657 2963 988 3048 quoddam
1039 2963 1444 3047 proconsulis
1492 2973 1554 3026 et
1592 2961 1793 3047 legati
1834 2961 2223 3047 imperatorii
2262 2962 2467 3049 impe-

71 3119 74 3127 .
181 3071 315 3135 rium
357 3072 576 3136 statui.
635 3059 804 3136 'Non
849 3071 1182 3156 explicabo
1225 3093 1477 3147 rursuS,
1520 3069 1699 3156 quod
1740 3093 1937 3155 supra
1980 3070 2136 3147 dixi,
2180 3094 2295 3156 per
2334 3072 2467 3136 duo

180 3180 350 3263 prima
391 3179 645 3266 imperii
679 3180 954 3244 Romani
993 3180 1251 3245 saecula
1287 3180 1531 3246 nullam
1572 3179 1775 3244 fuisse
1820 3178 2110 3244 militaris
2154 3189 2218 3244 et
2260 3179 2467 3246 civilis

179 3287 718 3354 administrationis
793 3288 1285 3353 disiunctionem
1303 3336 1320 3366 ,
1401 3288 1518 3352 sed
1576 3288 1689 3373 qui
1752 3287 2063 3352 militibus
2120 3299 2465 3373 praeesset,

181 3397 422 3460 eundem
463 3395 762 3481 populos,
805 3415 969 3480 quos
1007 3396 1242 3462 milites
1286 3407 1639 3472 tuerentur,
1682 3396 1949 3471 rexisse,
1992 3407 2069 3460 ut
2106 3395 2231 3482 ipsi
2276 3396 2467 3461 etiam

182 3501 474 3585 legionum
529 3504 726 3590 legati
771 3514 1026 3588 praeter
1069 3505 1412 3590 imperium
1457 3505 1729 3570 militare
1772 3505 2283 3570 iurisdictionem
2326 3528 2467 3572 cer-

187 3619 364 3678 tarum
407 3613 804 3679 dioecesium
839 3612 1166 3680 haberent.
1257 3609 1392 3678 Sed
1434 3605 1502 3676 in
1544 3612 1687 3678 aliis
1726 3611 2100 3698 provinciiS,
2144 3613 2199 3676 si
2235 3613 2469 3678 fuisset

193 3719 311 3797 ulla,
355 3721 508 3786 ferri
551 3722 821 3786 fortasse
867 3723 1184 3807 potuisset
1223 3720 1381 3786 haec
1421 3719 1675 3806 imperii
1716 3719 1952 3786 divisio
1994 3743 2072 3786 ac
2104 3721 2466 3807 permixtiO,

187 3824 236 3889 in
267 3829 484 3896 Africa
537 3852 691 3894 vero
741 3830 920 3896 nullo
973 3829 1166 3894 modo
1207 3839 1414 3914 potest
1468 3830 1695 3906 statui,
1753 3829 2069 3912 siquidem
2110 3829 2465 3896 consularis

185 3934 264 3998 vir
298 3959 437 4002 cum
483 3937 798 4005 obtineret
837 3948 1118 4004 veterem
1161 3938 1579 4024 provinciam,
1628 3935 1926 4004 Caesaris
1969 3937 2291 4023 legatum,
2352 3937 2466 4024 qui

188 4046 451 4124 praetorii
491 4045 734 4110 ordinis
774 4057 930 4122 erat,
972 4058 1142 4112 certe
1175 4047 1523 4132 superioris
1554 4047 1825 4133 imperio
1858 4068 2081 4133 parere
2110 4045 2463 4132 oportebat,

72 4215 75 4228 ἓ
189 4161 246 4211 ut
281 4153 456 4218 timor
493 4155 630 4231 ille,
671 4176 801 4240 quo
842 4165 1056 4220 motus
1097 4152 1399 4241 Caligula
1440 4155 1807 4240 provincias
1845 4153 2190 4229 disiunxit,
2246 4176 2323 4218 ea
2362 4176 2464 4218 ra-

193 4256 332 4324 tione
373 4285 770 4348 nequaquam
815 4263 1164 4328 tolleretur.
1239 4260 1649 4350 Argumenta
1694 4272 1907 4328 autem
1948 4284 2100 4327 suae
2144 4261 2463 4348 opinionis

193 4361 623 4435 Mommsenius
662 4372 942 4457 primum
987 4372 1174 4437 affert
1211 4395 1308 4450 ea,
1345 4393 1509 4457 quae
1551 4393 1747 4457 supra
1788 4371 1855 4434 in
1884 4368 2247 4436 Germaniis
2285 4371 2463 4436 refu·-
