2917 5017
479 325 604 392 300
1083 329 1166 380 De
1205 330 1404 394 legibus
1444 331 1835 397 municipalibus
1874 332 2187 398 Hispanicis.

479 515 624 560 esse
672 491 1038 578 putabatur,
1078 493 1400 578 longeque
1443 490 1568 558 hoc
1606 493 1674 557 in
1719 515 1954 579 genere
1996 495 2192 561 distat
2228 497 2483 583 imperii
2526 497 2809 562 Romani

479 621 619 666 mos
665 600 748 667 ab
792 602 1030 666 nostris
1069 599 1479 666 civitatibus:
1522 600 1587 664 in
1628 600 1738 665 illo
1774 601 1965 666 etiam
2007 624 2154 667 cum
2196 605 2416 672 nullus
2455 606 2811 691 imperator

479 719 672 786 esset,
729 710 971 774 iustum
1018 719 1230 773 tamen
1281 719 1417 772 erat
1466 707 1857 793 reipublicae
1908 721 2121 795 caput,
2166 712 2343 797 apud
2384 735 2507 777 nos
2551 725 2809 778 mortuo

482 839 636 902 rege
695 827 1038 902 antequam
1101 817 1266 881 alius
1333 815 1715 894 sufficiatur,
1778 841 1967 884 nemo
2022 829 2139 896 est,
2196 819 2281 882 ad
2334 843 2533 905 quem
2600 822 2810 886 omnis

481 936 764 1012 potestas
827 925 1070 990 redeat.
1169 925 1528 1015 Imperator
1592 925 1795 1011 igitur
1856 949 2002 992 cum
2062 929 2587 1006 constitueretur,
2650 928 2811 992 nihil

483 1032 828 1099 videbatur
869 1033 1178 1098 Romanis
1217 1033 1395 1098 aliud
1433 1031 1573 1099 fieri
1616 1056 1692 1099 ac
1735 1035 1912 1118 quod
1950 1034 2104 1099 olim
2148 1034 2217 1098 in
2256 1046 2475 1100 vetere
2515 1035 2809 1101 libertate

481 1142 721 1206 factum
763 1153 916 1218 erat,
961 1153 1034 1206 ut
1075 1152 1286 1206 certae
1329 1143 1647 1226 quaedam
1685 1142 2077 1228 reipublicae
2120 1137 2331 1229 partes
2376 1143 2663 1228 singulis
2692 1144 2809 1207 ho-

483 1249 764 1315 minibus
807 1249 1295 1316 mandarentur:
1343 1250 1508 1314 illud
1552 1273 1755 1315 unum
1802 1251 2131 1316 diversum
2178 1262 2332 1328 erat,
2373 1253 2559 1336 quod
2610 1251 2808 1338 impe-

483 1359 680 1424 ratori
721 1381 886 1443 quae
931 1358 1080 1423 olim
1127 1358 1424 1444 pluribus
1484 1371 1547 1422 et
1590 1359 1658 1422 in
1704 1369 1949 1424 certum
1991 1370 2245 1445 tempus
2291 1359 2445 1425 data
2488 1371 2697 1437 erant,
2738 1383 2811 1423 ea

481 1467 597 1531 uni
662 1467 878 1532 omnia
941 1475 1004 1530 et
1067 1465 1134 1529 in
1191 1476 1573 1552 perpetuum
1625 1465 2091 1532 tribuebantur.
2186 1466 2429 1548 Quare,
2494 1489 2653 1531 cum
2708 1468 2813 1532 lex

483 1597 648 1661 quae
698 1574 780 1639 de
829 1573 1096 1660 imperio
1142 1574 1503 1661 principum
1552 1573 1899 1650 ferebatur,
1944 1576 2104 1640 nihil
2144 1575 2433 1641 differret
2476 1599 2520 1640 a
2562 1577 2814 1653 ceteris,

481 1682 784 1768 quoniam
830 1681 990 1748 hanc
1033 1672 1246 1768 legem
1283 1694 1499 1748 vetere
1546 1705 1721 1748 more
1772 1683 1948 1768 apud
1990 1685 2303 1770 populum
2332 1695 2632 1770 rogatam
2674 1708 2817 1750 esse

483 1803 754 1868 constat,
810 1814 893 1856 ne
939 1793 1328 1877 reliquarum
1377 1792 1637 1876 quidem
1680 1792 1993 1856 rationem
2034 1792 2350 1858 sublatam
2398 1815 2547 1858 esse
2592 1794 2815 1858 existi-

488 1900 808 1966 mabimus
869 1901 1432 1986 intelligemusque
1502 1899 1679 1985 quod
1742 1897 1949 1964 Gaius
1999 1901 2053 1976 I,
2099 1901 2137 1965 5
2193 1905 2406 1982 legem,
2458 1924 2581 1984 per
2626 1927 2813 1985 quam

482 2014 820 2090 imperator
884 2013 1210 2090 imperium
1271 2013 1500 2090 accepit
1554 2019 2026 2085 commemorat,
2090 2031 2167 2073 eo
2226 2009 2575 2094 pertinere,
2638 2011 2814 2096 quod

485 2117 626 2182 eius
703 2127 907 2182 aetate
991 2126 1280 2181 veterum
1361 2117 1585 2201 legum
1654 2115 1811 2181 ratio
1880 2116 2171 2181 nondum
2242 2117 2527 2184 extincta
2596 2120 2811 2183 fuerit.

483 2226 794 2311 Idemque
841 2225 1051 2293 Gaius
1093 2225 1276 2290 initio
1319 2225 1793 2289 institutionum
1838 2247 2101 2289 suarum
2149 2225 2469 2310 significat
2528 2229 2582 2310 ξ.
2633 2228 2675 2292 3
2720 2232 2813 2290 lex

483 2345 592 2412 est,
637 2338 802 2419 quod
833 2339 1103 2418 populus
1144 2335 1306 2396 iubet
1354 2344 1539 2416 atque
1578 2338 1934 2409 constituit3
1976 2355 2125 2397 nam
2162 2335 2487 2418 praesenti
2524 2346 2814 2422 tempore

484 2465 614 2508 non
661 2455 832 2509 esset
881 2466 1065 2519 usus,
1118 2441 1242 2507 nisi
1286 2463 1405 2506 suo
1448 2453 1735 2526 tempore
1777 2441 1989 2526 legem
2031 2441 2151 2507 rite
2192 2454 2257 2507 et
2296 2442 2453 2508 ferri
2498 2455 2565 2508 et
2608 2445 2815 2508 nomi-

486 2551 626 2615 nari
683 2572 874 2636 posse
927 2550 1374 2615 existimasset.
1468 2549 1752 2616 Omnino
1794 2563 2010 2615 autem
2054 2575 2093 2613 a
2144 2573 2317 2616 more
2360 2551 2665 2616 Romano
2710 2575 2815 2617 ve-

486 2657 814 2723 hementer
873 2659 1176 2723 videntur
1237 2657 1617 2734 desciscere,
1672 2659 1785 2744 qui
1844 2660 2068 2744 legum
2124 2658 2478 2724 discrimen
2548 2661 2817 2746 aliquod

489 2776 788 2844 statuant,
827 2767 1004 2853 quod
1047 2766 1296 2830 nullum
1337 2790 1624 2853 unquam
1666 2767 1809 2831 fuit.
1890 2765 2059 2848 Quis
2102 2767 2273 2830 enim
2316 2767 2591 2847 audivit,
2634 2769 2819 2834 aliter

487 2876 695 2960 legem
733 2899 877 2940 esse
905 2876 1115 2952 latam,
1164 2897 1310 2940 cum
1355 2876 1438 2940 de
1477 2876 1618 2939 iure
1646 2875 1841 2950 civili,
1883 2875 2083 2953 aliter,
2112 2897 2261 2940 cum
2299 2876 2381 2940 de
2408 2890 2681 2943 senatus
2710 2891 2817 2944 aut

487 2984 698 3068 plebis
753 2995 865 3049 aut
903 2984 1196 3049 iudicum
1239 2994 1551 3071 potestate
1609 2983 2085 3060 constituenda,
2138 2985 2323 3050 aliter
2368 3006 2517 3050 cum
2564 2985 2651 3050 de
2698 2987 2817 3050 im-

490 3093 670 3178 perio
729 3093 1079 3158 deferendo
1133 3092 1481 3178 ageretur?
1561 3091 1786 3156 Minus
1846 3115 2020 3169 sane,
2072 3092 2383 3177 quamdiu
2437 3093 2647 3159 libera
2697 3095 2815 3158 fuit

493 3201 881 3286 respublica,
933 3201 1344 3276 curabantur,
1397 3221 1563 3284 quae
1626 3199 1710 3263 ad
1768 3199 1871 3264 ius
1932 3200 2121 3265 civile
2178 3201 2609 3285 pertinebant,
2671 3225 2814 3288 pro-

487 3320 708 3394 pterea
750 3309 926 3394 quod
979 3309 1175 3373 nullis
1225 3309 1502 3396 partium
1548 3307 1781 3372 studiis
1826 3307 2255 3392 agitabantur,
2300 3309 2414 3373 sed
2458 3312 2672 3376 forma
2722 3313 2810 3376 fe-

489 3417 676 3481 rendi
726 3417 809 3482 de
857 3417 936 3482 iis
979 3417 1203 3484 eadem
1257 3439 1527 3504 prorsus
1570 3426 1725 3491 erat,
1767 3437 1933 3500 quae
1982 3416 2049 3479 in
2104 3417 2370 3501 reliquis
2420 3417 2807 3504 reipublicae

493 3524 786 3610 partibus
839 3525 1232 3592 servabatur.
1313 3524 1501 3590 Nova
1542 3524 1653 3589 illa
1698 3537 1795 3588 est
1836 3534 2029 3609 atque
2072 3522 2153 3588 ab
2194 3525 2507 3591 Romanis
2554 3527 2805 3592 alienis-

491 3633 652 3698 sima
696 3634 880 3712 rati0,
929 3660 1058 3722 qua
1114 3634 1352 3720 quibus
1401 3632 1898 3718 magistratuum
1954 3642 2301 3718 potestates
2356 3632 2807 3700 describuntur

489 3752 679 3827 atque
731 3743 874 3829 ipsa
917 3743 1184 3828 imperia
1232 3741 1727 3816 constituuntur,
1788 3739 1869 3805 ab
1928 3741 2070 3804 aliis
2126 3741 2385 3826 legibus
2442 3741 2805 3828 discrepare

443 3907 450 3912 .
490 3861 817 3937 putantur,
863 3873 1053 3936 quam
1094 3873 1222 3916 non
1271 3847 1709 3936 tetigissemus
1753 3871 2073 3933 quamque
2107 3871 2414 3934 perversa
2444 3871 2593 3915 esse
2633 3849 2803 3914 vide-

491 3972 668 4024 retur
725 3981 1436 4034 commemorassemus,
1500 3957 1625 4021 nisi
1688 3978 2077 4031 vereremur,
2142 3979 2224 4022 ne
2284 3966 2549 4042 propter
2608 3957 2805 4043 ipsam

491 4067 838 4132 novitatem
898 4078 1392 4151 nostrarumque
1449 4089 1666 4131 rerum
1726 4063 2213 4129 similitudinem
2276 4064 2380 4140 iis,
2437 4065 2552 4150 qui
2620 4065 2803 4129 moris

492 4176 766 4241 Romani
795 4177 1010 4242 minus
1037 4174 1222 4262 periti
1255 4186 1489 4250 essent,
1516 4172 2087 4240 commendaretur.
2154 4173 2565 4257 Quamquam
2602 4174 2800 4239 hercle

493 4307 620 4350 non
663 4286 752 4350 ita
795 4285 1079 4370 disput0‚
1118 4297 1189 4349 ut
1229 4305 1394 4369 quae
1428 4283 1528 4348 vis
1574 4283 1793 4369 legum
1836 4282 1901 4346 in
1943 4280 2235 4347 libertate
2266 4283 2497 4359 fuerat,
2544 4283 2796 4348 eandem

499 4393 620 4459 sub
667 4393 1168 4480 imperatoribus
1211 4393 1530 4478 integram
1574 4389 1937 4458 constitisse
1976 4401 2215 4476 putem.
2282 4389 2452 4474 Quis
2496 4388 2669 4456 enim
2692 4389 2795 4454 hoc
