2917 5017
776 326 857 375 Dc
894 328 1157 379 dictatoris
1200 327 1439 379 Caesaris
1479 329 1776 380 honoribus.
2307 325 2434 395 239

107 489 423 551 referunt.
491 488 623 552 Dio
647 486 909 562 XLIII,
934 488 1013 551 45
1052 486 1227 570 quod
1266 486 1349 551 de
1390 487 1708 553 dictatura
1741 498 1930 565 tacet,
1967 512 2116 555 cum
2151 490 2434 575 reliquos

106 596 391 660 honores
436 606 737 661 accurate
774 606 1121 671 recenseat,
1161 595 1361 660 miror
1384 618 1559 673 sane,
1603 596 1720 661 sed
1749 598 2026 663 arbitror
2049 620 2220 674 eum,
2259 598 2434 682 quod

106 704 547 788 perpetuitate
616 703 777 767 nihil
830 704 1163 789 potestatis
1214 703 1296 768 ad
1352 705 1733 769 dictaturam
1791 705 2140 771 adderetur
2197 704 2436 771 decen-

108 811 409 895 nalisque
458 812 529 875 in
571 808 867 876 Caesaris
917 811 1250 897 praecipiti
1294 823 1496 877 morte
1540 812 1898 889 sufficeret,
1943 813 2094 879 ideo
2135 813 2434 879 tacuisse.

104 920 235 984 Res
278 919 435 1003 ipsa
472 941 589 1004 per
623 942 693 983 se
736 928 905 983 certe
950 919 1105 984 satis
1148 918 1500 1004 probabilis
1542 932 1660 997 est,
1701 943 1850 986 cum
1886 920 2093 1007 prima
2121 922 2437 987 dictatura

106 1040 167 1091 et
210 1027 389 1092 alter
430 1027 825 1103 consulatus,
876 1036 1012 1091 tum
1056 1027 1257 1091 altera
1298 1027 1620 1092 dictatura
1661 1041 1726 1093 et
1770 1029 1996 1095 tertius
2041 1030 2436 1105 consulatue,

105 1148 239 1199 tum
302 1136 503 1199 tertia
556 1134 874 1199 dictatura
930 1148 993 1199 et
1046 1146 1313 1219 quartus
1368 1136 1740 1201 consulatus
1793 1136 1884 1201 ita
1937 1136 1996 1201 ei
2055 1138 2186 1201 sint
2245 1137 2438 1203 simul

106 1244 357 1308 decreti
378 1291 396 1319 ,
449 1257 520 1306 ut
566 1241 882 1307 dictatura
926 1244 1139 1307 statim
1158 1290 1175 1319 ,
1233 1243 1604 1309 consulatus
1649 1244 1954 1328 proximis
1993 1244 2142 1310 Kal.
2181 1246 2438 1311 Ianuar.

106 1354 207 1417 vel
243 1352 551 1437 proximo
569 1373 735 1415 anno
760 1351 1049 1425 iniretur,
1089 1351 1263 1428 item,
1310 1373 1457 1415 cum
1491 1351 1860 1417 consulatus
1889 1352 1958 1417 in
1985 1352 2208 1433 decem
2235 1374 2438 1417 annos

108 1462 162 1524 ei
200 1454 499 1534 daretur,
544 1458 734 1523 simul
782 1458 1001 1522 datum
1046 1480 1187 1523 esse
1232 1458 1498 1541 aliquid,
1539 1460 1716 1542 quod
1747 1460 1830 1523 ad
1863 1460 2086 1525 decem
2125 1483 2438 1525 annorum

108 1569 522 1642 dictaturam,
566 1588 757 1650 quam
794 1566 921 1631 iam
964 1564 1261 1643 habebat,
1300 1566 1684 1631 adiiceretur
1720 1589 1839 1631 nec
1879 1580 2210 1652 supererat
2253 1570 2320 1633 in
2363 1590 2440 1635 eo

109 1698 359 1760 genere
407 1675 749 1757 quicquam
796 1684 1049 1759 praeter
1092 1674 1604 1760 perpetuitatem.

278 1781 533 1849 Caesar
572 1784 775 1868 igitur
812 1806 1003 1867 quam
1047 1794 1423 1868 perpetuam
1474 1782 1852 1845 dictaturam
1899 1782 2280 1860 obtinuerit,
2338 1786 2440 1849 in-

109 1892 507 1957 telleximus.
622 1890 973 1973 Magistros
1041 1901 1253 1954 autem
1320 1890 1612 1975 equitum
1679 1889 1896 1973 plures
1966 1891 2438 1975 designaverat,

113 2002 442 2085 siquidem
480 1998 826 2063 multorum
862 1997 1249 2082 cupiditates
1292 1996 1646 2082 explendae
1691 2009 1871 2063 erant
1911 2021 2030 2063 nec
2073 2022 2268 2083 quam
2302 2000 2443 2083 ipse

112 2109 492 2172 diuturnam
546 2116 927 2191 potestatem
986 2105 1293 2181 habebat,
1352 2116 1550 2170 totam
1590 2127 1740 2171 cum
1783 2106 1926 2171 aliis
1969 2108 2441 2173 communicare

113 2214 398 2280 volebat.
481 2215 829 2298 Perperam
870 2222 1084 2277 autem
1126 2212 1209 2275 de
1252 2211 1333 2277 iis
1373 2213 1570 2277 tradit
1609 2213 1950 2297 Appianus
1993 2212 2140 2277 bell.
2185 2215 2308 2277 civ.
2349 2214 2442 2291 ΙΙ,

117 2326 272 2389 107:
341 2323 607 2389 ὑπάτους
645 2322 707 2389 ἐς
747 2324 813 2384 τὸ
859 2320 1082 2402 μέλλον
1132 2319 1203 2405 (i.
1232 2342 1287 2383 e.
1326 2342 1472 2383 ann.
1501 2320 1610 2403 44)
1651 2319 1963 2403 ἀπέφηνεν
2008 2320 2188 2421 αὐτον
2233 2345 2298 2383 τε
2339 2325 2442 2385 καὶ

106 2432 463 2505 Ἀντώνιον,
504 2430 603 2493 τὸν
649 2428 951 2511 ἵππαρχον
996 2427 1243 2501 ἑαυτοῦ,
1283 2428 1528 2510 Λεπίδῳ
1566 2428 1898 2509 προςτοίΕας
1945 2428 2263 2510 ἱππαρχεῖν
2311 2428 2442 2491 ἀντὶ

112 2544 219 2601 τοῦ
268 2536 629 2613 Ἀντωνίου,
696 2534 943 2618 ἄρχοντι
999 2536 1107 2617 μὲν
1156 2533 1453 2618 Ἰβηρίας,
1511 2535 1944 2617 ἡγεμονεύοντι
1999 2536 2054 2597 δ’
2109 2535 2294 2617 αὐτῆς
2341 2535 2444 2599 διὰ

113 2650 231 2707 τῶν
290 2645 511 2728 φίλων.
599 2641 793 2707 Unde
836 2641 1010 2725 quod
1056 2641 1333 2727 Pighius
1383 2642 1614 2707 Annal.
1651 2642 1756 2706 ΠΙ
1812 2666 1876 2727 p.
1917 2642 2040 2709 462
2093 2641 2187 2706 Μ.
2230 2643 2442 2707 Anto-

114 2752 297 2816 nium
342 2751 623 2835 primum
668 2750 1045 2835 magistrum
1092 2750 1412 2833 equitum,
1458 2760 1595 2813 tum
1634 2749 1701 2811 in
1741 2750 1880 2813 eius
1924 2750 2140 2813 locum
2180 2750 2272 2813 M.
2311 2750 2444 2814 Le-

117 2860 353 2944 pidum
400 2859 641 2922 factum
688 2880 831 2923 esse
876 2856 1145 2942 colligit,
1192 2868 1441 2941 pugnat
1484 2868 1700 2941 aperte
1744 2879 1870 2919 non
1916 2856 2106 2919 modo
2153 2878 2298 2919 cum
2341 2857 2446 2921 his

117 2967 343 3041 fastis,
408 2966 477 3029 in
520 2963 773 3048 quibus.
804 2964 897 3029 M.
938 2964 1231 3049 Lepidus
1276 2960 1541 3027 Caesari
1589 2962 1884 3027 dictatori
1929 2962 2306 3047 adiungitur
2349 2964 2444 3027 M.

116 3074 413 3139 Antonio
465 3094 597 3137 non
649 3072 973 3137 nominato
992 3120 1011 3149 ‚
1074 3094 1300 3136 verum
1354 3070 1544 3133 etiam
1600 3093 1748 3135 cum
1801 3068 2114 3135 Cicerone
2135 3116 2152 3145 ,
2213 3072 2325 3154 qui
2379 3072 2449 3134 in

126 3181 489 3267 Philippica
528 3180 728 3244 altera
771 3180 1019 3246 nullum
1059 3180 1328 3244 alterum
1368 3177 1638 3243 Antonii
1679 3177 2121 3262 magisterium
2168 3199 2450 3243 comme-

122 3298 373 3365 morat3
440 3312 589 3353 nam
647 3310 811 3372 quae
865 3310 918 3353 c.
962 3289 1041 3353 30
1104 3296 1257 3351 sunt
1298 3291 1411 3367 qui
1450 3291 1746 3367 magister
1787 3292 2060 3367 equitum
2081 3290 2296 3369 fuisse
2339 3287 2453 3349 tibi

117 3403 417 3471 viderere,
461 3396 636 3480 quod
662 3407 807 3461 ante
835 3394 1305 3481 expeditionem
1330 3392 1632 3459 Caesaris
1661 3395 2159 3479 Hispaniensem
2183 3417 2449 3459 narran-

119 3518 250 3583 tu-r,
294 3504 383 3569 ad
425 3505 687 3569 alteram
726 3504 1107 3567 dictaturam
1148 3502 1490 3587 pertinent.
1555 3500 1814 3565 Erravit
1845 3501 2048 3585 igitur
2081 3502 2218 3566 sine
2252 3500 2452 3566 dubio

120 3613 471 3699 Appianas
527 3611 597 3675 in
646 3610 740 3677 M.
785 3611 1089 3675 AntoniO.
1190 3611 1295 3675 De
1354 3608 1728 3701 Octaviano*
1778 3619 1992 3673 autem
2057 3631 2206 3672 cum
2265 3610 2454 3673 fastis
2539 3692 2542 3695 ἦ

124 3719 433 3805 congruit
474 3718 609 3783 Dio
638 3718 901 3795 XLIII,
938 3718 1050 3783 51:
1117 3716 1237 3781 Καὶ
1280 3717 1504 3801 ἔμελλε
1545 3716 1846 3799 (Καῖσαρ)
1887 3718 1988 3781 καὶ
2030 3715 2213 3783 αὐτὸς
2257 3716 2452 3777 δικτά-

123 3851 247 3909 τωρ
299 3828 365 3888 ἐν
414 3826 787 3911 ἀμφοτέροις
830 3827 1035 3893 αὐτοῖς
1078 3824 1149 3909 (i.
1190 3848 1244 3889 e.
1286 3848 1453 3889 anno
1493 3824 1572 3889 44
1601 3835 1665 3889 et
1687 3824 1790 3900 43,
1837 3846 2110 3909 quorum
2153 3822 2454 3898 eonsules

126 3933 529 4019 designarat)
571 3934 789 4017 ἄρξειν.
846 3936 988 4002 τούς
1023 3957 1089 3997 τε
1131 3935 1623 4016 ἱππαρχήσοντας
1661 3932 1788 4016 (sic
1813 3932 1983 3996 enim
2011 3929 2456 3995 Leunclavius

124 4053 299 4109 recte
344 4041 671 4123 emendat)
732 4040 917 4104 ἄλλον
976 4040 1105 4102 τινὰ
1160 4042 1261 4101 καὶ
1309 4042 1409 4102 τὸν
1450 4036 1809 4103 Ὀκταούϊον
1866 4039 2083 4121 καίπερ
2141 4041 2451 4121 μειράκιον

130 4152 215 4213 ἔτι
262 4152 367 4213 καὶ
408 4148 545 4211 τότε
587 4148 753 4226 ὄντα,
796 4148 1263 4231 προεχειρίσατο
1305 4184 1389 4194 -—
1434 4149 1536 4209 καὶ
1578 4154 1666 4231 τῷ
1709 4146 1958 4231 Λεπίδῳ
1999 4148 2103 4229 τήν
2150 4168 2215 4207 τε
2255 4144 2301 4207 Γ
2307 4148 2453 4217 αλα-

127 4259 255 4321 τίαν
312 4258 421 4341 τὴν
474 4258 615 4337 περὶ
664 4254 975 4339 Νάρβωνα
1025 4257 1127 4319 καὶ
1180 4256 1285 4337 τὴν
1330 4253 1594 4339 Ἰβηρίαν
1647 4256 1750 4337 τὴν
1797 4252 2230 4337 πλησιόχωρον
2279 4274 2454 4335 προς-

130 4368 313 4437 τοίξας
377 4362 488 4426 δύο
556 4364 681 4424 ἀντ’
752 4363 939 4425 αὐτοῦ
1006 4363 1283 4447 ἑτέρους,
1361 4363 1484 4445 ἰδίᾳ
1540 4384 1610 4444 γε
1667 4362 1996 4444 ἑκάτερον,
2074 4362 2459 4442 ἱππαρχῆσαι
