2917 5017
787 326 869 375 De
906 324 1077 376 Gallia
1116 328 1468 377 Romanorum
1519 330 1795 394 provincia.
2369 334 2452 401 77

172 488 387 553 vincias
425 512 461 553 a
498 499 722 553 senatu
779 502 1120 573 antequam
1182 491 1684 577 designarentur
1740 494 2030 561 decretas
2089 498 2450 577 habuerint,

173 598 451 659 incertum
488 608 699 681 potest
752 598 976 663 videri.
1063 596 1339 662 Dubitat
1398 611 1570 663 certe
1613 599 2004 669 Garatonius
2049 606 2133 669 ad
2178 604 2317 672 Cic.
2367 609 2450 673 de

172 726 508 789 promcons.
536 716 726 781 extr.;
776 706 1075 789 equidem
1121 729 1249 770 non
1295 706 1720 772 dubitandum
1753 734 1896 777 esse
1937 714 2249 790 existimO,
2293 716 2450 799 quin

172 823 398 876 senatus
448 835 612 877 anno
654 813 769 890 56,
832 836 981 878 cum
1028 812 1259 878 Cicero
1306 815 1540 879 acriter
1575 814 1872 884 Caesaris
1928 808 2292 907 provincias
2333 824 2450 888 de-

168 920 476 996 fendisset,
537 921 912 986 consulibus
954 923 1191 986 futuris
1246 920 1502 1007 Syriam
1547 938 1609 987 et
1652 926 2036 1013 Hispaniam
2079 930 2450 996 ulteriorem

166 1028 509 1092 decreverit.
595 1030 853 1094 Etenim
898 1027 1127 1095 Cicero
1186 1032 1266 1096 de
1326 1054 1508 1116 prov.
1553 1056 1727 1099 cons.
1774 1059 1828 1101 c.
1874 1038 1912 1103 2
1957 1050 2261 1123 quattuor
2305 1063 2448 1103 esse

164 1137 235 1198 ait
266 1138 647 1220 provincias,
709 1138 790 1202 de
834 1140 1069 1221 quibus
1112 1141 1460 1205 sententiae
1505 1143 1632 1206 sint
1675 1145 1911 1222 dictae,
1973 1145 2218 1212 Gallias
2261 1148 2445 1223 duas,

165 1241 408 1327 Syriam,
434 1244 902 1321 Macedoniam,
937 1269 1017 1311 ex
1048 1248 1284 1330 quibus
1322 1270 1468 1311 cum
1501 1248 1768 1328 Gallias,
1795 1276 2068 1337 quarum
2106 1256 2446 1340 imperium

165 1348 375 1415 Caesar
415 1352 696 1429 retinuit,
744 1366 987 1418 certum
1032 1355 1115 1418 sit
1152 1378 1278 1437 non
1322 1380 1465 1421 esse
1511 1359 1823 1435 decretas,
1869 1385 1949 1424 ne
1994 1362 2445 1427 Macedoniam

162 1460 387 1541 quidem
440 1461 845 1526 consularem
888 1464 1120 1526 factam
1164 1486 1306 1527 esse
1358 1476 1627 1541 constat,
1675 1467 1790 1531 sed
1835 1471 2251 1553 praetoriam3
2300 1494 2446 1536 nam

164 1566 228 1647 Q.
266 1568 627 1633 Ancharius
666 1569 744 1633 L.
781 1570 1003 1634 Pisoni
1048 1573 1359 1635 successit
1396 1571 1788 1653 (Comment.
1837 1577 2167 1663 epigraph.
2207 1579 2348 1642 Vol.
2377 1581 2446 1643 H

161 1700 210 1759 p.
245 1677 405 1759 201).
486 1676 709 1758 Quare
750 1701 915 1762 quae
958 1702 1037 1743 ex
1078 1690 1381 1763 quattuor
1421 1682 1550 1744 illis
1599 1696 1892 1765 superest.
1941 1682 2150 1767 Syria,
2193 1710 2338 1750 cum
2383 1698 2446 1750 et

114 1776 187 1847 'a
218 1786 513 1871 principio
564 1800 1057 1852 commemorata
1104 1790 1184 1852 sit
1244 1800 1303 1851 et
1365 1789 1622 1853 tandem
1665 1790 1845 1853 alteri
1891 1794 2229 1857 consulum
2279 1794 2444 1858 obti-

158 1894 323 1977 gerit,
376 1894 731 1959 rectissime
780 1895 1107 1960 videbitur
1149 1897 1274 1959 iam
1318 1908 1472 1959 tunc
1515 1920 1658 1961 esse
1703 1898 1977 1961 decreta.
2061 1900 2444 1986 Hispaniam

158 2012 338 2063 autem
368 2002 741 2066 ulteriorem
780 2014 854 2067 ut
886 2004 1067 2067 alteri
1095 2002 1432 2067 consulum
1461 2004 2010 2091 designa-ndorum
2035 2010 2443 2074 constitutam

154 2129 275 2171 esse
316 2110 704 2185 existimem,
776 2114 1045 2195 primum
1100 2113 1259 2176 haec
1315 2134 1510 2177 eausa
1555 2126 1684 2189 est,
1745 2114 1919 2197 quod
1965 2116 2204 2178 nullam
2256 2118 2446 2182 aliam

150 2215 323 2279 video
362 2218 565 2281 fuisse
606 2240 797 2301 quam
830 2218 1285 2295 decernerent3
1333 2244 1479 2283 nam
1504 2218 1700 2285 Creta
1721 2233 1786 2285 et
1811 2219 2104 2306 Cyrenae
2133 2236 2196 2287 et
2224 2225 2446 2290 Africa

153 2338 203 2385 et
224 2321 433 2387 Sicilia
465 2348 799 2409 nunquam
838 2350 953 2411 per
992 2327 1151 2391 haec
1190 2338 1476 2413 tempora
1500 2331 1870 2394 consulares
1897 2332 2178 2406 fuerunt,
2217 2332 2444 2417 Bithy-

153 2432 321 2508 niam,
367 2455 445 2497 ex
491 2457 621 2517 quo
666 2435 748 2499 ad
775 2434 1099 2499 Romanos
1126 2437 1439 2521 pervenit,
1479 2437 1950 2521 pacatissimam
1981 2460 2232 2522 semper
2261 2463 2444 2523 prae-

152 2540 273 2603 torii
304 2552 670 2618 tenuerunt,
717 2540 1081 2607 Sardiniam
1124 2544 1288 2607 rexit
1330 2566 1498 2607 anno
1541 2545 1620 2608 55
1658 2544 1750 2607 M.
1781 2545 2095 2609 Aemilius
2137 2550 2443 2624 Scaurus,

158 2648 348 2713 Asiam
409 2648 487 2713 C.
550 2648 825 2714 Clodius
888 2650 1205 2727 Pulcher,
1273 2653 1654 2738 Hispaniam
1715 2654 2070 2717 citeriorem
2131 2678 2300 2719 anno
2359 2656 2438 2721 57

162 2770 443 2842 acceptam
486 2758 961 2822 administravit
999 2758 1083 2839 Q.
1127 2759 1431 2824 Metellus
1474 2760 1727 2845 Nepos,
1787 2761 1895 2844 qui
1955 2783 2102 2824 eum
2147 2784 2312 2827 anno
2355 2764 2436 2829 56

178 2860 229 2923 in
270 2867 649 2949 provinciam
716 2866 1129 2952 proficiscens
1194 2867 1443 2934 Lucam
1508 2869 1590 2933 ad
1659 2865 1734 2932 C.
1794 2865 2135 2931 Caesarem
2203 2869 2444 2935 adisset

168 2970 322 3053 (Plut.
364 2972 562 3039 Caes.
610 2996 664 3039 c.
714 2975 856 3058 21),
913 2998 986 3039 ea
1046 2976 1305 3039 videtur
1358 2976 1600 3041 Romae
1658 2976 1862 3061 gratia
1919 2998 2080 3040 usus
2129 2998 2305 3052 esse,
2373 2988 2446 3041 ut

160 3100 315 3144 nemo
374 3082 455 3146 de
528 3106 905 3148 successore
964 3084 1021 3147 ei
1084 3085 1391 3147 mittendo
1440 3084 1782 3169 cogitaret,
1845 3081 2110 3149 Ciliciae
2167 3085 2444 3169 denique

150 3185 212 3249 P.
232 3188 544 3255 Lentulus
575 3188 881 3275 Spinther
904 3205 1216 3277 praeerat,
1244 3194 1345 3256 cui
1382 3193 1644 3256 demum
1667 3214 1832 3256 anno
1857 3192 1936 3255 54
1961 3192 2217 3277 Appius
2241 3190 2442 3257 Clau-

150 3293 277 3359 dius
317 3299 633 3363 successit
682 3295 854 3383 (Cic.
896 3299 1077 3383 epist.
1108 3300 1160 3376 I,
1208 3300 1268 3375 9,
1294 3301 1425 3384 ⁶20).
1489 3301 1590 3365 Ita
1629 3322 1759 3363 una
1803 3300 2116 3384 Hispania
2158 3300 2443 3377 ulterior,

146 3424 291 3483 quae
328 3416 483 3470 tune
527 3406 788 3470 decerni
829 3408 1129 3491 potuerit,
1173 3408 1580 3490 relinquitur.
1649 3407 1776 3471 His
1819 3408 2023 3492 igitur
2069 3407 2439 3492 provinciis,

149 3511 321 3594 Syria
362 3525 427 3579 et
465 3514 785 3599 Hispania
824 3514 1161 3589 ulteriore,
1219 3515 1285 3577 in
1321 3515 1638 3579 incertum
1686 3515 2095 3579 comitiorum
2139 3527 2442 3579 eventum

150 3618 401 3688 decretis
444 3623 853 3687 consulatum
890 3622 1170 3687 inierunt
1212 3644 1378 3686 anno
1408 3624 1487 3686 55
1517 3619 1640 3686 Cn.
1665 3622 2012 3707 Pompeius
2040 3633 2102 3684 et
2125 3622 2218 3684 M.
2246 3619 2443 3686 Cras-

154 3749 274 3805 sus,
335 3753 501 3815 quos
559 3732 871 3807 diximus,
941 3731 1051 3814 qui
1120 3754 1269 3794 cum
1323 3730 1674 3814 potentiam
1737 3727 2000 3795 Caesari
2059 3752 2311 3814 parem,
2381 3742 2446 3795 et

151 3857 423 3921 magnam
472 3850 539 3903 et
574 3839 974 3913 diuturnam,
1032 3838 1592 3923 concupiscerent,
1647 3838 1728 3902 iis
1770 3859 1936 3921 quae
1989 3858 2107 3921 per
2153 3849 2444 3903 senatum

150 3942 358 4010 habere
396 3959 711 4033 poterant,
754 3970 981 4032 parum
1026 3947 1325 4022 contenti,
1367 3946 1522 4010 item
1559 3968 1675 4031 per
1717 3944 2026 4030 populum
2051 3966 2242 4028 agere
2284 3967 2438 4010 con-

154 4053 473 4119 stituerunt
512 4076 587 4119 ac
632 4055 711 4119 L.
758 4054 1153 4119 Trebonium
1195 4064 1554 4129 moverunt,
1601 4064 1675 4117 ut
1712 4054 1922 4138 legem
1968 4052 2049 4117 de
2093 4054 2440 4139 provinciis

156 4161 581 4227 consularibus
624 4161 1074 4247 promulgaret.
1162 4162 1313 4243 Qua
1362 4163 1425 4225 in
1487 4184 1555 4226 re
1601 4161 1707 4225 ille
1769 4152 2153 4225 imitabatur
2179 4184 2444 4245 prorsus

157 4264 220 4331 C.
254 4270 579 4335 Vatinium
619 4270 883 4355 parique
937 4271 1196 4334 fortuna
1248 4269 1509 4335 videtur
1565 4292 1708 4334 esse
1751 4268 2033 4333 adiutus.
2126 4268 2444 4333 Existimo

160 4378 301 4439 enim
348 4377 432 4460 Q.
477 4378 813 4442 Metellum
844 4377 1159 4463 Nepotem
1196 4378 1339 4461 ipso
1385 4376 1510 4442 hoc
1553 4401 1716 4442 auno
1759 4378 1838 4441 55
1885 4376 1948 4440 in
1986 4378 2446 4461 proconsulatu
