2917 5017
759 358 840 407 De
879 355 1052 407 Gallia
1086 357 1437 406 Romanorum
1484 357 1763 421 provincis.
2338 353 2421 420 89

139 523 192 586 in
229 544 359 586 eum
403 521 550 586 odio
593 522 900 586 incensus
950 528 1122 584 esset
1141 566 1159 595 ,
1217 539 1409 604 agere
1460 519 1671 604 coepit
1714 543 1791 586 ea
1830 543 1994 604 quae
2038 518 2233 604 paulo
2276 529 2423 584 ante

139 630 388 714 exposita
429 640 598 694 sunt.
690 629 866 694 Hinc
909 640 1057 692 nata
1097 639 1194 693 est
1233 627 1344 692 illa
1387 627 1711 694 dissensio
1756 627 1967 692 civilis
2012 636 2192 713 (nam
2230 629 2422 693 etiam

136 735 442 822 Pompeius
485 737 732 822 insigni
774 735 1202 802 inconstantia
1244 733 1510 802 Caesari
1551 736 1880 802 adversari
1922 735 2198 821 coepit),
2258 757 2422 819 quae

133 856 436 930 postquam
477 846 946 932 rempublicam
989 843 1324 922 distraxit,
1369 845 1629 910 tandem
1670 845 1737 909 in
1783 844 2023 910 bellum
2044 891 2063 920 ,
2108 865 2236 928 quo
2278 843 2425 907 uni-

133 954 277 1017 versi
313 953 557 1039 imperii
599 953 878 1018 Romani
919 954 1126 1018 forma
1167 963 1410 1017 mutata
1455 965 1554 1018 est
1572 1001 1586 1027 ‚
1650 953 1879 1039 erupit.
1966 951 2153 1034 Quae
2200 951 2425 1033 singil-

131 1061 278 1124 latim
319 1062 638 1146 persequi,
682 1061 982 1146 quoniam
1011 1059 1370 1128 Galliarum
1413 1071 1665 1126 tantum
1694 1061 2027 1126 historiam
2060 1059 2424 1135 scribimus,

135 1169 199 1232 ab
233 1169 346 1233 hoc
383 1171 528 1235 loco
574 1171 858 1234 alienum
897 1180 1014 1234 est.

269 1277 412 1343 Hoc
465 1289 724 1349 certum
778 1289 876 1343 est
931 1301 1080 1342 cum
1129 1301 1296 1343 anno
1345 1278 1426 1343 49
1494 1279 1737 1344 bellum
1798 1277 1987 1344 civile
2046 1285 2427 1361 erumperet,

137 1383 445 1450 Caesarem
489 1387 614 1452 rite
660 1411 740 1452 ex
784 1385 1042 1471 legibus
1089 1408 1248 1469 quas
1287 1409 1368 1452 ex
1411 1388 1750 1452 consulatu
1794 1395 2127 1468 acceperat
2166 1383 2428 1469 provin-

135 1493 258 1570 cias,
301 1493 581 1558 Galliam
623 1505 964 1580 utramque
1007 1517 1158 1560 cum
1199 1493 1457 1578 Illyrico
1502 1493 1880 1560 obtinuisse.
1962 1493 2126 1558 Nam
2168 1502 2429 1556 senatus

138 1621 253 1662 cum
295 1603 738 1668 revocandum
779 1604 1004 1687 utique
1051 1599 1396 1666 Caesarem
1447 1624 1589 1666 esse
1636 1603 1997 1680 statuisset,
2058 1601 2431 1666 decreverat

145 1707 228 1771 ille
259 1711 506 1792 quidem
553 1735 1004 1787 successores,
1047 1710 1128 1775 L.
1170 1710 1534 1776 Domitium
1581 1710 2108 1787 Ahenobarbum,
2154 1709 2303 1774 anni
2348 1707 2426 1773 54

153 1819 444 1896 consulem,
491 1819 723 1906 (Caes.
765 1821 916 1886 bell.
962 1820 1085 1885 civ.
1122 1821 1192 1896 1,
1249 1821 1318 1897 63
1386 1817 1526 1883 Cic.
1582 1820 1766 1905 epist.
1806 1819 2014 1895 XVI,
2076 1819 2183 1894 123
2250 1815 2431 1881 Suet.

150 1920 298 1988 Caes.
332 1927 406 1992 34
463 1939 529 1992 et
582 1929 738 1994 Ner.
791 1929 862 2013 2)
913 1940 976 1994 et
1029 1929 1124 1992 M.
1171 1925 1561 1993 Considium
1616 1927 2017 2002 Nonianum,
2075 1937 2433 2011 praetorem

144 2033 262 2095 anni
300 2035 374 2100 52
427 2038 712 2120 (Ascon.
755 2038 822 2101 in
865 2037 1090 2101 Milon.
1139 2061 1202 2122 p.
1244 2037 1324 2100 55
1369 2033 1572 2100 Orell.
1587 2061 1605 2114 3
1664 2033 1807 2101 Cic.
1850 2035 2035 2120 epist.
2074 2033 2277 2112 XVI,
2326 2035 2431 2112 123

141 2138 208 2200 ad
251 2144 372 2206 Att.
411 2144 623 2221 VIII,
691 2147 756 2208 11
781 2191 800 2221 ,
863 2145 1000 2227 13),
1070 2167 1344 2230 quorum
1411 2145 1520 2209 ille
1586 2143 1867 2210 Galliam
1926 2143 2431 2220 Narbonensem,

143 2259 357 2314 auctam
393 2253 770 2320 recentibus
809 2251 1016 2328 bellis,
1062 2253 1168 2316 hic
1193 2249 1589 2338 Cisalpinam
1626 2262 1902 2338 regeret,
1956 2253 2071 2316 sed
2099 2275 2245 2316 cum
2281 2251 2435 2316 huic

142 2363 669 2428 senatusconsulto
746 2363 840 2426 M.
900 2362 1226 2426 Antonius
1303 2371 1368 2424 et
1440 2359 1525 2442 Q.
1583 2358 1856 2426 Cassius
1927 2359 2169 2425 tribuni
2228 2359 2433 2444 plebis

142 2462 620 2536 intercessissent
655 2493 731 2535 ac
759 2470 822 2534 vi
856 2469 1162 2556 prohibiti
1195 2470 1657 2556 profugissent,
1700 2491 1849 2533 cum
1875 2465 2191 2554 probabili
2220 2467 2437 2550 aliqua

149 2573 326 2655 specie
355 2573 619 2655 Caesar,
666 2578 976 2664 quicquid
1016 2601 1096 2643 ex
1124 2601 1202 2642 eo
1229 2578 1356 2653 die,
1401 2599 1531 2662 quo
1562 2576 1803 2641 tribuni
1830 2576 2175 2664 fugissent,
2220 2585 2435 2640 actum

151 2691 313 2758 esset,
361 2685 481 2751 rite
522 2709 602 2751 ac
643 2687 902 2772 legibus
944 2697 1158 2752 actum
1205 2708 1348 2750 esse
1388 2685 1665 2770 negabat
1717 2683 1890 2772 (Cic.
1931 2686 2013 2750 ad
2052 2687 2190 2749 Att.
2218 2684 2349 2761 XI,
2392 2689 2431 2754 7

155 2784 311 2871 init.),
361 2805 434 2858 ut
475 2795 622 2881 ipse
665 2817 746 2860 ex
790 2795 934 2881 lege
983 2792 1284 2860 Cornelia
1324 2805 1573 2871 vetere,
1626 2815 1789 2877 quae
1833 2793 2079 2858 tamdiu
2116 2814 2435 2877 quemque

161 2897 477 2974 provinciae
513 2925 818 2988 praeesse
857 2902 1138 2978 iubebat,
1185 2903 1342 2965 dum
1387 2923 1727 2967 successor
1760 2902 2003 2966 missus
2040 2913 2230 2975 esset,
2270 2900 2437 2984 legi-

156 2998 270 3068 time
326 3006 578 3076 Grallias
634 3012 908 3076 retinere
963 3011 1311 3077 videretur.
1407 3011 1661 3094 Quare,
1719 3010 1836 3075 ubi
1892 3007 2241 3094 provinciis
2296 3007 2433 3072 suis

152 3109 352 3180 relictis
405 3119 470 3182 in
518 3119 770 3184 Italiam
809 3119 1078 3196 invasit,
1133 3121 1382 3206 legatos
1422 3119 1685 3204 reliquit
1728 3119 1821 3182 M.
1864 3117 2193 3182 Licinium
2239 3114 2437 3182 Cras-

153 3237 288 3297 sum,
321 3224 422 3292 HI
457 3227 586 3293 viri
628 3227 854 3303 filium,
897 3227 964 3290 in
993 3223 1321 3314 Cisalpina
1360 3227 1575 3294 Gallia
1613 3227 1820 3312 (App.
1848 3225 1996 3290 bell.
2026 3226 2152 3290 civ.
2175 3225 2265 3302 H,
2304 3225 2437 3308 41),

153 3331 476 3415 complures
521 3337 678 3402 alios
725 3336 794 3399 in
836 3335 1280 3419 Transalpina,
1329 3336 1396 3400 in
1437 3335 1675 3422 quibus
1716 3335 1993 3399 maxime
2039 3334 2127 3398 D.
2168 3335 2436 3410 Brutus,

155 3429 216 3496 C.
235 3435 606 3521 Trebonius,
654 3442 731 3509 C.
763 3444 1008 3509 Fabius
1045 3445 1478 3509 nominantur.
1566 3441 1671 3508 Cf.
1699 3440 2059 3508 Comment.
2104 3440 2437 3526 epigraph.

155 3537 271 3608 Vol.
302 3547 366 3614 Π
407 3577 468 3638 p.
513 3554 655 3620 2⁶24.
757 3550 891 3617 Sed
936 3563 1274 3638 postquam
1320 3553 1638 3638 superatis
1680 3553 1748 3616 in
1786 3551 2105 3636 Hispania
2142 3549 2439 3634 Pompeii

159 3645 347 3730 legatis
401 3662 784 3728 dictaturam
835 3661 1115 3747 accepit,
1183 3671 1524 3746 antequam
1570 3662 1654 3726 ad
1703 3658 1947 3724 bellum
1991 3658 2439 3722 Pharsalicum

166 3761 659 3848 proficisceretur,
717 3791 952 3835 novam
994 3769 1501 3855 provinciarum,
1541 3791 1704 3854 quas
1746 3779 1903 3832 tunc
1948 3765 2223 3843 tenebat,
2266 3763 2437 3829 divi-

163 3863 364 3938 sionem
400 3877 706 3963 suscepit,
750 3879 834 3944 de
872 3901 1003 3964 qua
1046 3878 1140 3944 sic
1183 3877 1382 3943 refert
1423 3878 1595 3964 App.
1639 3877 1787 3942 bell.
1832 3876 1955 3940 civ.
1996 3876 2086 3951 Π,
2130 3875 2245 3940 48:
2301 3876 2437 3956 ἥγε-

161 3979 336 4049 μῦνίας
383 4009 450 4049 τε
505 3987 567 4053 ἐς
613 3987 686 4049 τὰ
731 3985 876 4070 ἔθνη
924 3985 1334 4070 περιέπεμπεν
1379 3988 1416 4070 ἣ
1466 3987 1859 4069 ἐνήλλαττεν,
1919 3985 2021 4069 ἐφ’
2067 3985 2291 4046 ἑαυτοῦ
2338 4005 2441 4045 κα-

163 4084 424 4168 ταλέγων,
483 4094 546 4162 ἐς
591 4095 700 4176 μὲν
733 4093 996 4180 Ἰβηρίαν
1039 4092 1291 4178 Μάρκον
1334 4092 1631 4172 Λέπιδον,
1690 4093 1751 4161 ἐς
1798 4094 1867 4156 δὲ
1905 4092 2185 4156 Σικελίαν
2232 4089 2439 4154 Αὖλον

156 4171 424 4281 Αλβῖνον,
483 4199 546 4270 ἐς
591 4202 660 4264 δὲ
701 4201 923 4286 Σαρδὼ
969 4199 1226 4270 Σέξστον
1273 4193 1686 4278 Πεδουκαῖον,
1738 4202 1801 4270 ἐς
1844 4203 1914 4264 δὲ
1954 4202 2061 4284 τὴν
2106 4198 2441 4280 νεόληπτον

166 4289 420 4372 Γαλατίαν
484 4309 722 4390 Δέκμον
785 4307 1082 4393 Βροῦτον.
1186 4307 1292 4372 De
1349 4307 1589 4392 quibus
1645 4308 1861 4375 verbis
1916 4331 2045 4373 non
2102 4306 2289 4370 facile
2346 4316 2447 4370 est

169 4411 420 4494 statuere,
443 4417 558 4484 sed
590 4417 784 4482 credo
811 4428 1022 4482 tamen
1053 4415 1417 4483 etiamnunc
1443 4417 1617 4505 quod
1645 4417 1712 4482 in
1740 4425 2081 4482 comment.
2111 4411 2446 4501 epig-raph.
