2917 5017
445 290 570 357 236
1102 294 1186 345 De
1225 295 1489 345 dictatoris
1526 294 1763 346 Caesaris
1800 295 2101 347 honoribus.

449 455 866 523 Cavedonius
907 458 975 521 in
1013 457 1278 523 Bullett.
1317 456 1479 521 Inst.
1530 456 1690 521 1840
1731 478 1793 541 p.
1836 455 1950 532 39,
2010 456 2127 522 sed
2171 458 2295 523 hoc
2338 458 2535 525 ambo
2580 457 2753 523 intel·
2836 440 2838 481 ³

443 565 721 651 ligentes
737 612 756 643 ,
827 577 1010 631 notas
1069 587 1212 630 esse
1267 564 1629 629 numerales
1682 586 1797 648 pro
1850 586 1924 627 eo
1974 565 2153 649 quod
2207 568 2409 651 vulgo
2461 563 2757 631 scribitur

444 673 609 737 LII:
656 674 765 739 ille
807 696 1046 739 annum
1075 673 1298 737 aetatis
1329 670 1939 757 quinquagesimum
1970 673 2263 749 alterum,
2302 696 2496 758 quem
2528 670 2759 737 Caesar

443 805 612 848 anno
659 784 740 849 48
797 780 1059 869 agebat,
1117 780 1390 845 indicari
1441 778 1743 865 putabat,
1804 778 1913 845 hic
1957 780 2254 847 victorias
2296 782 2760 869 quinquaginta

446 890 630 966 duas,
671 914 834 975 quas
877 889 958 954 ab
1005 886 1282 953 Caesare
1325 888 1554 952 relatas
1598 887 1852 953 Plinius
1892 900 2204 954 numeret.
2283 890 2517 974 Neque
2555 900 2759 953 utrum

445 999 662 1063 verius
707 998 790 1063 sit
830 998 1160 1063 discerno:
1209 996 1330 1061 etsi
1371 996 1503 1060 duo
1540 994 1697 1060 haec
1742 996 1951 1073 video,
1997 1007 2061 1062 et
2096 997 2271 1083 apud
2313 997 2605 1062 Plinium
2646 997 2760 1061 iam

443 1106 513 1169 in
563 1106 1002 1171 recentissima
1061 1105 1340 1170 editione
1397 1126 1480 1168 ex
1524 1102 1818 1168 codicum
1864 1105 2236 1170 auctoritate
2282 1126 2413 1169 non
2458 1109 2761 1186 quinqua-
2836 1150 2838 1187 ἶ

438 1218 616 1296 giem
661 1224 721 1277 et
765 1214 880 1290 bis,
941 1213 1058 1277 sed
1113 1215 1565 1293 quinquagiens
1612 1212 1777 1297 legi,
1835 1222 1931 1287 et,
1990 1235 2137 1277 cum
2182 1213 2426 1277 nummi
2472 1212 2605 1289 illi,
2662 1214 2760 1296 qui

443 1322 694 1387 nullum
720 1319 1018 1386 Caesaris
1051 1320 1360 1385 honorem
1389 1330 1645 1404 praeter
1670 1319 2111 1404 pontificatum
2138 1322 2491 1387 maximum
2524 1321 2763 1385 dudum
2836 1338 2838 1349 ¹

445 1429 526 1495 ab
571 1452 648 1494 eo
695 1440 952 1514 gestum
991 1439 1487 1494 commemorent
1527 1428 1631 1491 vel
1670 1427 2056 1512 significent,
2102 1441 2249 1495 ante
2279 1430 2591 1495 victorias
2623 1430 2761 1494 belli
2836 1510 2838 1519 Ι

445 1539 654 1604 civilis
693 1538 846 1602 facti
885 1560 1028 1601 esse
1067 1537 1429 1612 videantur,
1471 1559 1699 1622 parum
1734 1538 2080 1603 convenire
2102 1538 2585 1625 quinquaginta
2614 1539 2762 1603 dna·

441 1670 586 1711 rum
629 1647 1041 1711 victoriarum
1085 1666 1448 1720 numerum,
1490 1665 1619 1728 quo
1663 1668 1884 1709 omnes
1928 1656 2243 1731 quotquot
2283 1656 2347 1717 et
2387 1647 2453 1710 in
2500 1646 2763 1711 Gallicis
2836 1712 2838 1737 ἶ

445 1764 508 1819 et
555 1754 624 1819 in
681 1753 980 1819 civilibus
1036 1753 1220 1819 bellis
1287 1762 1643 1838 reportatae
1710 1763 1861 1817 sunt
1926 1755 2601 1839 comprehendantur3
2667 1756 2761 1819 vix
2836 1738 2838 1793 Ῑ

447 1862 618 1927 enim
661 1872 832 1927 recte
869 1859 1304 1937 Cavedonius,
1343 1860 1521 1945 quod
1549 1858 1801 1924 Plinius
1842 1884 1882 1924 a
1912 1857 2193 1927 Caesare
2223 1862 2396 1929 dicat
2426 1886 2763 1927 numerum

443 1970 774 2035 hominum
834 1970 1020 2034 bellis
1076 1969 1378 2035 civilibus
1435 1968 1799 2033 occisorum
1858 1970 2379 2051 praetermissum
2438 1994 2594 2035 esse
2614 2019 2631 2047 ,
2692 1993 2761 2033 ne

447 2078 860 2143 victoriarum
901 2078 1160 2160 quidem
1201 2099 1543 2141 numerum
1588 2074 1668 2139 ab
1715 2098 1789 2139 eo
1828 2088 2044 2141 censet
2084 2078 2235 2162 poni
2270 2079 2397 2143 nisi
2440 2102 2623 2155 eum,
2666 2078 2762 2162 qui

445 2196 626 2251 extra
681 2184 850 2250 bella
905 2184 1122 2249 civilia
1161 2184 1554 2249 conficiatur.
1645 2184 2081 2249 Veruntamen
2120 2196 2269 2249 utut
2307 2185 2417 2249 illa
2455 2196 2620 2251 nota
2656 2209 2760 2249 nu·
2837 2272 2838 2277 ἵ

445 2294 702 2359 meralis
755 2294 1136 2379 explicanda
1183 2302 1318 2370 est,
1377 2290 1767 2369 Eckhelius,
1824 2294 1941 2377 qui
1991 2294 2235 2359 litteras
2290 2317 2433 2359 esse
2478 2294 2760 2381 putabat,
2836 2290 2838 2315 '

447 2401 791 2467 Caesarem
819 2402 948 2467 dici
975 2400 1380 2466 existimabat
1405 2406 1839 2482 Imperatorem
1869 2406 2158 2478 ITerum,
2186 2426 2380 2487 quam
2404 2404 2763 2489 opinionem

415 2500 519 2575 'ut
561 2511 1000 2584 confirmaret,
1041 2509 1198 2574 fecit
1235 2508 1693 2584 libentissime,
1740 2522 1813 2573 ut
1848 2509 2131 2575 Morellii
2177 2511 2259 2576 de
2298 2533 2569 2575 nummo
2615 2509 2761 2576 Gol-

446 2618 662 2683 tziano
703 2617 947 2703 iudicio
987 2617 1434 2693 assentiretur,
1484 2617 1837 2701 eademque
1880 2641 2079 2703 prava
2122 2619 2291 2705 signi
2338 2620 2521 2683 illius
2576 2620 2763 2683 inter-

448 2725 718 2811 pretatio
759 2723 1094 2790 Goltzium
1151 2733 1473 2800 moverat,
1532 2736 1609 2787 ut
1662 2735 1727 2789 et
1776 2725 1959 2789 illum
2006 2749 2342 2791 nummum
2384 2728 2668 2813 fingeret
2708 2736 2761 2790 et

446 2834 608 2899 alios
653 2834 1050 2925 complures,
1083 2834 1165 2896 de
1205 2832 1442 2916 quibus
1470 2832 1827 2897 Eckhelius
1872 2855 2001 2897 non
2036 2832 2355 2901 credidit..
2408 2834 2584 2901 Nam
2614 2832 2763 2899 Gol-

447 2942 620 3007 tzius
658 2942 876 3007 nescio
913 2964 1044 3026 quo
1067 2952 1258 3025 pacto
1303 2938 1693 3025 imperatorii
1736 2938 2013 3017 nominis
2062 2940 2439 3025 repetitione
2490 2942 2761 3007 delecta·
2836 3000 2838 3013 ,

449 3051 668 3115 batur:
719 3050 905 3114 finxit
947 3053 1376 3131 imperatorem
1416 3054 1549 3113 IIII
1578 3048 1863 3128 (Morell.
1907 3047 2057 3111 sam.
2096 3048 2283 3113 Rom.
2324 3070 2503 3112 num.
2547 3050 2761 3113 incert,
2836 3040 2838 3071 ³

447 3157 576 3225 tab.
627 3159 812 3223 XIX
865 3181 928 3221 n.
970 3158 1007 3220 5
1055 3168 1120 3221 et
1164 3156 1232 3239 7)
1297 3167 1360 3219 et
1413 3161 1843 3237 imperatorem
1893 3160 2179 3237 quintum
2234 3155 2421 3243 (ibid.
2478 3181 2546 3221 n.
2591 3158 2661 3241 8)
2708 3166 2762 3220 et
2836 3174 2838 3219 ;

450 3276 612 3342 tres,
657 3266 770 3349 qui
810 3275 1049 3327 sextum
1093 3268 1523 3345 imperatorem
1570 3262 1895 3328 celebrant
1938 3265 2033 3345 (n.
2072 3264 2112 3329 6
2155 3274 2219 3328 et
2268 3264 2343 3329 15
2386 3275 2451 3329 et
2501 3266 2643 3349 16),
2698 3274 2759 3327 ut
2837 3336 2838 3339 Ἴ

448 3373 696 3439 fraudis
754 3372 1068 3458 tegendae
1123 3371 1330 3457 gratia
1377 3394 1583 3436 unum
1634 3371 2085 3455 imperatorem
2148 3371 2407 3435 tertium
2462 3372 2756 3437 omiserit.
2836 3394 2838 3399 ¹

450 3479 640 3562 Quae
693 3502 837 3545 cum
888 3480 980 3545 ita
1037 3480 1198 3555 sint,
1254 3476 1497 3544 Caesar
1534 3478 1617 3543 ab
1660 3479 2127 3544 consuetudine
2173 3481 2559 3546 numerandi
2604 3479 2755 3543 tituli

447 3588 840 3675 imperatorii
892 3588 1152 3653 videtur
1203 3588 1625 3653 abstinuisse:
1692 3598 1981 3671 coeptam
2036 3610 2179 3652 eam
2222 3610 2367 3653 esse
2410 3611 2645 3653 censeo
2686 3586 2755 3651 ab

451 3697 811 3763 Octaviano
825 3742 843 3772 ,
901 3697 1018 3779 qui
1075 3718 1224 3759 cum
1275 3694 1629 3760 hereditate
1680 3695 2085 3781 imperatoris
2140 3718 2375 3761 nomen
2418 3696 2755 3783 accepisset

447 3805 666 3890 idque,
704 3814 778 3868 ut
808 3804 912 3868 ius
943 3802 1315 3869 hereditatis
1350 3812 1713 3879 testaretur,
1752 3802 1975 3867 crebro
2004 3815 2367 3891 usurparet,
2408 3827 2488 3868 ne
2513 3804 2753 3869 laudem

448 3912 920 3998 imperatoriam
978 3911 1336 3996 negligeret
1349 3957 1366 3987 ,
1437 3910 1683 3995 primus
1740 3910 1823 3975 ab
1874 3910 2057 3975 initio
2111 3910 2427 3975 bellorum
2485 3912 2751 3977 civilium

451 4019 752 4085 victorias
793 4041 1130 4084 numerare
1165 4018 1536 4094 instituerit,
1576 4039 1770 4102 quem
1807 4018 1902 4083 M.
1928 4018 2276 4095 Antonius,
2324 4015 2394 4083 S.
2419 4018 2747 4106 Pompeius

451 4127 688 4211 aliique
739 4127 1017 4212 partium
1066 4126 1268 4191 duces
1311 4125 1540 4191 imitati
1582 4137 1749 4190 sunt.
1842 4122 2085 4191 Caesar
2127 4127 2391 4211 quidem
2436 4128 2575 4213 ipse
2616 4148 2749 4191 con-

449 4246 666 4301 tentus
719 4244 856 4301 erat
905 4234 1166 4319 antiquo
1221 4234 1334 4299 illo
1387 4234 1790 4319 imperatoris
1850 4235 2139 4311 nomine,
2200 4235 2381 4319 quod
2423 4236 2607 4299 multi
2646 4234 2742 4297 ha-
