2917 5017
837 372 920 423 De
956 372 1214 423 dictatoris
1251 373 1489 427 Caesaris
1526 376 1823 429 honoribus.
2364 377 2487 445 247

161 542 372 601 tatem
427 536 538 602 illo
591 536 916 601 iudicante
972 534 1320 612 obtineret,
1371 560 1567 621 quam
1618 540 1951 626 epistolam
2004 554 2153 628 post
2208 545 2488 611 reditum

163 638 476 709 Caesaris
519 656 794 709 exeunte
839 665 1004 709 anno
1047 644 1127 709 45
1177 644 1479 731 scriptam
1522 669 1665 713 esse
1707 649 1857 714 hinc
1902 650 2249 729 discimus,
2308 654 2486 738 quod

157 751 456 817 Plancus
510 749 853 817 Caesarem
906 750 1168 817 iubetur
1222 753 1303 817 de
1357 753 1434 817 T.
1493 754 1777 822 Antistio
1828 758 2225 845 interrogare
2277 783 2486 846 neque

157 860 305 924 ulla
347 860 732 945 significatio
775 859 1055 936 additur,
1099 882 1266 945 quae
1304 885 1432 925 non
1472 886 1665 948 posse
1712 888 1859 930 eum
1901 882 2304 952 praesentem
2354 880 2485 935 sta-

154 966 280 1029 tim
319 968 484 1032 adiri
513 969 828 1033 ostendat.
883 968 1210 1033 Praetoris
1235 969 1438 1054 igitur
1466 970 1694 1036 urbani
1726 996 1995 1038 munera
2023 986 2177 1042 tunc
2203 977 2484 1043 Plancus

153 1074 404 1140 obibat.
493 1076 712 1162 Atque
773 1076 963 1140 etiam
1026 1077 1150 1141 alia
1204 1078 1450 1142 ratione
1506 1080 1587 1143 de
1644 1092 1940 1163 praetura
1997 1084 2136 1148 eius
2191 1108 2358 1149 anno
2404 1086 2483 1151 45

153 1195 352 1268 gesta
397 1184 874 1270 cognoscimus.
963 1184 1220 1249 Etenim
1264 1208 1393 1251 non
1437 1187 1631 1250 modo
1682 1211 1720 1252 a
1763 1185 2045 1254 Caesare
2092 1194 2321 1258 consul
2368 1194 2483 1260 de-

153 1293 464 1379 signatus
509 1302 608 1357 est
643 1292 710 1355 in
749 1315 989 1356 annum
1030 1292 1112 1357 42
1150 1314 1298 1358 cum
1342 1294 1430 1358 D.
1457 1296 1661 1359 Bruto
1698 1293 2087 1379 (Comment.
2113 1299 2185 1363 II
2221 1324 2282 1385 p.
2310 1302 2483 1382 234),

149 1424 396 1465 verum
435 1402 626 1465 etiam
667 1423 834 1465 anno
871 1400 952 1465 44
998 1399 1276 1465 Galliam
1313 1402 1805 1489 Transalpinam
1847 1406 2198 1490 regendam
2238 1410 2485 1494 accepit

151 1508 336 1593 (Cic.
393 1510 562 1574 Phil.
607 1510 740 1585 III,
801 1510 874 1573 15
889 1533 906 1584 3
969 1511 1156 1595 epist.
1197 1510 1300 1586 X,
1363 1517 1390 1575 1
1442 1512 1605 1595 sq.),
1670 1534 1791 1576 nec
1845 1522 2003 1597 puto
2058 1512 2140 1578 ab
2202 1512 2481 1582 Caesare

150 1620 404 1684 factum
426 1666 442 1692 ‚
501 1617 679 1703 quod
725 1638 978 1703 semper
1023 1619 1347 1684 rarissime
1391 1620 1645 1697 accidit,
1690 1630 1761 1684 ut
1800 1621 1867 1683 in
1908 1631 2085 1687 tanta
2124 1622 2483 1707 frequentia

151 1728 656 1813 magistratuum
674 1772 691 1801 ,
753 1747 947 1809 quam
998 1748 1266 1791 numero
1319 1738 1687 1812 praetorum
1732 1738 1792 1792 et
1836 1740 2248 1813 quaestorum
2292 1744 2481 1796 aucto

151 1837 502 1910 effecisset,
544 1836 626 1899 iis
669 1834 782 1918 qui
827 1833 1040 1898 nullos
1088 1833 1365 1900 honores
1411 1835 1803 1921 gessissent,
1852 1837 2216 1923 provincias
2256 1839 2480 1904 decer-

152 1956 361 2008 neret.
426 1944 568 2008 Iam
608 1952 859 2027 poterat
897 1942 1138 2007 Planco
1181 1943 1454 2008 fortasse
1498 1944 1687 2007 etiam
1729 1944 1853 2010 hoc
1890 1945 1971 2010 ab
2004 1944 2283 2011 Caesare
2328 1968 2479 2010 con-

151 2053 335 2129 cedi,
388 2064 490 2129 ut,
545 2051 719 2135 quod
764 2050 1082 2135 praetorio
1126 2072 1390 2116 munere
1433 2053 1697 2117 functus
1745 2066 1913 2117 esset
1936 2102 1952 2129 ,
2000 2054 2142 2141 ipsa
2178 2065 2483 2139 praetura

150 2162 454 2246 neglecta
507 2161 678 2224 inter
727 2158 1077 2244 praetorios
1121 2160 1509 2243 allegeretur
1554 2161 1823 2245 (multos
1862 2175 2077 2228 autem
2116 2163 2283 2228 inter
2324 2185 2480 2227 con-

153 2270 429 2345 sulares,
474 2268 849 2355 praetorios,
895 2268 1174 2351 reliquos
1220 2269 1482 2334 allectos
1528 2292 1672 2363 8888
1717 2271 1848 2335 Dio
1890 2272 2149 2348 XLIII,
2195 2272 2271 2337 47
2322 2273 2479 2335 scri-

149 2378 316 2463 bit);
383 2377 498 2443 sed
555 2400 636 2442 ex
693 2375 817 2441 hoc
874 2376 1225 2441 allectionis
1283 2398 1519 2461 genere
1568 2400 1777 2464 usque
1830 2379 1912 2443 ad
1952 2391 2237 2444 extrema
2279 2401 2487 2466 prope,

150 2488 406 2573 imperii
449 2498 736 2571 tempora
777 2484 1093 2549 neminem
1127 2506 1412 2569 unquam
1441 2486 1681 2553 scimus
1708 2486 2103 2572 provinciam
2132 2488 2477 2573 accepisse.

149 2596 382 2678 Quare
440 2618 584 2659 cum
643 2605 829 2659 antea
880 2592 1197 2658 Plancum
1254 2593 1544 2657 nondum
1602 2606 1959 2679 praetorem
2018 2596 2223 2661 fuisse
2284 2618 2480 2682 supra

147 2704 606 2778 docuerimus,
663 2701 1009 2775 efficietur,
1069 2711 1142 2763 ut
1197 2700 1342 2785 ipso
1382 2702 1493 2765 illo
1534 2724 1701 2767 anno
1743 2725 1873 2787 quo
1918 2704 2284 2788 praefectus
2328 2704 2477 2768 urbi

147 2815 296 2888 fuit,
337 2822 614 2877 exeunte
653 2820 1015 2895 praeturam
1057 2810 1396 2893 acceperit,
1437 2809 2115 2894 confirmabunturque
2154 2811 2478 2895 praeclare

147 2922 397 3007 insigni
457 2918 782 3003 exemplo,
839 2938 1003 3000 quae
1043 2916 1124 2980 de
1162 2917 1448 2981 omnium
1492 2917 1963 3001 praefectorum
2006 2916 2251 2981 ratione
2295 2918 2477 2982 anni-

146 3054 278 3115 que
328 3030 410 3094 45
467 3026 744 3093 comitiis
805 3036 950 3089 ante
1009 3026 1446 3109 exposuimus.
1543 3024 1807 3088 Nummi
1865 3034 2080 3088 autem
2126 3023 2477 3103 Goltziani,

143 3139 262 3224 qui
325 3138 454 3201 iam
516 3134 689 3200 citati
755 3143 938 3206 sunt,
1005 3132 1071 3195 in
1125 3132 1363 3217 quibus
1426 3154 1575 3197 cum
1628 3132 2101 3217 praefectorum
2158 3133 2478 3199 mentione

145 3258 386 3334 quarta
425 3242 726 3310 Caesaris
770 3239 1088 3304 dictatura
1131 3240 1565 3325 coniungitur,
1609 3262 1803 3325 quam
1845 3260 2149 3324 perverse
2194 3241 2478 3305 ementiti

149 3358 282 3423 sint
326 3364 613 3441 apparet.
682 3350 787 3414 Ex
832 3346 1058 3413 eodem
1101 3347 1222 3412 hoc
1261 3350 1733 3433 praefectorum
1777 3370 2013 3433 genere
2038 3349 2178 3412 fuit
2217 3346 2293 3413 C.
2322 3345 2477 3413 Clo-

147 3467 302 3530 vius
341 3460 666 3529 PRAEF·
707 3458 752 3522 i.
789 3480 845 3522 e.
889 3457 1275 3540 praefectus,
1319 3456 1432 3541 qui
1470 3456 1539 3519 in
1574 3456 1714 3521 aliis
1754 3455 2035 3519 nummis
2078 3456 2266 3520 tertia
2310 3453 2476 3520 Cae-

149 3574 319 3640 saris
360 3571 680 3636 dictatura
715 3564 1040 3649 inscriptis
1081 3564 1258 3651 apud
1285 3564 1556 3629 Eckhel.
1586 3563 1682 3628 VI
1721 3586 1784 3649 p.
1810 3564 1846 3628 7
1887 3573 1950 3627 et
1978 3560 2225 3627 Cavcd.
2264 3586 2329 3647 p.
2360 3564 2479 3630 152

150 3688 706 3748 commemoratur.
795 3673 944 3758 Ipse
991 3671 1181 3737 homo
1229 3671 1512 3756 ignotior
1548 3684 1677 3747 est,
1738 3668 2064 3757 probabile
2118 3681 2327 3736 tamen
2378 3671 2477 3735 vi·

151 3791 352 3855 detur
397 3808 562 3861 esse,
607 3783 886 3849 eundem
927 3780 1216 3864 legatum
1253 3802 1372 3864 pro
1411 3791 1701 3866 praetore
1744 3779 1918 3865 agris
1961 3778 2029 3843 in
2050 3778 2265 3844 Gallia
2308 3779 2478 3845 divi·

151 3896 390 3963 dendis
421 3916 563 3959 esse
586 3892 1001 3979 praefectum,
1037 3890 1120 3954 ad
1151 3912 1342 3974 quem
1367 3887 1598 3954 Cicero
1625 3888 1881 3971 scripsit
1905 3886 2239 3971 epistolam
2262 3886 2301 3951 7
2330 3886 2477 3951 libr.

153 4005 367 4081 XIII,
427 4003 508 4067 de
551 4022 680 4085 quo
727 3999 874 4064 olim
915 3996 1202 4063 diximus
1247 3997 1372 4083 ipsi
1413 3997 1481 4060 in
1522 4005 1861 4061 comment.
1908 3993 2111 4080 epigr.
2146 3993 2183 4059 Ι
2226 4017 2289 4080 p.
2332 3994 2477 4070 301,

157 4114 331 4177 idem
373 4112 648 4175 fortasse
693 4106 904 4182 etiam,
951 4126 1144 4191 quem
1187 4105 1318 4169 Dio
1356 4104 1507 4181 LII,
1551 4104 1631 4169 42
1670 4102 1735 4166 in
1782 4101 2215 4167 consularium
2251 4123 2479 4166 nume-

160 4243 304 4283 rum
351 4217 435 4282 ab
474 4217 784 4302 Augusto
830 4214 1101 4279 relatum
1147 4236 1290 4278 esse
1333 4211 1578 4278 scribit.
1659 4209 1823 4275 Nam
1863 4208 2008 4292 quis
2048 4209 2156 4273 ille
2196 4205 2273 4272 C.
2317 4205 2477 4273 Clu-

157 4328 304 4393 vius
352 4328 420 4391 in
465 4324 704 4391 celebri
751 4322 1068 4388 marmore
1111 4320 1286 4405 apud
1329 4318 1532 4384 Orell.
1574 4318 1780 4384 Inscr.
1807 4318 1971 4383 4859
2018 4317 2120 4392 sit,
2163 4316 2477 4379 incertum

163 4458 432 4522 prorsus
479 4454 622 4498 esse
668 4430 907 4495 iudico·
977 4428 1149 4493 Illud
1186 4436 1398 4492 autem
1443 4448 1573 4491 non
1616 4424 1830 4503 cred0,
1863 4425 2033 4510 quod
2063 4420 2478 4489 Cavedonius
