2917 5017
483 298 566 364 96
1144 304 1228 354 De
1267 301 1437 354 Gallia
1475 302 1829 354 Romanorum
1860 305 2137 368 provincia.

486 477 622 530 tum
678 467 791 544 sit,
851 467 963 532 illa
1019 489 1185 551 quae
1240 477 1495 552 praeter
1550 465 1887 530 militarem
1930 466 2313 552 relinquitur
2360 467 2559 532 civilis
2596 466 2757 534 iuris-

489 573 688 638 dictio
733 598 772 641 a
813 597 943 659 quo
991 575 1250 639 tandem
1293 575 1358 637 in
1398 571 1763 638 Germaniis
1808 572 2239 640 administrari
2284 576 2613 640 consuerit.
2682 578 2762 642 Ita

491 705 638 747 cum
664 683 1091 748 Fechteriana
1123 681 1286 746 ratio
1323 681 1487 746 mori
1521 682 1813 746 Romano
1858 683 2259 760 adversetur,
2300 684 2763 748 Mommseniana

487 803 658 856 certe
703 814 928 876 parum
967 790 1310 875 perspicua
1355 790 1438 854 sit
1476 801 1541 853 et
1582 812 1801 856 secum
1842 790 1985 876 ipsa
2025 790 2497 876 quodammodo
2534 805 2762 876 pugnet,

485 922 604 964 nos
657 899 921 983 quidem
975 900 1100 962 iam
1151 899 1390 962 omissa
1427 898 1811 981 refutatione
1857 899 1947 964 ita
1988 911 2270 964 nostram
2310 899 2765 985 disputationem

486 1029 968 1094 persequemur,
1009 1019 1082 1072 ut
1124 1007 1354 1082 omnia,
1398 1028 1565 1090 quae
1606 1006 2069 1073 dubitationem
2112 1009 2218 1073 vel
2260 1009 2539 1073 movisse
2580 1008 2764 1074 videa-

487 1140 632 1180 mus
687 1118 790 1182 vel
845 1138 1101 1180 movere
1158 1137 1348 1200 posse
1405 1115 1884 1193 existimemus,
1954 1116 2299 1202 diligenter
2348 1117 2765 1182 examinemus

488 1224 639 1305 Qua
676 1225 740 1287 in
786 1247 856 1288 re
901 1224 1158 1288 adiutos
1199 1245 1318 1286 nos
1359 1245 1505 1288 esse
1550 1224 1827 1289 fatemur
1871 1225 1992 1290 viri
2018 1225 2373 1291 doctissimi
2414 1225 2507 1288 M.
2535 1224 2764 1288 Roulez.

489 1331 1136 1396 commentatiuncula
1187 1331 1426 1396 inserta
1485 1332 1903 1398 relationibus
1957 1335 2136 1400 acad.
2184 1357 2322 1419 reg.
2370 1333 2611 1418 Belgic.
2648 1343 2767 1396 tom.

485 1439 740 1506 XXIII
779 1463 845 1504 n.
881 1441 952 1516 6,
1008 1438 1118 1524 qui
1174 1461 1320 1505 cum
1370 1440 1559 1504 novis
1613 1439 1741 1506 illis
1782 1441 2191 1526 opinionibus
2256 1464 2509 1505 omnem
2558 1438 2769 1504 Galliae

487 1549 926 1633 antiquitatem
968 1548 1330 1633 perturbari
1372 1549 1653 1624 videret,
1698 1549 1767 1613 id
1816 1550 1967 1634 egit,
2012 1559 2085 1614 ut
2125 1549 2491 1635 provincias
2538 1546 2770 1612 Germa·
2853 1585 2856 1622 3

488 1657 626 1722 nias
683 1657 886 1722 fuisse
947 1657 1332 1722 ostenderet.
1416 1656 1826 1748 Quamquam
1886 1680 2005 1722 nos
2058 1668 2255 1722 totam
2309 1679 2449 1720 rem
2502 1667 2563 1718 et
2616 1655 2771 1720 altius
2849 1623 2856 1756 J

487 1765 681 1850 paulo
717 1765 1135 1851 repetivimus
1179 1775 1241 1828 et
1275 1764 1547 1830 ulterius
1585 1767 1909 1852 persecuti
1956 1789 2201 1832 sumus.
2853 1761 2856 1864 J

658 1870 828 1938 Cum
871 1873 1073 1958 igitur
1113 1873 1461 1958 Augustus
1505 1897 1675 1938 anno
1710 1875 1788 1940 27
1834 1899 1891 1938 a.
1932 1871 2087 1940 Chr.
2130 1875 2477 1959 imperium
2522 1895 2661 1936 cum
2696 1894 2774 1934 se·
2851 1871 2856 2015 J

491 1991 646 2046 natu
685 1982 1052 2067 populoque
1096 1981 1388 2044 Romano
1427 1981 1802 2066 partiretur,
1856 1983 2227 2048 universam
2266 1981 2579 2067 Galliam,
2614 2001 2775 2064 quam

494 2088 781 2152 nondum
823 2089 978 2153 satis
1015 2099 1304 2172 pacatam
1348 2112 1493 2153 esse
1534 2091 1943 2166 existimaret,
1986 2091 2110 2156 sibi
2146 2091 2527 2164 reservavit,
2564 2111 2681 2172 qua
2712 2086 2774 2148 de

495 2220 566 2260 re
608 2197 741 2260 Dio
786 2193 973 2260 Cass,
1013 2195 1209 2272 LIII,
1270 2196 1346 2260 12
1393 2196 1489 2260 sic
1531 2199 1759 2264 refert:
1826 2204 1933 2262 τοῦ
1983 2201 2051 2262 δὲ
2101 2201 2175 2282 δὴ
2224 2197 2540 2283 Καίσαρος
2582 2195 2772 2280 (ἐνομί·
2854 2255 2856 2262 .

491 2306 757 2388 σθησαν)
801 2341 884 2350 -
931 2303 1202 2366 Γαλάται
1243 2308 1493 2382 πάντες,
1554 2308 1621 2369 οἵ
1664 2331 1728 2369 τε
1778 2305 2207 2394 Ναρβωνήσιοι
2250 2308 2349 2370 καὶ
2398 2309 2461 2368 οἱ
2506 2305 2769 2386 Aoo-5800·
2854 2337 2856 2372 ς

486 2415 683 2496 νήσιοι
726 2412 1077 2476 Ἀκυϊτανοί
1115 2413 1180 2475 τὲ
1224 2415 1323 2476 καὶ
1367 2413 1681 2493 Κελτικοὶ,
1746 2415 1927 2478 αὐτοί
1964 2438 2027 2478 τε
2071 2417 2171 2479 καὶ
2218 2417 2275 2477 οἱ
2320 2414 2569 2478 ἄποικοι
2613 2416 2770 2496 σφῶν.

485 2519 736 2584 Κελτῶν
789 2521 896 2602 γάρ
944 2543 1116 2596 τινες,
1181 2521 1288 2588 οὓς
1333 2523 1408 2605 δὴ
1463 2523 1815 2607 Γερμανοὺς
1858 2525 2203 2606 καλοῦμεν,
2263 2527 2467 2586 πᾶσαν
2513 2522 2615 2604 τὴν
2656 2521 2772 2602 πρὸς

486 2627 574 2714 τῷ
600 2627 810 2716 Ῥήνῳ
845 2627 1141 2712 Κελτικὴν
1187 2629 1597 2714 κατασχόντες
1642 2629 1982 2722 Γερμανίαν
2030 2630 2452 2713 ὀνομάζεσθαι
2498 2630 2770 2711 ἐποίησαν,

490 2737 596 2818 τὴν
663 2739 770 2820 μὲν
829 2737 992 2814 ἄνω,
1056 2737 1162 2819 τὴν
1219 2735 1370 2819 μετὰ
1424 2737 1530 2804 τὰς
1580 2743 1688 2801 τοῦ
1738 2742 2019 2821 ποταμοῦ
2065 2739 2291 2820 πηγάς,
2353 2738 2463 2820 τὴν
2518 2737 2585 2800 δὲ
2622 2737 2768 2806 κάτω,

487 2846 593 2928 τὴν
644 2846 824 2929 μέχρι
857 2851 964 2908 τοῦ
998 2844 1302 2908 Ὠκεανοῦ
1349 2850 1456 2908 τοῦ
1500 2842 1905 2928 Βρεττανικοῦ
1954 2843 2162 2908 οὖσαν.
2261 2844 2455 2925 Quae
2494 2842 2774 2930 quomodo

487 2954 782 3029 dixisset,
829 2954 1158 3038 explicans
1203 2953 1335 3016 Dio
1380 2953 1573 3039 paulo
1614 2933 1759 3037 post
1802 2952 2083 3018 addidit:
2149 2958 2339 3018 ταῦτα
2366 2955 2438 3016 δὲ
2476 2955 2632 3016 οῦτω
2670 2974 2773 3014 κατ-

491 3061 700 3138 έλεξα,
763 3063 852 3125 ὅτι
911 3066 1012 3124 νῦν
1071 3061 1261 3145 χωρὶς
1315 3061 1568 3123 ἕκαστον
1600 3061 1829 3128 ,αὐτῶν
1881 3061 2347 3144 ἣγεμονεύεται·
2424 3063 2559 3124 ἐπεὶ
2614 3064 2675 3124 τό
2725 3082 2777 3141 γε

489 3171 747 3254 ἀρχαῖον
808 3171 908 3232 καὶ
947 3169 1044 3231 ἐπὶ
1085 3167 1241 3230 πολὺ
1283 3169 1384 3230 καὶ
1425 3168 1648 3231 σύνδυο
1689 3170 1791 3231 καὶ
1838 3169 2083 3253 σῦντρια
2122 3170 2197 3232 τὰ
2228 3167 2375 3252 ἔθνη
2410 3171 2543 3254 ἅμα
2568 3170 2777 3254 ἤρχετο.

491 3274 628 3340 Suo
685 3277 887 3362 igitur
935 3285 1224 3361 tempore
1278 3275 1319 3338 i.
1363 3297 1420 3338 e.
1480 3276 1738 3340 saeculo
1789 3299 1853 3361 p.
1895 3272 2049 3342 Chr.
2102 3278 2291 3342 tertio
2346 3278 2639 3353 ineunte,
2692 3295 2776 3339 eas

488 3405 632 3450 esse
671 3385 760 3448 ait
794 3384 1192 3470 provincias,
1239 3406 1356 3448 suo
1394 3405 1719 3468 quamque
1761 3385 2043 3469 praesidi
2089 3398 2455 3471 parentem,
2507 3408 2659 3471 quas
2698 3404 2774 3446 re-

491 3493 830 3569 censuerit,
873 3503 946 3556 ut
991 3503 1146 3558 tunc
1171 3506 1301 3558 ‘sex
1343 3493 1410 3556 in
1441 3490 1674 3557 Galliis
1709 3492 2075 3576 provincias
2116 3493 2321 3560 fuisse
2356 3494 2767 3579 intelligamus,

489 3599 1004 3676 Narbonensem,
1050 3600 1597 3687 Lugdunensem,
1641 3599 2079 3683 Aquitaniam,
2132 3601 2489 3688 Belgicam,
2540 3600 2773 3666 Germa-

488 3709 658 3772 niam
706 3709 1104 3794 superiorem
1149 3720 1212 3774 et
1255 3709 1660 3774 inferiorem:
1719 3708 1897 3793 quod
1938 3720 2153 3774 autem
2196 3711 2419 3776 adiicit
2460 3707 2777 3793 antiquitus

490 3826 554 3880 et
599 3817 713 3880 diu
756 3817 1095 3902 pauciores
1136 3817 1339 3882 fuisse
1383 3817 1768 3903 provinciae,
1826 3828 1899 3882 ut
1939 3818 2127 3885 binae
2160 3820 2264 3885 vel
2292 3830 2509 3882 ternae
2536 3811 2779 3902 singulis

490 3923 898 4009 praesidibus
959 3923 1505 4010 obtemperarent,
1561 3925 1755 4010 paulo
1794 3927 2105 3992 incertius
2154 3938 2253 3992 est
2292 3949 2369 3992 ac
2406 3949 2487 3992 ne
2528 3927 2609 3990 de
2647 3921 2780 3988 Gal-

489 4032 594 4096 liis
632 4033 894 4117 quidem
909 4079 927 4108 ,
984 4054 1148 4117 quae
1193 4056 1418 4099 recens
1466 4032 1790 4098 subiectae
1836 4033 1997 4111 sint,
2041 4033 2441 4119 probabilem
2484 4034 2779 4100 coniectu-

488 4163 626 4206 ram
669 4140 968 4205 admittit.
1028 4141 1091 4205 A
1130 4163 1260 4226 quo
1297 4143 1500 4227 igitur
1542 4142 1973 4226 cognitionem
2012 4164 2235 4206 eorum
2268 4165 2434 4228 quae
2464 4143 2777 4227 Augustus

489 4249 572 4314 de
598 4248 828 4315 Galliis
875 4249 1226 4327 constituit,
1267 4250 1606 4335 petemus?
1676 4248 1786 4314 Ab
1834 4247 2169 4328 Strabone,
2214 4252 2461 4337 opinor,
2502 4251 2613 4336 qui
2657 4270 2777 4314 cum

488 4355 632 4444 ipsa
683 4359 794 4423 illa
849 4369 1052 4423 aetate
1107 4359 1369 4435 vixerit,
1441 4370 1580 4423 tum
1625 4381 1742 4445 pro
1784 4341 2119 4446 diligentia
2172 4383 2291 4426 sua
2332 4384 2407 4426 ea
2449 4381 2613 4444 quae
2652 4369 2777 4422 tunc
