2917 5017
492 379 617 446 230
1146 376 1231 423 De
1268 372 1534 423 dictatoris
1569 368 1808 419 Caesaris
1847 364 2140 413 honoribus·

494 541 773 611 faciendi
808 562 952 606 esse
990 536 1350 610 videantur,
1390 528 1904 617 praetemfietam
1946 516 2326 594 Eckhelius,
2367 517 2470 581 vir
2509 515 2782 580 eruditus

496 663 686 737 atque
722 646 1037 733 imprimis
1074 653 1437 709 geom-atus,
1473 639 1542 687 ,ἔα
1580 622 1784 689 doctr.
1824 648 2066 689 numm.
2111 624 2260 689 Vol.
2283 624 2382 690 VI
2419 649 2480 709 p.
2513 624 2592 687 14
2631 636 2784 707 post-

496 782 692 845 quam
746 756 947 821 multa
1008 750 1089 815 de
1150 733 1445 813 (uesaris
1509 732 1843 797 dictaturis
1909 730 2267 817 disputavit
2283 780 2302 807 ,
2365 733 2622 796 tandem
2677 732 2787 793 huc

497 865 791 939 devenit,
851 874 927 926 uf,
974 863 1122 905 ..am
1178 852 1470 923 quartam
1524 838 1905 903 dictaturam
1961 849 2238 903 exeunte
2283 862 2452 903 anno
2493 824 2612 915 45}
2669 852 2788 901 tum

498 996 716 1039 men„
766 972 901 1014 rere
953 947 1306 1013 Februario
1364 946 1515 1011 anni
1563 946 1642 1011 44
1704 946 2087 1010 dictaturam
2139 958 2516 1031 perpetuam
2536 994 2556 1023 ,
2617 971 2790 1033 quam

492 1082 607 1147 pro
647 1059 870 1143 quinta
908 1056 1094 1140 quasi
1130 1066 1444 1129 numerat,
1494 1054 1858 1138 suscepisse
1901 1063 2157 1117 statuat.
2245 1052 2444 1134 Quod
2485 1056 2790 1139 quomodo

492 1166 773 1231 effecerit
832 1163 1203 1249 singillatim
1258 1161 1559 1246 persequi
1619 1184 1696 1225 ac
1751 1162 2032 1225 refutare
2085 1171 2148 1224 et
2201 1160 2472 1246 longum
2533 1174 2638 1226 est
2695 1186 2792 1226 nec

493 1273 733 1358 suscipi
786 1270 993 1357 possit
1042 1293 1081 1333 a
1128 1268 1346 1344 nobis,
1409 1270 1536 1333 nisi
1597 1270 1799 1334 multa
1849 1292 1929 1333 ex
1983 1268 2065 1331 iis
2119 1290 2286 1353 quae
2340 1282 2489 1353 post
2539 1271 2794 1334 dicenda

493 1392 671 1457 sunt,
730 1400 1141 1463 occupemus.
1224 1377 1399 1441 Illud
1441 1399 1594 1440 vero
1633 1387 1847 1441 tacere
1888 1399 2014 1440 non
2061 1374 2407 1453 debemus,
2464 1377 2537 1441 in
2591 1378 2795 1462 quinta

492 1489 771 1575 quadam
810 1486 1163 1569 eademque
1198 1497 1510 1570 perpetua
1545 1484 1864 1549 dictatura
1901 1483 2331 1568 excogitanda
2357 1507 2633 1569 prorsus
2665 1510 2792 1549 eum

494 1622 641 1662 cum
684 1593 1017 1661 marmoris
1050 1590 1367 1657 Colotiani
1411 1592 1788 1656 auctoritate
1833 1614 2142 1677 pugnare,
2188 1593 2255 1656 in
2293 1614 2424 1676 quo
2455 1616 2612 1658 cum
2639 1596 2794 1657 nulla

490 1707 723 1770 lacuna
775 1704 893 1779 sit,
956 1702 1072 1766 sed
1130 1724 1349 1765 omnes
1408 1701 1491 1765 ab
1537 1722 1702 1765 anno
1748 1699 1827 1764 45
1875 1700 2290 1785 magistratus
2333 1716 2792 1778 recenseantur,

490 1815 582 1878 ita
623 1812 933 1899 scriptum
972 1810 1320 1896 reperitur:

578 1919 655 1984 C·
699 1916 1033 1985 IVLIVS·
1080 1916 1464 1981 CAESAR·
1505 1915 1661 2003 1111·
1708 1914 1915 1979 SINE
1959 1913 2426 1982 CONLEGA·
2467 1917 2641 1982 DIC

580 2028 739 2092 SVF
782 2026 867 2107 Q·
912 2021 1267 2089 FABIVS·
1312 2023 1658 2087 MAXIM·
1702 2021 1778 2088 C·
1818 2022 2359 2089 TREBONIVS·
2409 2022 2488 2087 C·
2535 2026 2617 2089 F·

746 2132 823 2197 C·
866 2128 1324 2196 CANINIVS·
1371 2128 1447 2193 C·
1492 2130 1547 2194 F

576 2240 909 2308 IVLIVS·
949 2236 1335 2303 CAESAR·
1377 2234 1622 2301 DICT·
1660 2238 1776 2301 IV·
1818 2238 1912 2301 M·
1950 2238 2420 2303 AEMILIVS·
2461 2239 2562 2303 M·
2605 2238 2730 2320 EQ

578 2348 656 2414 o·
699 2348 1033 2414 rvmvs·
1079 2344 1464 2411 CAESAR·
1503 2328 1586 2410 V·
1857 2346 1951 2409 M·
1993 2344 2482 2412 ANTONIVS·
2533 2348 2632 2411 M·
2675 2347 2727 2410 F

577 2457 735 2521 SVF
780 2457 856 2519 P·
904 2452 1449 2520 CORNELIVS·
1495 2454 1572 2517 P·
1619 2453 1674 2516 F

492 2564 688 2627 Nulla
744 2564 813 2625 in
863 2562 965 2627 his
1022 2584 1171 2627 cum
1225 2562 1337 2627 fiat
1396 2560 1656 2644 quintae
1709 2560 2064 2625 dictaturae
2121 2562 2358 2627 mentio
2374 2610 2393 2639 ,
2456 2586 2632 2647 quae
2679 2562 2732 2625 si
2769 2585 2800 2623 a

495 2667 774 2735 Caesare
816 2670 975 2733 inita
1014 2692 1091 2733 ac
1129 2670 1233 2733 vel
1271 2692 1386 2755 per
1421 2668 1620 2734 breve
1663 2680 1916 2752 tempus
1950 2678 2135 2752 gesta
2163 2684 2352 2745 esset,
2397 2671 2608 2733 omitti
2635 2669 2799 2733 nullo

493 2778 688 2843 modo
726 2778 956 2864 potuit,
998 2778 1321 2863 praeclare
1366 2777 1678 2840 fastorum
1715 2774 2228 2861 Capitolinorum
2267 2778 2622 2841 auctoritas
2661 2799 2799 2840 con-

490 2888 802 2962 firmatur,
846 2884 959 2969 qui
1001 2885 1152 2949 licet
1192 2885 1315 2949 hoc
1356 2884 1501 2947 loco
1527 2882 1608 2947 ab
1633 2884 1833 2947 altera
1861 2894 2037 2968 parte
2065 2883 2270 2947 mutili
2294 2882 2442 2960 sint,
2480 2884 2576 2949 ita
2599 2896 2797 2948 tamen

490 2996 642 3059 anni
669 2995 748 3059 44
794 2992 1091 3057 consules
1139 3015 1287 3056 cum
1331 2991 1730 3075 insequentis
1773 2991 1924 3054 anni
1966 2990 2342 3055 consulibus
2388 2993 2798 3078 coniungunt,

492 3115 566 3167 ut
585 3103 762 3167 nulla
783 3124 987 3166 novae
1011 3101 1365 3165 dictaturae
1405 3099 1688 3186 suspicio
1723 3098 1967 3163 moveri
1994 3099 2214 3182 possit.
2280 3097 2570 3165 Omnino
2595 3114 2798 3166 autem

492 3212 749 3294 quintae
807 3209 1160 3272 dictaturae
1212 3206 1510 3273 Caesaris
1569 3231 1700 3272 una
1753 3217 2002 3270 tantum
2057 3206 2376 3292 reperitur
2421 3230 2798 3273 commemo-

489 3317 653 3381 ratio
706 3316 880 3401 apud
937 3315 1217 3380 Dionem
1251 3315 1525 3391 XLIII,
1553 3315 1687 3381 49:
1755 3314 1862 3401 Τῷ
1909 3316 1977 3377 δὲ
2019 3315 2302 3399 ἐχομένῳ
2347 3314 2502 3393 ἔτει,
2570 3318 2632 3379 ἐν
2683 3314 2795 3401 ᾦό
2853 3356 2855 3365 1

493 3423 734 3508 Καῖσαρ
780 3424 1255 3507 ἐδικτατώρευσέ
1300 3436 1364 3487 τε
1410 3425 1542 3507 ἅμα
1583 3426 1649 3487 τὸ
1696 3422 2001 3506 πέμπτον,
2046 3424 2349 3507 ἵππαρχον
2391 3426 2494 3487 τὸν
2543 3424 2794 3487 Λέπιδον
2853 3412 2855 3439 ³

490 3534 852 3619 προςλαβὼν
916 3532 1018 3594 καὶ
1085 3532 1386 3594 ὑπάτευσε
1440 3532 1508 3593 τὸ
1567 3530 1838 3613 πέμπτον
1897 3534 2275 3614 συνάρχοντα
2327 3531 2428 3592 τὸν
2477 3530 2791 3594 ’Λντώνιον
2853 3530 2855 3555 ³

490 3640 967 3724 προςελόμενος,
1028 3638 1096 3703 in
1149 3637 1387 3723 quibus
1443 3647 1737 3722 apertum
1796 3636 2094 3703 videatur
2147 3659 2290 3701 esse
2343 3638 2790 3710 testimonium,

490 3746 667 3830 quod
722 3746 935 3809 hercle
992 3768 1140 3810 cum
1182 3745 1315 3809 Dio
1372 3768 1453 3809 ex
1511 3745 1810 3810 omnibus
1873 3745 1985 3829 qui
2040 3755 2258 3809 extant
2301 3746 2676 3811 auctoribus
2721 3744 2790 3807 de

491 3854 843 3919 honoribus
889 3850 1153 3917 Caesari
1195 3852 1429 3917 habitis
1475 3852 1844 3937 plenissime
1887 3854 2119 3917 referat
2136 3900 2152 3927 ‚
2198 3874 2606 3937 nequaquam
2651 3874 2790 3917 con·

491 3961 905 4025 temnendum
940 3982 1083 4025 esse
1120 3983 1435 4025 censeam.
1503 3961 1939 4025 Veruntamen
1971 3983 2354 4045 magnopere
2381 3961 2656 4027 dubium
2685 3972 2791 4034 est,

492 4092 647 4132 num
688 4068 1019 4153 scripserit
1059 4068 1149 4133 ita
1186 4069 1318 4132 Dio
1359 4090 1480 4132 nec
1519 4064 1930 4133 librariorum
1973 4071 2164 4155 culpa
2215 4068 2572 4148 addiderit,
2625 4067 2789 4153 quod

494 4177 549 4241 si
604 4176 685 4241 ab
738 4176 882 4261 ipso
928 4175 1288 4259 profectum
1346 4186 1550 4251 esset,
1611 4175 1860 4241 crimini
1901 4178 1960 4241 ei
2001 4178 2282 4243 daretur.
2349 4176 2595 4243 Omnes
2632 4177 2788 4241 enim

490 4295 741 4350 veteres
786 4282 1097 4349 editiones
1142 4305 1217 4347 ac
1262 4282 1518 4348 codices
1566 4286 1858 4349 nonnulli
1903 4308 2070 4369 quae
2111 4285 2278 4349 inter
2317 4285 2496 4371 prius
2541 4289 2608 4350 τὸ
2651 4285 2782 4366 πέμ-

492 4414 638 4453 πτον
684 4402 749 4455 et
790 4391 956 4455 inter
996 4391 1262 4454 alterum
1309 4390 1636 4457 interiecta
1678 4403 1848 4469 sunt,
1893 4393 2212 4470 omittunt,
2255 4404 2328 4456 ut
2373 4415 2522 4457 cum
2557 4400 2784 4479 pugnet
