<?xml version="1.0" encoding="UTF-8"?>
<!DOCTYPE html PUBLIC "-//W3C//DTD XHTML 1.0 Transitional//EN"
    "http://www.w3.org/TR/xhtml1/DTD/xhtml1-transitional.dtd">
<html xmlns="http://www.w3.org/1999/xhtml" xml:lang="en" lang="en">
 <head>
  <title>
</title>
<meta http-equiv="Content-Type" content="text/html;charset=utf-8" />
  <meta name='ocr-system' content='tesseract 3.04.00' />
  <meta name='ocr-capabilities' content='ocr_page ocr_carea ocr_par ocr_line ocrx_word'/>
</head>
<body>
  <div class='ocr_page' id='page_1' title='image "augustiwilhelmi01unkngoog_0389.png"; bbox 0 0 2917 5017; ppageno 0'>
   <div class='ocr_carea' id='block_1_1' title="bbox 439 368 2127 437">
    <p class='ocr_par' dir='ltr' id='par_1_1' title="bbox 439 368 2127 437">
     <span class='ocr_line' id='line_1_1' title="bbox 439 368 2127 437; baseline -0.013 -1"><span class='ocrx_word' id='word_1_1' title='bbox 439 370 562 437; x_wconf 82' lang='grc'><strong>374</strong></span> <span class='ocrx_word' id='word_1_2' title='bbox 1063 370 1147 421; x_wconf 82' lang='lat' dir='ltr'><strong>De</strong></span> <span class='ocrx_word' id='word_1_3' title='bbox 1187 370 1557 434; x_wconf 70' lang='lat' dir='ltr'><strong>propagatione</strong></span> <span class='ocrx_word' id='word_1_4' title='bbox 1594 368 1813 417; x_wconf 79' lang='lat' dir='ltr'><strong>civitatis</strong></span> <span class='ocrx_word' id='word_1_5' title='bbox 1844 368 2127 419; x_wconf 77' lang='lat' dir='ltr'><strong>Romanae.</strong></span> 
     </span>
    </p>
   </div>
   <div class='ocr_carea' id='block_1_2' title="bbox 431 529 2860 4512">
    <p class='ocr_par' dir='ltr' id='par_1_2' title="bbox 436 529 2841 840">
     <span class='ocr_line' id='line_1_2' title="bbox 436 529 2838 619; baseline -0.006 -16"><span class='ocrx_word' id='word_1_6' title='bbox 436 537 605 603; x_wconf 87' lang='lat' dir='ltr'><strong>niam</strong></span> <span class='ocrx_word' id='word_1_7' title='bbox 623 586 640 616; x_wconf 95' lang='lat'><em>‚</em></span> <span class='ocrx_word' id='word_1_8' title='bbox 685 536 882 603; x_wconf 89' lang='lat' dir='ltr'><strong>ceteri</strong></span> <span class='ocrx_word' id='word_1_9' title='bbox 923 534 1342 619; x_wconf 88' lang='lat' dir='ltr'><strong>imperatores</strong></span> <span class='ocrx_word' id='word_1_10' title='bbox 1386 530 1667 615; x_wconf 88' lang='lat' dir='ltr'><strong>reliquas</strong></span> <span class='ocrx_word' id='word_1_11' title='bbox 1708 529 2070 615; x_wconf 85' lang='lat' dir='ltr'><strong>provincias</strong></span> <span class='ocrx_word' id='word_1_12' title='bbox 2110 529 2200 595; x_wconf 87' lang='lat' dir='ltr'><strong>ita</strong></span> <span class='ocrx_word' id='word_1_13' title='bbox 2238 529 2634 603; x_wconf 83' lang='lat' dir='ltr'><strong>asciverunt,</strong></span> <span class='ocrx_word' id='word_1_14' title='bbox 2670 538 2732 590; x_wconf 87' lang='lat' dir='ltr'><strong>ut</strong></span> <span class='ocrx_word' id='word_1_15' title='bbox 2836 602 2838 607; x_wconf 88' lang='lat'><strong>.</strong></span> 
     </span>
     <span class='ocr_line' id='line_1_3' title="bbox 440 612 2841 757; baseline -0.005 -46"><span class='ocrx_word' id='word_1_16' title='bbox 440 643 794 723; x_wconf 80' lang='lat' dir='ltr'><strong>Caracallo,</strong></span> <span class='ocrx_word' id='word_1_17' title='bbox 844 640 1159 729; x_wconf 88' lang='lat' dir='ltr'><strong>quicquid</strong></span> <span class='ocrx_word' id='word_1_18' title='bbox 1201 640 1266 704; x_wconf 92' lang='lat' dir='ltr'><strong>in</strong></span> <span class='ocrx_word' id='word_1_19' title='bbox 1313 649 1446 703; x_wconf 88' lang='lat' dir='ltr'><strong>toto</strong></span> <span class='ocrx_word' id='word_1_20' title='bbox 1486 637 1757 722; x_wconf 89' lang='lat' dir='ltr'><strong>imperio</strong></span> <span class='ocrx_word' id='word_1_21' title='bbox 1798 637 2132 703; x_wconf 87' lang='lat' dir='ltr'><strong>hominum</strong></span> <span class='ocrx_word' id='word_1_22' title='bbox 2173 637 2599 723; x_wconf 87' lang='lat' dir='ltr'><strong>ingenuorum</strong></span> <span class='ocrx_word' id='word_1_23' title='bbox 2639 658 2729 699; x_wconf 85' lang='lat' dir='ltr'><strong>su·</strong></span> <span class='ocrx_word' id='word_1_24' title='bbox 2838 612 2841 757; x_wconf 48' lang='lat' dir='ltr'>y</span> 
     </span>
     <span class='ocr_line' id='line_1_4' title="bbox 437 744 1955 840; baseline -0.007 -21"><span class='ocrx_word' id='word_1_25' title='bbox 437 762 747 840; x_wconf 89' lang='lat' dir='ltr'><strong>peresset‚</strong></span> <span class='ocrx_word' id='word_1_26' title='bbox 789 773 920 816; x_wconf 91' lang='lat' dir='ltr'><strong>uno</strong></span> <span class='ocrx_word' id='word_1_27' title='bbox 963 750 1104 813; x_wconf 77' lang='lat' dir='ltr'><strong>iure</strong></span> <span class='ocrx_word' id='word_1_28' title='bbox 1150 746 1484 832; x_wconf 77' lang='lat' dir='ltr'>complecti</span> <span class='ocrx_word' id='word_1_29' title='bbox 1530 744 1717 810; x_wconf 84' lang='lat' dir='ltr'><strong>facile</strong></span> <span class='ocrx_word' id='word_1_30' title='bbox 1765 754 1955 809; x_wconf 87' lang='lat' dir='ltr'><strong>esset.</strong></span> 
     </span>
    </p>

    <p class='ocr_par' dir='ltr' id='par_1_3' title="bbox 431 801 2860 4512">
     <span class='ocr_line' id='line_1_5' title="bbox 607 801 2842 939; baseline -0.005 -11"><span class='ocrx_word' id='word_1_31' title='bbox 607 860 1030 928; x_wconf 86' lang='lat' dir='ltr'><strong>Absolvimus</strong></span> <span class='ocrx_word' id='word_1_32' title='bbox 1082 857 1252 931; x_wconf 89' lang='lat' dir='ltr'><strong>fere,</strong></span> <span class='ocrx_word' id='word_1_33' title='bbox 1308 853 1488 939; x_wconf 90' lang='lat' dir='ltr'><strong>quod</strong></span> <span class='ocrx_word' id='word_1_34' title='bbox 1536 853 1722 919; x_wconf 90' lang='lat' dir='ltr'><strong>nobis</strong></span> <span class='ocrx_word' id='word_1_35' title='bbox 1768 863 1905 919; x_wconf 88' lang='lat' dir='ltr'><strong>erat</strong></span> <span class='ocrx_word' id='word_1_36' title='bbox 1942 853 2379 939; x_wconf 89' lang='lat' dir='ltr'><strong>propositum,</strong></span> <span class='ocrx_word' id='word_1_37' title='bbox 2442 852 2559 917; x_wconf 90' lang='lat' dir='ltr'><strong>sed</strong></span> <span class='ocrx_word' id='word_1_38' title='bbox 2594 852 2731 916; x_wconf 87' lang='lat' dir='ltr'><strong>adii·</strong></span> <span class='ocrx_word' id='word_1_39' title='bbox 2840 801 2842 905; x_wconf 55' lang='lat' dir='ltr'><strong>l</strong></span> 
     </span>
     <span class='ocr_line' id='line_1_6' title="bbox 439 960 2844 1047; baseline -0.006 -11"><span class='ocrx_word' id='word_1_40' title='bbox 439 970 666 1037; x_wconf 86' lang='lat' dir='ltr'><strong>cienda</strong></span> <span class='ocrx_word' id='word_1_41' title='bbox 703 967 1092 1033; x_wconf 84' lang='lat' dir='ltr'><strong>videbantur</strong></span> <span class='ocrx_word' id='word_1_42' title='bbox 1130 986 1274 1030; x_wconf 90' lang='lat' dir='ltr'><strong>esse</strong></span> <span class='ocrx_word' id='word_1_43' title='bbox 1313 960 1652 1046; x_wconf 77' lang='lat' dir='ltr'><strong>quaedam,</strong></span> <span class='ocrx_word' id='word_1_44' title='bbox 1686 982 1853 1045; x_wconf 88' lang='lat' dir='ltr'><strong>quae</strong></span> <span class='ocrx_word' id='word_1_45' title='bbox 1889 960 1942 1025; x_wconf 90' lang='lat' dir='ltr'><strong>si</strong></span> <span class='ocrx_word' id='word_1_46' title='bbox 1970 983 2099 1025; x_wconf 90' lang='lat' dir='ltr'><strong>non</strong></span> <span class='ocrx_word' id='word_1_47' title='bbox 2130 960 2213 1025; x_wconf 88' lang='lat' dir='ltr'><strong>ad</strong></span> <span class='ocrx_word' id='word_1_48' title='bbox 2238 960 2731 1046; x_wconf 76' lang='lat' dir='ltr'><strong>propagationem</strong></span> <span class='ocrx_word' id='word_1_49' title='bbox 2842 988 2844 1047; x_wconf 37' lang='grc' dir='ltr'><strong>χ</strong></span> 
     </span>
     <span class='ocr_line' id='line_1_7' title="bbox 439 1048 2844 1154; baseline -0.006 -11"><span class='ocrx_word' id='word_1_50' title='bbox 439 1077 714 1143; x_wconf 86' lang='lat' dir='ltr'><strong>civitatis</strong></span> <span class='ocrx_word' id='word_1_51' title='bbox 746 1077 1096 1149; x_wconf 78' lang='lat' dir='ltr'><strong>Romanae,</strong></span> <span class='ocrx_word' id='word_1_52' title='bbox 1133 1072 1218 1137; x_wconf 90' lang='lat' dir='ltr'><strong>ad</strong></span> <span class='ocrx_word' id='word_1_53' title='bbox 1253 1070 1715 1135; x_wconf 87' lang='lat' dir='ltr'><strong>continendum</strong></span> <span class='ocrx_word' id='word_1_54' title='bbox 1746 1078 1957 1134; x_wconf 88' lang='lat' dir='ltr'><strong>tamen</strong></span> <span class='ocrx_word' id='word_1_55' title='bbox 1983 1068 2325 1154; x_wconf 85' lang='lat' dir='ltr'><strong>imperium</strong></span> <span class='ocrx_word' id='word_1_56' title='bbox 2354 1068 2733 1153; x_wconf 83' lang='lat' dir='ltr'><strong>pertinerent,</strong></span> <span class='ocrx_word' id='word_1_57' title='bbox 2842 1048 2844 1059; x_wconf 48' lang='lat'><strong>¹</strong></span> 
     </span>
     <span class='ocr_line' id='line_1_8' title="bbox 443 1176 2734 1267; baseline -0.005 -16"><span class='ocrx_word' id='word_1_58' title='bbox 443 1183 978 1267; x_wconf 88' lang='lat' dir='ltr'><strong>redeundumque</strong></span> <span class='ocrx_word' id='word_1_59' title='bbox 1023 1180 1214 1247; x_wconf 90' lang='lat' dir='ltr'><strong>simul</strong></span> <span class='ocrx_word' id='word_1_60' title='bbox 1251 1179 1338 1243; x_wconf 85' lang='lat' dir='ltr'><strong>ad</strong></span> <span class='ocrx_word' id='word_1_61' title='bbox 1378 1201 1553 1253; x_wconf 89' lang='lat' dir='ltr'><strong>eam,</strong></span> <span class='ocrx_word' id='word_1_62' title='bbox 1609 1202 1650 1243; x_wconf 89' lang='lat' dir='ltr'><strong>a</strong></span> <span class='ocrx_word' id='word_1_63' title='bbox 1686 1200 1815 1261; x_wconf 87' lang='lat' dir='ltr'><strong>qua</strong></span> <span class='ocrx_word' id='word_1_64' title='bbox 1834 1177 2129 1262; x_wconf 62' lang='lat' dir='ltr'><strong>profecti</strong></span> <span class='ocrx_word' id='word_1_65' title='bbox 2176 1198 2443 1253; x_wconf 87' lang='lat' dir='ltr'><strong>sumus,</strong></span> <span class='ocrx_word' id='word_1_66' title='bbox 2498 1176 2734 1261; x_wconf 83' lang='lat' dir='ltr'><strong>impera—</strong></span> 
     </span>
     <span class='ocr_line' id='line_1_9' title="bbox 437 1278 2846 1370; baseline -0.005 -12"><span class='ocrx_word' id='word_1_67' title='bbox 437 1293 595 1359; x_wconf 85' lang='lat' dir='ltr'><strong>toris</strong></span> <span class='ocrx_word' id='word_1_68' title='bbox 643 1290 905 1359; x_wconf 86' lang='lat' dir='ltr'><strong>Claudii</strong></span> <span class='ocrx_word' id='word_1_69' title='bbox 955 1289 1340 1362; x_wconf 86' lang='lat' dir='ltr'><strong>orationem,</strong></span> <span class='ocrx_word' id='word_1_70' title='bbox 1395 1307 1561 1370; x_wconf 88' lang='lat' dir='ltr'><strong>quae</strong></span> <span class='ocrx_word' id='word_1_71' title='bbox 1611 1283 1931 1369; x_wconf 87' lang='lat' dir='ltr'><strong>Lugduni</strong></span> <span class='ocrx_word' id='word_1_72' title='bbox 1978 1286 2240 1351; x_wconf 86' lang='lat' dir='ltr'><strong>inventa</strong></span> <span class='ocrx_word' id='word_1_73' title='bbox 2290 1296 2411 1349; x_wconf 90' lang='lat' dir='ltr'><strong>est.</strong></span> <span class='ocrx_word' id='word_1_74' title='bbox 2512 1284 2736 1349; x_wconf 87' lang='lat' dir='ltr'><strong>Etenim</strong></span> <span class='ocrx_word' id='word_1_75' title='bbox 2844 1278 2846 1281; x_wconf 41' lang='lat'><em>⁴</em></span> 
     </span>
     <span class='ocr_line' id='line_1_10' title="bbox 439 1391 2737 1481; baseline -0.005 -13"><span class='ocrx_word' id='word_1_76' title='bbox 439 1403 942 1468; x_wconf 87' lang='lat' dir='ltr'><strong>demonstratum</strong></span> <span class='ocrx_word' id='word_1_77' title='bbox 1005 1418 1150 1463; x_wconf 87' lang='lat' dir='ltr'><strong>esse</strong></span> <span class='ocrx_word' id='word_1_78' title='bbox 1211 1404 1513 1481; x_wconf 86' lang='lat' dir='ltr'><strong>putamus</strong></span> <span class='ocrx_word' id='word_1_79' title='bbox 1570 1391 2053 1478; x_wconf 77' lang='lat' dir='ltr'><strong>Lugdunenses</strong></span> <span class='ocrx_word' id='word_1_80' title='bbox 2072 1441 2090 1470; x_wconf 95' lang='lat'><strong>,</strong></span> <span class='ocrx_word' id='word_1_81' title='bbox 2162 1416 2245 1459; x_wconf 85' lang='lat' dir='ltr'><strong>ex</strong></span> <span class='ocrx_word' id='word_1_82' title='bbox 2306 1415 2449 1478; x_wconf 92' lang='lat' dir='ltr'><strong>quo</strong></span> <span class='ocrx_word' id='word_1_83' title='bbox 2512 1392 2737 1457; x_wconf 89' lang='lat' dir='ltr'><strong>omnino</strong></span> 
     </span>
     <span class='ocr_line' id='line_1_11' title="bbox 439 1500 2743 1591; baseline -0.005 -15"><span class='ocrx_word' id='word_1_84' title='bbox 439 1510 681 1577; x_wconf 88' lang='lat' dir='ltr'><strong>conditi</strong></span> <span class='ocrx_word' id='word_1_85' title='bbox 742 1518 926 1584; x_wconf 89' lang='lat' dir='ltr'><strong>sunt,</strong></span> <span class='ocrx_word' id='word_1_86' title='bbox 995 1506 1308 1591; x_wconf 90' lang='lat' dir='ltr'><strong>optimum</strong></span> <span class='ocrx_word' id='word_1_87' title='bbox 1371 1500 1651 1567; x_wconf 86' lang='lat' dir='ltr'><strong>civitatis</strong></span> <span class='ocrx_word' id='word_1_88' title='bbox 1712 1501 1817 1566; x_wconf 91' lang='lat' dir='ltr'><strong>ius</strong></span> <span class='ocrx_word' id='word_1_89' title='bbox 1877 1502 2185 1567; x_wconf 80' lang='lat' dir='ltr'><strong>habuisse</strong></span> <span class='ocrx_word' id='word_1_90' title='bbox 2242 1524 2459 1585; x_wconf 91' lang='lat' dir='ltr'><strong>neque</strong></span> <span class='ocrx_word' id='word_1_91' title='bbox 2516 1500 2599 1565; x_wconf 87' lang='lat' dir='ltr'><strong>ad</strong></span> <span class='ocrx_word' id='word_1_92' title='bbox 2652 1523 2743 1565; x_wconf 84' lang='lat' dir='ltr'><strong>eos</strong></span> 
     </span>
     <span class='ocr_line' id='line_1_12' title="bbox 439 1609 2850 1703; baseline -0.005 -17"><span class='ocrx_word' id='word_1_93' title='bbox 439 1618 692 1685; x_wconf 89' lang='lat' dir='ltr'><strong>Galliae</strong></span> <span class='ocrx_word' id='word_1_94' title='bbox 731 1615 1096 1703; x_wconf 80' lang='lat' dir='ltr'><strong>principum</strong></span> <span class='ocrx_word' id='word_1_95' title='bbox 1139 1634 1388 1699; x_wconf 78' lang='lat' dir='ltr'><strong>preces,</strong></span> <span class='ocrx_word' id='word_1_96' title='bbox 1439 1611 1550 1695; x_wconf 90' lang='lat' dir='ltr'><strong>qui</strong></span> <span class='ocrx_word' id='word_1_97' title='bbox 1599 1610 1922 1675; x_wconf 83' lang='lat' dir='ltr'><strong>civitatem</strong></span> <span class='ocrx_word' id='word_1_98' title='bbox 1969 1610 2220 1675; x_wconf 86' lang='lat' dir='ltr'><strong>dudum</strong></span> <span class='ocrx_word' id='word_1_99' title='bbox 2264 1610 2491 1695; x_wconf 88' lang='lat' dir='ltr'><strong>adepti</strong></span> <span class='ocrx_word' id='word_1_100' title='bbox 2532 1609 2611 1674; x_wconf 86' lang='lat' dir='ltr'><strong>ab</strong></span> <span class='ocrx_word' id='word_1_101' title='bbox 2644 1610 2745 1674; x_wconf 89' lang='lat' dir='ltr'><strong>im·</strong></span> <span class='ocrx_word' id='word_1_102' title='bbox 2848 1678 2850 1681; x_wconf 10' lang='grc' dir='ltr'><em>Α</em></span> 
     </span>
     <span class='ocr_line' id='line_1_13' title="bbox 439 1718 2747 1814; baseline -0.005 -22"><span class='ocrx_word' id='word_1_103' title='bbox 439 1739 730 1814; x_wconf 87' lang='lat' dir='ltr'><strong>peratore</strong></span> <span class='ocrx_word' id='word_1_104' title='bbox 768 1726 872 1791; x_wconf 90' lang='lat' dir='ltr'><strong>ius</strong></span> <span class='ocrx_word' id='word_1_105' title='bbox 914 1724 1234 1789; x_wconf 86' lang='lat' dir='ltr'><strong>honorum</strong></span> <span class='ocrx_word' id='word_1_106' title='bbox 1277 1729 1599 1805; x_wconf 87' lang='lat' dir='ltr'><strong>peterent,</strong></span> <span class='ocrx_word' id='word_1_107' title='bbox 1662 1720 1795 1785; x_wconf 93' lang='lat' dir='ltr'><strong>ullo</strong></span> <span class='ocrx_word' id='word_1_108' title='bbox 1845 1730 2033 1805; x_wconf 86' lang='lat' dir='ltr'><strong>pacto</strong></span> <span class='ocrx_word' id='word_1_109' title='bbox 2088 1718 2505 1804; x_wconf 79' lang='lat' dir='ltr'><strong>pertinuisse.</strong></span> <span class='ocrx_word' id='word_1_110' title='bbox 2590 1718 2747 1799; x_wconf 83' lang='lat' dir='ltr'><strong>Quid</strong></span> 
     </span>
     <span class='ocr_line' id='line_1_14' title="bbox 435 1823 2852 1921; baseline -0.003 -22"><span class='ocrx_word' id='word_1_111' title='bbox 435 1835 638 1921; x_wconf 82' lang='lat' dir='ltr'><strong>igitur</strong></span> <span class='ocrx_word' id='word_1_112' title='bbox 677 1844 845 1908; x_wconf 86' lang='lat' dir='ltr'><strong>erat,</strong></span> <span class='ocrx_word' id='word_1_113' title='bbox 899 1831 1077 1917; x_wconf 89' lang='lat' dir='ltr'><strong>quod</strong></span> <span class='ocrx_word' id='word_1_114' title='bbox 1117 1829 1340 1895; x_wconf 89' lang='lat' dir='ltr'><strong>tabula</strong></span> <span class='ocrx_word' id='word_1_115' title='bbox 1375 1827 1727 1893; x_wconf 87' lang='lat' dir='ltr'><strong>orationem</strong></span> <span class='ocrx_word' id='word_1_116' title='bbox 1770 1823 2031 1892; x_wconf 87' lang='lat' dir='ltr'><strong>Claudii</strong></span> <span class='ocrx_word' id='word_1_117' title='bbox 2075 1836 2471 1910; x_wconf 84' lang='lat' dir='ltr'><strong>senatusque</strong></span> <span class='ocrx_word' id='word_1_118' title='bbox 2516 1828 2749 1892; x_wconf 85' lang='lat' dir='ltr'><strong>consul·</strong></span> <span class='ocrx_word' id='word_1_119' title='bbox 2850 1862 2852 1877; x_wconf 88' lang='lat'><em>=</em></span> 
     </span>
     <span class='ocr_line' id='line_1_15' title="bbox 437 1934 2854 2031; baseline -0.003 -25"><span class='ocrx_word' id='word_1_120' title='bbox 437 1956 609 2018; x_wconf 89' lang='lat' dir='ltr'><strong>tum,</strong></span> <span class='ocrx_word' id='word_1_121' title='bbox 667 1941 846 2028; x_wconf 90' lang='lat' dir='ltr'><strong>quod</strong></span> <span class='ocrx_word' id='word_1_122' title='bbox 885 1962 966 2005; x_wconf 90' lang='lat' dir='ltr'><strong>ex</strong></span> <span class='ocrx_word' id='word_1_123' title='bbox 1009 1962 1084 2003; x_wconf 88' lang='lat' dir='ltr'><strong>ea</strong></span> <span class='ocrx_word' id='word_1_124' title='bbox 1125 1938 1370 2003; x_wconf 84' lang='lat' dir='ltr'><strong>factum</strong></span> <span class='ocrx_word' id='word_1_125' title='bbox 1425 1945 1559 2011; x_wconf 89' lang='lat' dir='ltr'><strong>est,</strong></span> <span class='ocrx_word' id='word_1_126' title='bbox 1616 1934 1950 1999; x_wconf 88' lang='lat' dir='ltr'><strong>continens</strong></span> <span class='ocrx_word' id='word_1_127' title='bbox 1994 1934 2313 2020; x_wconf 86' lang='lat' dir='ltr'><strong>Lugduni</strong></span> <span class='ocrx_word' id='word_1_128' title='bbox 2360 1935 2749 2021; x_wconf 89' lang='lat' dir='ltr'><strong>potissimum</strong></span> <span class='ocrx_word' id='word_1_129' title='bbox 2852 2028 2854 2031; x_wconf 6' lang='grc' dir='ltr'><em>Α</em></span> 
     </span>
     <span class='ocr_line' id='line_1_16' title="bbox 438 2041 2750 2127; baseline -0.004 -10"><span class='ocrx_word' id='word_1_130' title='bbox 438 2048 902 2117; x_wconf 77' lang='lat' dir='ltr'><strong>collocaretur?</strong></span> <span class='ocrx_word' id='word_1_131' title='bbox 989 2044 1129 2111; x_wconf 89' lang='lat' dir='ltr'><strong>Cur</strong></span> <span class='ocrx_word' id='word_1_132' title='bbox 1167 2045 1328 2109; x_wconf 88' lang='lat' dir='ltr'><strong>haec</strong></span> <span class='ocrx_word' id='word_1_133' title='bbox 1366 2043 1643 2109; x_wconf 84' lang='lat' dir='ltr'><strong>maxime</strong></span> <span class='ocrx_word' id='word_1_134' title='bbox 1686 2041 1879 2121; x_wconf 90' lang='lat' dir='ltr'><strong>urbs,</strong></span> <span class='ocrx_word' id='word_1_135' title='bbox 1934 2043 2003 2107; x_wconf 92' lang='lat' dir='ltr'><strong>in</strong></span> <span class='ocrx_word' id='word_1_136' title='bbox 2044 2065 2176 2127; x_wconf 87' lang='lat' dir='ltr'><strong>qua</strong></span> <span class='ocrx_word' id='word_1_137' title='bbox 2218 2043 2540 2109; x_wconf 87' lang='lat' dir='ltr'><strong>memoria</strong></span> <span class='ocrx_word' id='word_1_138' title='bbox 2580 2044 2750 2109; x_wconf 91' lang='lat' dir='ltr'><strong>bene-</strong></span> 
     </span>
     <span class='ocr_line' id='line_1_17' title="bbox 435 2150 2752 2241; baseline -0.004 -18"><span class='ocrx_word' id='word_1_139' title='bbox 435 2158 566 2224; x_wconf 89' lang='lat' dir='ltr'><strong>ficii</strong></span> <span class='ocrx_word' id='word_1_140' title='bbox 619 2156 701 2223; x_wconf 89' lang='lat' dir='ltr'><strong>ab</strong></span> <span class='ocrx_word' id='word_1_141' title='bbox 757 2157 1140 2241; x_wconf 85' lang='lat' dir='ltr'><strong>imperatore</strong></span> <span class='ocrx_word' id='word_1_142' title='bbox 1193 2150 1442 2237; x_wconf 90' lang='lat' dir='ltr'><strong>accepti</strong></span> <span class='ocrx_word' id='word_1_143' title='bbox 1492 2150 1952 2226; x_wconf 88' lang='lat' dir='ltr'><strong>celebraretur,</strong></span> <span class='ocrx_word' id='word_1_144' title='bbox 2011 2151 2214 2216; x_wconf 88' lang='lat' dir='ltr'><strong>electa</strong></span> <span class='ocrx_word' id='word_1_145' title='bbox 2270 2161 2403 2227; x_wconf 89' lang='lat' dir='ltr'><strong>est,</strong></span> <span class='ocrx_word' id='word_1_146' title='bbox 2476 2172 2607 2215; x_wconf 87' lang='lat' dir='ltr'><strong>non</strong></span> <span class='ocrx_word' id='word_1_147' title='bbox 2660 2162 2752 2216; x_wconf 85' lang='lat' dir='ltr'><strong>aut</strong></span> 
     </span>
     <span class='ocr_line' id='line_1_18' title="bbox 436 2258 2753 2346; baseline -0.004 -15"><span class='ocrx_word' id='word_1_148' title='bbox 436 2267 814 2331; x_wconf 86' lang='lat' dir='ltr'><strong>Aeduorum</strong></span> <span class='ocrx_word' id='word_1_149' title='bbox 853 2272 964 2328; x_wconf 88' lang='lat' dir='ltr'><strong>aut</strong></span> <span class='ocrx_word' id='word_1_150' title='bbox 999 2261 1374 2346; x_wconf 82' lang='lat' dir='ltr'><strong>Lingonum</strong></span> <span class='ocrx_word' id='word_1_151' title='bbox 1412 2268 1526 2322; x_wconf 89' lang='lat' dir='ltr'><strong>aut</strong></span> <span class='ocrx_word' id='word_1_152' title='bbox 1566 2258 1691 2323; x_wconf 82' lang='lat' dir='ltr'><strong>ah‘a</strong></span> <span class='ocrx_word' id='word_1_153' title='bbox 1716 2259 1930 2343; x_wconf 85' lang='lat' dir='ltr'><strong>aliqua</strong></span> <span class='ocrx_word' id='word_1_154' title='bbox 1956 2258 2182 2323; x_wconf 87' lang='lat' dir='ltr'><strong>civitas</strong></span> <span class='ocrx_word' id='word_1_155' title='bbox 2208 2258 2571 2334; x_wconf 88' lang='lat' dir='ltr'><strong>foederata,</strong></span> <span class='ocrx_word' id='word_1_156' title='bbox 2608 2281 2753 2344; x_wconf 82' lang='lat' dir='ltr'><strong>quae</strong></span> 
     </span>
     <span class='ocr_line' id='line_1_19' title="bbox 435 2365 2756 2460; baseline -0.003 -21"><span class='ocrx_word' id='word_1_157' title='bbox 435 2371 836 2460; x_wconf 86' lang='lat' dir='ltr'><strong>imperatoris</strong></span> <span class='ocrx_word' id='word_1_158' title='bbox 873 2369 1254 2435; x_wconf 87' lang='lat' dir='ltr'><strong>liberalitate</strong></span> <span class='ocrx_word' id='word_1_159' title='bbox 1293 2367 1673 2431; x_wconf 82' lang='lat' dir='ltr'><strong>ornaretur?</strong></span> <span class='ocrx_word' id='word_1_160' title='bbox 1741 2365 1879 2433; x_wconf 87' lang='lat' dir='ltr'><strong>Alii</strong></span> <span class='ocrx_word' id='word_1_161' title='bbox 1921 2366 2327 2452; x_wconf 87' lang='lat' dir='ltr'><strong>Lugdunum</strong></span> <span class='ocrx_word' id='word_1_162' title='bbox 2368 2368 2756 2454; x_wconf 85' lang='lat' dir='ltr'><strong>metropolim</strong></span> 
     </span>
     <span class='ocr_line' id='line_1_20' title="bbox 435 2475 2759 2562; baseline -0.003 -15"><span class='ocrx_word' id='word_1_163' title='bbox 435 2483 640 2547; x_wconf 87' lang='lat' dir='ltr'><strong>fuisse</strong></span> <span class='ocrx_word' id='word_1_164' title='bbox 681 2481 906 2547; x_wconf 89' lang='lat' dir='ltr'><strong>dicunt</strong></span> <span class='ocrx_word' id='word_1_165' title='bbox 943 2481 1166 2561; x_wconf 87' lang='lat' dir='ltr'><strong>(atque</strong></span> <span class='ocrx_word' id='word_1_166' title='bbox 1203 2477 1294 2541; x_wconf 89' lang='lat' dir='ltr'><strong>ita</strong></span> <span class='ocrx_word' id='word_1_167' title='bbox 1329 2476 1506 2561; x_wconf 88' lang='lat' dir='ltr'><strong>apud</strong></span> <span class='ocrx_word' id='word_1_168' title='bbox 1545 2476 1816 2543; x_wconf 89' lang='lat' dir='ltr'><strong>Ptolem.</strong></span> <span class='ocrx_word' id='word_1_169' title='bbox 1842 2476 1932 2552; x_wconf 89' lang='grc' dir='ltr'><strong>Π,</strong></span> <span class='ocrx_word' id='word_1_170' title='bbox 1970 2478 2030 2553; x_wconf 87' lang='lat'><strong>8,</strong></span> <span class='ocrx_word' id='word_1_171' title='bbox 2082 2476 2150 2543; x_wconf 84' lang='lat'><strong>17</strong></span> <span class='ocrx_word' id='word_1_172' title='bbox 2190 2475 2589 2562; x_wconf 81' lang='lat' dir='ltr'><strong>appellatur)</strong></span> <span class='ocrx_word' id='word_1_173' title='bbox 2628 2476 2759 2540; x_wconf 82' lang='lat' dir='ltr'><strong>vul·-</strong></span> 
     </span>
     <span class='ocr_line' id='line_1_21' title="bbox 437 2575 2760 2676; baseline -0.003 -21"><span class='ocrx_word' id='word_1_174' title='bbox 437 2610 652 2676; x_wconf 86' lang='lat' dir='ltr'><strong>goque</strong></span> <span class='ocrx_word' id='word_1_175' title='bbox 712 2588 780 2651; x_wconf 91' lang='lat' dir='ltr'><strong>in</strong></span> <span class='ocrx_word' id='word_1_176' title='bbox 830 2582 1292 2669; x_wconf 89' lang='lat' dir='ltr'><strong>metropolibus</strong></span> <span class='ocrx_word' id='word_1_177' title='bbox 1351 2583 1563 2649; x_wconf 88' lang='lat' dir='ltr'><strong>edicta</strong></span> <span class='ocrx_word' id='word_1_178' title='bbox 1625 2575 1701 2649; x_wconf 87' lang='lat' dir='ltr'><strong>ac</strong></span> <span class='ocrx_word' id='word_1_179' title='bbox 1758 2585 1937 2669; x_wconf 87' lang='lat' dir='ltr'><strong>leges</strong></span> <span class='ocrx_word' id='word_1_180' title='bbox 1992 2585 2265 2671; x_wconf 90' lang='lat' dir='ltr'><strong>proponi</strong></span> <span class='ocrx_word' id='word_1_181' title='bbox 2324 2585 2760 2661; x_wconf 81' lang='lat' dir='ltr'><strong>consuevisse,</strong></span> 
     </span>
     <span class='ocr_line' id='line_1_22' title="bbox 436 2689 2759 2788; baseline -0.004 -23"><span class='ocrx_word' id='word_1_182' title='bbox 436 2698 542 2765; x_wconf 85' lang='lat' dir='ltr'><strong>alii</strong></span> <span class='ocrx_word' id='word_1_183' title='bbox 583 2708 774 2781; x_wconf 88' lang='lat' dir='ltr'><strong>atque</strong></span> <span class='ocrx_word' id='word_1_184' title='bbox 813 2693 1132 2779; x_wconf 88' lang='lat' dir='ltr'><strong>imprimis</strong></span> <span class='ocrx_word' id='word_1_185' title='bbox 1169 2689 1368 2777; x_wconf 86' lang='lat' dir='ltr'><strong>Alph.</strong></span> <span class='ocrx_word' id='word_1_186' title='bbox 1411 2692 1815 2788; x_wconf 83' lang='lat' dir='ltr'><strong>Boissievius</strong></span> <span class='ocrx_word' id='word_1_187' title='bbox 1857 2693 1925 2758; x_wconf 92' lang='lat' dir='ltr'><strong>in</strong></span> <span class='ocrx_word' id='word_1_188' title='bbox 1969 2694 2527 2779; x_wconf 87' lang='lat' dir='ltr'><strong>praestantissimo</strong></span> <span class='ocrx_word' id='word_1_189' title='bbox 2578 2714 2759 2778; x_wconf 88' lang='lat' dir='ltr'><strong>opere</strong></span> 
     </span>
     <span class='ocr_line' id='line_1_23' title="bbox 435 2798 2757 2889; baseline -0.003 -17"><span class='ocrx_word' id='word_1_190' title='bbox 435 2806 518 2871; x_wconf 93' lang='lat' dir='ltr'><strong>de</strong></span> <span class='ocrx_word' id='word_1_191' title='bbox 552 2800 1042 2889; x_wconf 85' lang='lat' dir='ltr'><strong>antiquitatibus</strong></span> <span class='ocrx_word' id='word_1_192' title='bbox 1070 2798 1635 2885; x_wconf 86' lang='lat' dir='ltr'><strong>Lugdunensibus</strong></span> <span class='ocrx_word' id='word_1_193' title='bbox 1670 2822 1733 2885; x_wconf 90' lang='lat' dir='ltr'><strong>p.</strong></span> <span class='ocrx_word' id='word_1_194' title='bbox 1765 2801 1883 2867; x_wconf 80' lang='lat'><strong>135</strong></span> <span class='ocrx_word' id='word_1_195' title='bbox 1932 2803 2451 2868; x_wconf 87' lang='lat' dir='ltr'><strong>coniunctionem</strong></span> <span class='ocrx_word' id='word_1_196' title='bbox 2492 2802 2757 2885; x_wconf 82' lang='lat' dir='ltr'><strong>aliquam</strong></span> 
     </span>
     <span class='ocr_line' id='line_1_24' title="bbox 433 2906 2757 2979; baseline -0.002 -1"><span class='ocrx_word' id='word_1_197' title='bbox 433 2912 877 2979; x_wconf 81' lang='lat' dir='ltr'><strong>intercessisse</strong></span> <span class='ocrx_word' id='word_1_198' title='bbox 934 2918 1223 2975; x_wconf 85' lang='lat' dir='ltr'><strong>statuunt</strong></span> <span class='ocrx_word' id='word_1_199' title='bbox 1275 2908 1446 2971; x_wconf 91' lang='lat' dir='ltr'><strong>inter</strong></span> <span class='ocrx_word' id='word_1_200' title='bbox 1486 2907 1838 2973; x_wconf 88' lang='lat' dir='ltr'><strong>orationem</strong></span> <span class='ocrx_word' id='word_1_201' title='bbox 1886 2906 2148 2975; x_wconf 90' lang='lat' dir='ltr'><strong>Claudii</strong></span> <span class='ocrx_word' id='word_1_202' title='bbox 2190 2923 2254 2974; x_wconf 90' lang='lat' dir='ltr'><strong>et</strong></span> <span class='ocrx_word' id='word_1_203' title='bbox 2296 2910 2469 2975; x_wconf 86' lang='lat' dir='ltr'><strong>inter</strong></span> <span class='ocrx_word' id='word_1_204' title='bbox 2521 2909 2757 2977; x_wconf 88' lang='lat' dir='ltr'><strong>celebre</strong></span> 
     </span>
     <span class='ocr_line' id='line_1_25' title="bbox 435 3014 2757 3107; baseline -0.002 -19"><span class='ocrx_word' id='word_1_205' title='bbox 435 3020 725 3107; x_wconf 86' lang='lat' dir='ltr'><strong>Augusti</strong></span> <span class='ocrx_word' id='word_1_206' title='bbox 787 3018 1099 3104; x_wconf 90' lang='lat' dir='ltr'><strong>templum</strong></span> <span class='ocrx_word' id='word_1_207' title='bbox 1149 3014 1469 3101; x_wconf 88' lang='lat' dir='ltr'><strong>Lugduni</strong></span> <span class='ocrx_word' id='word_1_208' title='bbox 1528 3017 1981 3093; x_wconf 89' lang='lat' dir='ltr'><strong>constitutum,</strong></span> <span class='ocrx_word' id='word_1_209' title='bbox 2046 3017 2161 3083; x_wconf 85' lang='lat' dir='ltr'><strong>sed</strong></span> <span class='ocrx_word' id='word_1_210' title='bbox 2216 3018 2429 3103; x_wconf 81' lang='lat' dir='ltr'><strong>qualis</strong></span> <span class='ocrx_word' id='word_1_211' title='bbox 2484 3042 2569 3085; x_wconf 88' lang='lat' dir='ltr'><strong>ea</strong></span> <span class='ocrx_word' id='word_1_212' title='bbox 2620 3042 2757 3085; x_wconf 89' lang='lat' dir='ltr'><strong>con-</strong></span> 
     </span>
     <span class='ocr_line' id='line_1_26' title="bbox 432 3121 2860 3210; baseline -0 -15"><span class='ocrx_word' id='word_1_213' title='bbox 432 3130 676 3197; x_wconf 87' lang='lat' dir='ltr'><strong>iunctio</strong></span> <span class='ocrx_word' id='word_1_214' title='bbox 719 3127 946 3203; x_wconf 87' lang='lat' dir='ltr'><strong>fuerit,</strong></span> <span class='ocrx_word' id='word_1_215' title='bbox 1007 3126 1222 3191; x_wconf 90' lang='lat' dir='ltr'><strong>minus</strong></span> <span class='ocrx_word' id='word_1_216' title='bbox 1267 3124 1605 3191; x_wconf 87' lang='lat' dir='ltr'><strong>definiunt.</strong></span> <span class='ocrx_word' id='word_1_217' title='bbox 1712 3126 1849 3192; x_wconf 86' lang='lat' dir='ltr'><strong>Nos</strong></span> <span class='ocrx_word' id='word_1_218' title='bbox 1901 3126 2165 3210; x_wconf 89' lang='lat' dir='ltr'><strong>quidem</strong></span> <span class='ocrx_word' id='word_1_219' title='bbox 2214 3124 2630 3205; x_wconf 88' lang='lat' dir='ltr'><strong>dubitamus,</strong></span> <span class='ocrx_word' id='word_1_220' title='bbox 2686 3152 2757 3194; x_wconf 86' lang='lat' dir='ltr'><strong>an</strong></span> <span class='ocrx_word' id='word_1_221' title='bbox 2858 3121 2860 3151; x_wconf 65' lang='lat'>⁹</span> 
     </span>
     <span class='ocr_line' id='line_1_27' title="bbox 437 3230 2755 3322; baseline -0.001 -18"><span class='ocrx_word' id='word_1_222' title='bbox 437 3250 779 3321; x_wconf 88' lang='lat' dir='ltr'><strong>utrumque</strong></span> <span class='ocrx_word' id='word_1_223' title='bbox 822 3234 1295 3319; x_wconf 88' lang='lat' dir='ltr'><strong>quodammodo</strong></span> <span class='ocrx_word' id='word_1_224' title='bbox 1337 3230 1867 3317; x_wconf 75' lang='lat' dir='ltr'><strong>coniungendam</strong></span> <span class='ocrx_word' id='word_1_225' title='bbox 1907 3232 2443 3320; x_wconf 87' lang='lat' dir='ltr'><strong>Lugdunumque</strong></span> <span class='ocrx_word' id='word_1_226' title='bbox 2486 3248 2553 3303; x_wconf 92' lang='lat' dir='ltr'><strong>et</strong></span> <span class='ocrx_word' id='word_1_227' title='bbox 2594 3236 2755 3322; x_wconf 89' lang='lat' dir='ltr'><strong>quod</strong></span> 
     </span>
     <span class='ocr_line' id='line_1_28' title="bbox 437 3340 2754 3427; baseline -0.001 -16"><span class='ocrx_word' id='word_1_228' title='bbox 437 3344 776 3411; x_wconf 85' lang='lat' dir='ltr'><strong>Gallorum</strong></span> <span class='ocrx_word' id='word_1_229' title='bbox 831 3342 1200 3427; x_wconf 88' lang='lat' dir='ltr'><strong>metropolis</strong></span> <span class='ocrx_word' id='word_1_230' title='bbox 1253 3351 1390 3405; x_wconf 89' lang='lat' dir='ltr'><strong>erat</strong></span> <span class='ocrx_word' id='word_1_231' title='bbox 1439 3351 1505 3405; x_wconf 92' lang='lat' dir='ltr'><strong>et</strong></span> <span class='ocrx_word' id='word_1_232' title='bbox 1557 3340 1735 3426; x_wconf 88' lang='lat' dir='ltr'><strong>quod</strong></span> <span class='ocrx_word' id='word_1_233' title='bbox 1783 3340 2091 3426; x_wconf 85' lang='lat' dir='ltr'><strong>templum</strong></span> <span class='ocrx_word' id='word_1_234' title='bbox 2132 3343 2421 3427; x_wconf 89' lang='lat' dir='ltr'><strong>Augusti</strong></span> <span class='ocrx_word' id='word_1_235' title='bbox 2464 3344 2754 3422; x_wconf 85' lang='lat' dir='ltr'><strong>habebat,</strong></span> 
     </span>
     <span class='ocr_line' id='line_1_29' title="bbox 435 3449 2751 3537; baseline 0.001 -19"><span class='ocrx_word' id='word_1_236' title='bbox 435 3452 710 3519; x_wconf 89' lang='lat' dir='ltr'><strong>electum</strong></span> <span class='ocrx_word' id='word_1_237' title='bbox 761 3452 875 3527; x_wconf 91' lang='lat' dir='ltr'><strong>sit,</strong></span> <span class='ocrx_word' id='word_1_238' title='bbox 933 3450 1000 3515; x_wconf 89' lang='lat' dir='ltr'><strong>in</strong></span> <span class='ocrx_word' id='word_1_239' title='bbox 1043 3471 1174 3532; x_wconf 89' lang='lat' dir='ltr'><strong>quo</strong></span> <span class='ocrx_word' id='word_1_240' title='bbox 1214 3449 1619 3535; x_wconf 89' lang='lat' dir='ltr'><strong>imperatoris</strong></span> <span class='ocrx_word' id='word_1_241' title='bbox 1662 3449 1863 3515; x_wconf 88' lang='lat' dir='ltr'><strong>oratio</strong></span> <span class='ocrx_word' id='word_1_242' title='bbox 1906 3450 2037 3513; x_wconf 90' lang='lat' dir='ltr'><strong>aeri</strong></span> <span class='ocrx_word' id='word_1_243' title='bbox 2079 3450 2284 3534; x_wconf 65' lang='lat' dir='ltr'><strong>incisa</strong></span> <span class='ocrx_word' id='word_1_244' title='bbox 2320 3450 2587 3537; x_wconf 90' lang='lat' dir='ltr'><strong>publice</strong></span> <span class='ocrx_word' id='word_1_245' title='bbox 2632 3454 2751 3520; x_wconf 87' lang='lat' dir='ltr'><strong>eol-</strong></span> 
     </span>
     <span class='ocr_line' id='line_1_30' title="bbox 433 3556 2749 3643; baseline 0 -18"><span class='ocrx_word' id='word_1_246' title='bbox 433 3562 771 3626; x_wconf 85' lang='lat' dir='ltr'><strong>locaretur.</strong></span> <span class='ocrx_word' id='word_1_247' title='bbox 851 3558 1017 3623; x_wconf 89' lang='lat' dir='ltr'><strong>Nam</strong></span> <span class='ocrx_word' id='word_1_248' title='bbox 1073 3556 1364 3643; x_wconf 90' lang='lat' dir='ltr'><strong>profecto</strong></span> <span class='ocrx_word' id='word_1_249' title='bbox 1423 3556 1479 3620; x_wconf 86' lang='lat' dir='ltr'><strong>si</strong></span> <span class='ocrx_word' id='word_1_250' title='bbox 1538 3558 1991 3643; x_wconf 87' lang='lat' dir='ltr'><strong>metropolium</strong></span> <span class='ocrx_word' id='word_1_251' title='bbox 2030 3557 2193 3623; x_wconf 91' lang='lat' dir='ltr'><strong>illud</strong></span> <span class='ocrx_word' id='word_1_252' title='bbox 2235 3568 2484 3625; x_wconf 86' lang='lat' dir='ltr'><strong>tantum</strong></span> <span class='ocrx_word' id='word_1_253' title='bbox 2530 3562 2749 3628; x_wconf 84' lang='lat' dir='ltr'><strong>fuisset</strong></span> 
     </span>
     <span class='ocr_line' id='line_1_31' title="bbox 433 3665 2743 3755; baseline 0 -22"><span class='ocrx_word' id='word_1_254' title='bbox 433 3667 796 3755; x_wconf 88' lang='lat' dir='ltr'><strong>proprium,</strong></span> <span class='ocrx_word' id='word_1_255' title='bbox 865 3675 938 3731; x_wconf 91' lang='lat' dir='ltr'><strong>ut</strong></span> <span class='ocrx_word' id='word_1_256' title='bbox 983 3665 1162 3751; x_wconf 88' lang='lat' dir='ltr'><strong>leges</strong></span> <span class='ocrx_word' id='word_1_257' title='bbox 1207 3676 1272 3731; x_wconf 91' lang='lat' dir='ltr'><strong>et</strong></span> <span class='ocrx_word' id='word_1_258' title='bbox 1317 3666 1529 3732; x_wconf 88' lang='lat' dir='ltr'><strong>edicta</strong></span> <span class='ocrx_word' id='word_1_259' title='bbox 1573 3666 1945 3751; x_wconf 87' lang='lat' dir='ltr'><strong>praesidum</strong></span> <span class='ocrx_word' id='word_1_260' title='bbox 1985 3666 2054 3731; x_wconf 89' lang='lat' dir='ltr'><strong>in</strong></span> <span class='ocrx_word' id='word_1_261' title='bbox 2096 3665 2177 3731; x_wconf 89' lang='lat' dir='ltr'><strong>iis</strong></span> <span class='ocrx_word' id='word_1_262' title='bbox 2225 3682 2743 3754; x_wconf 88' lang='lat' dir='ltr'><strong>proponerentur,</strong></span> 
     </span>
     <span class='ocr_line' id='line_1_32' title="bbox 434 3774 2743 3861; baseline 0 -20"><span class='ocrx_word' id='word_1_263' title='bbox 434 3798 565 3861; x_wconf 88' lang='lat' dir='ltr'><strong>qua</strong></span> <span class='ocrx_word' id='word_1_264' title='bbox 601 3775 684 3841; x_wconf 85' lang='lat' dir='ltr'><strong>de</strong></span> <span class='ocrx_word' id='word_1_265' title='bbox 719 3796 790 3841; x_wconf 89' lang='lat' dir='ltr'><strong>re</strong></span> <span class='ocrx_word' id='word_1_266' title='bbox 831 3785 1085 3860; x_wconf 89' lang='lat' dir='ltr'><strong>praeter</strong></span> <span class='ocrx_word' id='word_1_267' title='bbox 1121 3784 1366 3839; x_wconf 87' lang='lat' dir='ltr'><strong>ceteros</strong></span> <span class='ocrx_word' id='word_1_268' title='bbox 1407 3774 1851 3860; x_wconf 90' lang='lat' dir='ltr'><strong>copiosissime</strong></span> <span class='ocrx_word' id='word_1_269' title='bbox 1880 3775 1998 3839; x_wconf 85' lang='lat' dir='ltr'><strong>Ez.</strong></span> <span class='ocrx_word' id='word_1_270' title='bbox 2036 3774 2469 3859; x_wconf 88' lang='lat' dir='ltr'><strong>Spanhemius</strong></span> <span class='ocrx_word' id='word_1_271' title='bbox 2514 3777 2597 3842; x_wconf 90' lang='lat' dir='ltr'><strong>de</strong></span> <span class='ocrx_word' id='word_1_272' title='bbox 2630 3800 2743 3843; x_wconf 88' lang='lat' dir='ltr'><strong>usu</strong></span> 
     </span>
     <span class='ocr_line' id='line_1_33' title="bbox 433 3882 2741 3969; baseline 0 -20"><span class='ocrx_word' id='word_1_273' title='bbox 433 3894 498 3949; x_wconf 88' lang='lat' dir='ltr'><strong>et</strong></span> <span class='ocrx_word' id='word_1_274' title='bbox 554 3892 895 3969; x_wconf 87' lang='lat' dir='ltr'><strong>praestant.</strong></span> <span class='ocrx_word' id='word_1_275' title='bbox 953 3904 1130 3947; x_wconf 90' lang='lat' dir='ltr'><strong>num.</strong></span> <span class='ocrx_word' id='word_1_276' title='bbox 1168 3883 1203 3948; x_wconf 95' lang='lat' dir='ltr'>I</span> <span class='ocrx_word' id='word_1_277' title='bbox 1255 3904 1316 3967; x_wconf 90' lang='lat' dir='ltr'><strong>p.</strong></span> <span class='ocrx_word' id='word_1_278' title='bbox 1354 3882 1477 3949; x_wconf 82' lang='lat'><strong>637</strong></span> <span class='ocrx_word' id='word_1_279' title='bbox 1547 3882 1865 3967; x_wconf 85' lang='lat' dir='ltr'><strong>disputat,</strong></span> <span class='ocrx_word' id='word_1_280' title='bbox 1940 3906 2097 3948; x_wconf 89' lang='lat' dir='ltr'><strong>num</strong></span> <span class='ocrx_word' id='word_1_281' title='bbox 2166 3894 2369 3961; x_wconf 86' lang='lat' dir='ltr'><strong>esset,</strong></span> <span class='ocrx_word' id='word_1_282' title='bbox 2450 3906 2569 3950; x_wconf 93' lang='lat' dir='ltr'><strong>cur</strong></span> <span class='ocrx_word' id='word_1_283' title='bbox 2634 3886 2741 3951; x_wconf 90' lang='lat' dir='ltr'><strong>hoc</strong></span> 
     </span>
     <span class='ocr_line' id='line_1_34' title="bbox 432 3990 2739 4079; baseline 0 -22"><span class='ocrx_word' id='word_1_284' title='bbox 432 4001 918 4057; x_wconf 87' lang='lat' dir='ltr'><strong>monumentum</strong></span> <span class='ocrx_word' id='word_1_285' title='bbox 971 4012 1100 4057; x_wconf 88' lang='lat' dir='ltr'><strong>non</strong></span> <span class='ocrx_word' id='word_1_286' title='bbox 1153 3990 1330 4078; x_wconf 83' lang='lat' dir='ltr'><strong>apud</strong></span> <span class='ocrx_word' id='word_1_287' title='bbox 1387 4014 1497 4057; x_wconf 87' lang='lat' dir='ltr'><strong>eos</strong></span> <span class='ocrx_word' id='word_1_288' title='bbox 1517 4040 1534 4069; x_wconf 99' lang='lat'><strong>,</strong></span> <span class='ocrx_word' id='word_1_289' title='bbox 1600 3991 1685 4057; x_wconf 88' lang='lat' dir='ltr'><strong>ad</strong></span> <span class='ocrx_word' id='word_1_290' title='bbox 1737 4014 1901 4076; x_wconf 91' lang='lat' dir='ltr'><strong>quos</strong></span> <span class='ocrx_word' id='word_1_291' title='bbox 1958 3992 2337 4078; x_wconf 87' lang='lat' dir='ltr'><strong>pertineret,</strong></span> <span class='ocrx_word' id='word_1_292' title='bbox 2406 3994 2523 4058; x_wconf 89' lang='lat' dir='ltr'><strong>sed</strong></span> <span class='ocrx_word' id='word_1_293' title='bbox 2581 3993 2739 4079; x_wconf 86' lang='lat' dir='ltr'><strong>apud</strong></span> 
     </span>
     <span class='ocr_line' id='line_1_35' title="bbox 431 4098 2735 4186; baseline 0 -21"><span class='ocrx_word' id='word_1_294' title='bbox 431 4099 914 4184; x_wconf 88' lang='lat' dir='ltr'><strong>Lugdunenses</strong></span> <span class='ocrx_word' id='word_1_295' title='bbox 960 4098 1405 4164; x_wconf 87' lang='lat' dir='ltr'><strong>collocandum</strong></span> <span class='ocrx_word' id='word_1_296' title='bbox 1449 4098 1654 4165; x_wconf 87' lang='lat' dir='ltr'><strong>fuisse</strong></span> <span class='ocrx_word' id='word_1_297' title='bbox 1698 4100 2075 4166; x_wconf 85' lang='lat' dir='ltr'><strong>videretur?</strong></span> <span class='ocrx_word' id='word_1_298' title='bbox 2152 4099 2383 4186; x_wconf 87' lang='lat' dir='ltr'><strong>Neque</strong></span> <span class='ocrx_word' id='word_1_299' title='bbox 2422 4102 2591 4167; x_wconf 90' lang='lat' dir='ltr'><strong>enim</strong></span> <span class='ocrx_word' id='word_1_300' title='bbox 2630 4102 2735 4165; x_wconf 87' lang='lat' dir='ltr'><strong>im-</strong></span> 
     </span>
     <span class='ocr_line' id='line_1_36' title="bbox 433 4206 2735 4292; baseline 0.002 -21"><span class='ocrx_word' id='word_1_301' title='bbox 433 4206 746 4292; x_wconf 86' lang='lat' dir='ltr'><strong>peratoris</strong></span> <span class='ocrx_word' id='word_1_302' title='bbox 787 4206 990 4271; x_wconf 89' lang='lat' dir='ltr'><strong>oratio</strong></span> <span class='ocrx_word' id='word_1_303' title='bbox 1029 4206 1198 4292; x_wconf 89' lang='lat' dir='ltr'><strong>legis</strong></span> <span class='ocrx_word' id='word_1_304' title='bbox 1239 4217 1351 4271; x_wconf 88' lang='lat' dir='ltr'><strong>aut</strong></span> <span class='ocrx_word' id='word_1_305' title='bbox 1389 4208 1582 4273; x_wconf 86' lang='lat' dir='ltr'><strong>edicti</strong></span> <span class='ocrx_word' id='word_1_306' title='bbox 1624 4208 1833 4275; x_wconf 90' lang='lat' dir='ltr'><strong>vicem</strong></span> <span class='ocrx_word' id='word_1_307' title='bbox 1872 4207 2147 4285; x_wconf 83' lang='lat' dir='ltr'><strong>obtinet3</strong></span> <span class='ocrx_word' id='word_1_308' title='bbox 2192 4230 2273 4273; x_wconf 89' lang='lat' dir='ltr'><strong>ne</strong></span> <span class='ocrx_word' id='word_1_309' title='bbox 2306 4220 2567 4275; x_wconf 86' lang='lat' dir='ltr'><strong>senatus</strong></span> <span class='ocrx_word' id='word_1_310' title='bbox 2599 4232 2735 4275; x_wconf 89' lang='lat' dir='ltr'><strong>con-</strong></span> 
     </span>
     <span class='ocr_line' id='line_1_37' title="bbox 437 4313 2733 4404; baseline 0.002 -25"><span class='ocrx_word' id='word_1_311' title='bbox 437 4313 676 4379; x_wconf 88' lang='lat' dir='ltr'><strong>sultum</strong></span> <span class='ocrx_word' id='word_1_312' title='bbox 721 4314 1015 4399; x_wconf 85' lang='lat' dir='ltr'><strong>quidem,</strong></span> <span class='ocrx_word' id='word_1_313' title='bbox 1063 4315 1239 4399; x_wconf 90' lang='lat' dir='ltr'><strong>quod</strong></span> <span class='ocrx_word' id='word_1_314' title='bbox 1281 4336 1360 4379; x_wconf 86' lang='lat' dir='ltr'><strong>ex</strong></span> <span class='ocrx_word' id='word_1_315' title='bbox 1401 4338 1479 4381; x_wconf 88' lang='lat' dir='ltr'><strong>ea</strong></span> <span class='ocrx_word' id='word_1_316' title='bbox 1519 4316 1761 4382; x_wconf 87' lang='lat' dir='ltr'><strong>factum</strong></span> <span class='ocrx_word' id='word_1_317' title='bbox 1807 4327 1939 4395; x_wconf 86' lang='lat' dir='ltr'><strong>est,</strong></span> <span class='ocrx_word' id='word_1_318' title='bbox 1984 4316 2075 4384; x_wconf 88' lang='lat' dir='ltr'><strong>ita</strong></span> <span class='ocrx_word' id='word_1_319' title='bbox 2118 4329 2253 4383; x_wconf 86' lang='lat' dir='ltr'><strong>erat</strong></span> <span class='ocrx_word' id='word_1_320' title='bbox 2298 4330 2733 4404; x_wconf 88' lang='lat' dir='ltr'><strong>comparatum,</strong></span> 
     </span>
     <span class='ocr_line' id='line_1_38' title="bbox 435 4421 2735 4512; baseline 0.003 -28"><span class='ocrx_word' id='word_1_321' title='bbox 435 4434 510 4485; x_wconf 91' lang='lat' dir='ltr'><strong>ut</strong></span> <span class='ocrx_word' id='word_1_322' title='bbox 557 4422 900 4507; x_wconf 86' lang='lat' dir='ltr'><strong>quicquam</strong></span> <span class='ocrx_word' id='word_1_323' title='bbox 943 4421 1228 4501; x_wconf 87' lang='lat' dir='ltr'><strong>iuberet,</strong></span> <span class='ocrx_word' id='word_1_324' title='bbox 1293 4424 1410 4491; x_wconf 87' lang='lat' dir='ltr'><strong>sed</strong></span> <span class='ocrx_word' id='word_1_325' title='bbox 1455 4423 1793 4492; x_wconf 86' lang='lat' dir='ltr'><strong>Gallorum</strong></span> <span class='ocrx_word' id='word_1_326' title='bbox 1843 4425 2199 4512; x_wconf 88' lang='lat' dir='ltr'><strong>principes,</strong></span> <span class='ocrx_word' id='word_1_327' title='bbox 2264 4425 2375 4511; x_wconf 89' lang='lat' dir='ltr'><strong>qui</strong></span> <span class='ocrx_word' id='word_1_328' title='bbox 2428 4448 2508 4491; x_wconf 84' lang='lat' dir='ltr'><strong>ex</strong></span> <span class='ocrx_word' id='word_1_329' title='bbox 2564 4427 2735 4492; x_wconf 86' lang='lat' dir='ltr'><strong>certis</strong></span> 
     </span>
    </p>
   </div>
   <div class='ocr_carea' id='block_1_3' title="bbox 2843 1177 2859 2346">
    <p class='ocr_par' dir='ltr' id='par_1_4' title="bbox 2843 1177 2859 2346">
     <span class='ocr_line' id='line_1_39' title="bbox 2843 1177 2859 2346; baseline 0 0"><span class='ocrx_word' id='word_1_330' title='bbox 2843 1177 2859 2346; x_wconf 95' lang='lat' dir='ltr'><strong> </strong></span> 
     </span>
    </p>
   </div>
  </div>
 </body>
</html>
