2917 5017
858 314 942 364 De
977 311 1149 364 Gallia
1185 313 1539 366 Romanorum
1584 317 1863 381 provincia.
2434 315 2511 381 61

181 469 480 538 Galliam
521 473 742 540 ibatur
785 475 972 560 (Sall.
1015 473 1160 542 Cat.
1205 497 1262 542 c.
1307 475 1442 559 58),
1487 487 1561 541 ut
1596 499 1827 545 rursus
1872 503 2040 558 eum,
2087 481 2199 566 qui
2240 481 2521 548 Galliam

176 581 594 666 provinciam
639 585 1032 671 accepisset,
1098 583 1164 648 in
1202 583 1390 649 Italia
1442 607 1578 650 rem
1634 589 1921 672 gessisse
1968 589 2325 655 videamus.
2406 591 2520 668 At,

181 689 452 776 inquiat
493 691 728 779 aliquis
747 741 766 771 ,
806 694 1046 758 factum
1088 691 1214 758 hoc
1255 692 1340 758 sit
1380 693 1448 756 in
1491 693 1661 760 bello
1706 693 2081 762 Catilinario
2094 743 2111 773 ‚
2176 708 2249 761 ut
2290 697 2371 762 iis
2408 699 2523 782 qui

177 797 482 865 Galliam
542 800 903 868 obtinerent
921 849 940 878 ,
999 811 1263 866 senatus
1325 801 1489 867 fines
1550 804 1919 889 provinciae
1986 827 2141 870 suae
2206 806 2519 872 excedere

173 908 610 994 vicinamque
657 908 936 976 Galliam
993 910 1160 976 tueri
1212 911 1645 995 permitteret,
1704 913 1820 978 sed
1874 923 1947 976 ut
1998 935 2253 1000 semper
2306 913 2525 980 Gallia

174 1039 338 1082 cum
384 1017 582 1083 Italia
639 1018 980 1083 coniuncta
1031 1040 1174 1084 esse
1233 1019 1562 1083 consuerit
1614 1042 1743 1085 non
1792 1021 2101 1106 sequitur.
2179 1021 2407 1108 Neque
2451 1023 2521 1088 id

173 1126 428 1191 vellem
477 1125 705 1211 sequi,
757 1126 882 1190 nisi
924 1137 988 1190 et
1029 1127 1171 1192 aliis
1213 1128 1611 1210 argumentis
1656 1139 1719 1194 et
1769 1139 2127 1215 temporum
2168 1153 2335 1216 quae
2374 1142 2521 1196 ante

177 1233 264 1298 L.
291 1231 560 1299 Sullam
599 1235 862 1300 fuerunt
901 1235 1318 1300 similitudine
1359 1257 1672 1302 moverer.
1750 1235 2163 1322 Quamquam
2208 1239 2523 1304 faciamus

179 1342 448 1408 Galliae
493 1343 660 1409 fines
717 1343 920 1408 fuisse
965 1365 1108 1420 eos,
1173 1365 1334 1428 quos
1379 1343 1582 1428 vulgo
1622 1355 1884 1430 putant,
1938 1368 2150 1412 nonne
2212 1347 2295 1412 ad
2352 1347 2523 1412 duos
2580 1413 2589 1419 ,

177 1453 647 1539 imperatores,
693 1449 932 1536 quibus
979 1449 1256 1516 Galliam
1303 1452 1711 1517 commissam
1753 1475 1897 1518 esse
1936 1453 2219 1521 diximus
2241 1502 2258 1531 ,
2299 1455 2522 1540 impri-

179 1563 306 1627 mis
347 1560 818 1647 adiungcndus
863 1569 1001 1623 erat
1043 1560 1292 1637 tertius,
1335 1559 1446 1645 qui
1491 1561 1745 1647 proprie
1787 1562 2039 1628 Italiam
2086 1562 2401 1628 seditione
2446 1583 2523 1628 ac

195 1669 542 1755 multiplici
579 1669 866 1732 tumultu
909 1667 1343 1754 perturbatam
1384 1670 1720 1733 tueretur?
1780 1673 1871 1734 At
1910 1671 2229 1735 neminem
2272 1679 2518 1736 constat

201 1778 466 1864 imperio
509 1799 656 1843 esse
705 1787 1000 1841 ornatum
1033 1787 1290 1862 praeter
1326 1772 1405 1841 C.
1443 1775 1805 1843 Antonium
1848 1789 1913 1843 et
1953 1778 2037 1860 Q.
2084 1777 2442 1844 Metellum.

379 1887 584 1970 Atque
629 1885 792 1950 haec
833 1884 1095 1970 quidem
1137 1884 1218 1950 de
1263 1906 1339 1950 eo
1383 1907 1555 1950 anno
1598 1885 1875 1952 dicenda
1914 1898 2127 1962 erant,
2175 1887 2362 1952 cuius
2406 1909 2515 1953 co-

188 1993 434 2081 piosior
479 2016 560 2058 ac
607 1993 841 2059 certior
881 1993 1188 2058 memoria
1229 2003 1424 2057 extat.
1512 1991 1825 2079 Superest
1878 2005 2126 2071 autem,
2178 2007 2521 2081 antequam

185 2101 480 2168 Galliam
525 2098 922 2187 Cisalpinam
967 2122 1106 2166 eam
1153 2123 1346 2186 quam
1383 2101 1643 2186 proprie
1680 2103 2079 2188 appellamus
2124 2105 2521 2189 provinciam

181 2212 434 2276 factam
469 2233 616 2275 esse
649 2232 876 2274 sumus
901 2209 1423 2286 demonstraturi,
1469 2211 1833 2288 triennium,
1884 2211 2071 2276 cuius
2116 2212 2319 2297 primo
2356 2237 2523 2280 anno

183 2319 502 2384 consules
575 2319 840 2384 fuerunt
897 2317 986 2382 D.
1033 2316 1264 2381 Iunius
1325 2315 1589 2383 Silanus
1642 2329 1705 2383 et
1749 2318 1831 2383 L.
1875 2318 2173 2386 Licinius
2226 2320 2521 2388 Murena.

185 2427 450 2493 Eorum
499 2426 607 2491 hic
649 2427 776 2492 iam
825 2449 904 2491 ex
941 2435 1242 2512 praetura
1279 2448 1446 2490 anno
1486 2427 1567 2492 65
1614 2437 1801 2512 gesta
1828 2425 2107 2492 Galliam
2144 2426 2523 2493 Narbonen-

186 2559 330 2603 sem
393 2535 712 2601 habuerat
753 2532 926 2619 (Cic.
970 2557 1032 2620 p.
1071 2533 1248 2598 Mur.
1293 2534 1374 2598 20
1426 2546 1491 2601 ct
1536 2535 1680 2618 41),
1742 2557 1935 2620 quam
1988 2534 2181 2601 etiam
2234 2559 2402 2601 anno
2440 2536 2522 2602 63

191 2669 346 2712 cum
397 2644 812 2710 consulatum
853 2641 1134 2729 petebat,
1173 2665 1290 2728 per
1334 2640 1575 2708 Gaium
1618 2645 1881 2708 fratrem
1924 2644 2204 2709 obtinuit
2246 2643 2419 2730 (Cic.
2460 2669 2523 2731 p.

195 2755 371 2820 Mur.
417 2754 536 2831 413
593 2753 752 2819 Sall.
797 2750 943 2818 Cat.
983 2752 1096 2834 42)
1119 2798 1138 2827 ,
1191 2750 1308 2817 sed
1363 2761 1515 2836 post
1570 2751 1976 2818 consulatum
2030 2753 2121 2817 ita
2174 2775 2304 2818 non
2346 2775 2523 2818 com-

215 2873 624 2940 memoratur,
696 2872 772 2926 ut
827 2885 975 2927 eum
1035 2860 1400 2925 existimare
1451 2858 1805 2925 debeamus
1821 2907 1837 2936 ,
1902 2883 2051 2924 cum
2102 2860 2520 2946 deponendae

198 2971 574 3056 provinciae
619 2971 864 3036 nullam
903 2992 1164 3035 causam
1209 2969 1493 3045 haberet,
1539 2991 1699 3046 eam,
1745 2991 1909 3054 quae
1956 2968 2219 3033 minima
2264 2969 2525 3056 negotia

191 3079 558 3156 exhiberet,
600 3079 643 3144 i.
689 3102 744 3144 e.
783 3078 1034 3144 Italiam
1077 3075 1485 3163 Galliamque
1526 3077 1905 3142 obtinuisse.
1987 3076 2300 3152 Accedit,
2345 3075 2522 3160 quod

189 3188 455 3274 collega
505 3187 645 3252 eius
689 3185 778 3250 D.
831 3183 1094 3251 Silanus
1151 3195 1214 3250 et
1266 3185 1637 3270 provinciae
1690 3196 1753 3250 et
1808 3186 2117 3271 triumphi
2170 3183 2523 3270 cupiditate

187 3296 472 3363 ardebat
515 3293 994 3379 excusabatque
1037 3293 1226 3358 facile
1270 3317 1406 3358 eam
1453 3293 1871 3380 cupiditatem
1888 3340 1906 3371 ,
1964 3292 2141 3378 quod
2200 3315 2281 3357 ex
2336 3313 2523 3376 prae-

187 3419 374 3482 tura,
445 3425 640 3490 quam
699 3403 854 3467 item
895 3425 1062 3467 anno
1105 3403 1186 3468 65
1229 3401 1492 3468 videtur
1543 3401 1857 3485 gessisse,
1923 3402 2167 3466 nullam
2221 3399 2525 3465 maiorem

187 3512 601 3602 provinciam
651 3521 923 3578 rexerat.
977 3511 1204 3595 Itaque
1241 3531 1280 3572 a
1325 3505 1641 3574 Cicerone
1682 3510 1751 3575 in
1797 3509 1927 3574 Pis.
1974 3533 2029 3576 c.
2074 3507 2157 3574 26
2198 3509 2367 3573 inter
2412 3529 2523 3572 eos

197 3622 594 3698 nominatur,
639 3620 751 3704 qui
783 3618 1220 3704 triumphandi
1251 3617 1604 3704 cupiditate
1638 3618 1886 3683 incensi
1912 3616 2309 3703 provinciam
2334 3614 2523 3700 flagi-

213 3733 415 3808 tarint,
457 3752 655 3814 quam
693 3739 866 3794 certe
909 3749 1040 3791 non
1079 3724 1292 3790 minus
1329 3737 1671 3793 assecutus
1714 3737 1813 3791 est
1856 3747 2048 3810 quam
2092 3723 2322 3809 reliqui
2360 3745 2525 3810 quos

207 3836 440 3906 Cicero
511 3837 716 3902 affert.
812 3832 948 3900 Sed
1007 3857 1202 3921 quam
1260 3835 1517 3900 tandem
1574 3833 1846 3900 habuit?
1928 3832 2203 3918 Pighius
2263 3830 2528 3917 quidem

199 3949 443 4016 Annal.
491 3946 596 4012 ΠΙ
654 3970 716 4033 p.
778 3945 895 4011 341
957 3966 1106 4009 cum
1166 3943 1363 4008 huius
1420 3945 1571 4009 anni
1639 3940 2017 4009 consulibus
2069 3940 2401 4025 Illyricum
2465 3951 2528 4002 et

203 4057 584 4143 Bithyniam
627 4056 950 4122 decretam
1007 4064 1198 4139 atque
1249 4073 1471 4117 earum
1526 4052 1895 4116 alterutram
1940 4048 2163 4114 Silano
2213 4046 2526 4133 obtigisse

209 4165 599 4242 censuisset,
623 4175 798 4230 recte
835 4163 1216 4228 emendatur
1241 4185 1280 4226 a
1299 4159 1705 4246 Borghesio'
1686 4182 1755 4223 m
1778 4158 2015 4223 Annal.
2040 4158 2190 4222 inst.
2214 4154 2528 4220 archaeol.

205 4276 359 4341 anni
409 4272 572 4339 1849
611 4295 673 4359 p.
718 4271 847 4347 663
887 4293 1038 4336 nam
1079 4269 1450 4355 Bithyniam
1487 4278 1642 4333 tunc
1682 4267 1977 4354 paruisse
2009 4267 2097 4330 ait
2141 4264 2235 4328 illi
2276 4260 2354 4326 C.
2399 4260 2529 4326 Pa-

207 4385 372 4472 pirio
415 4379 735 4457 Carboni,
791 4380 980 4446 cuius
1025 4401 1284 4444 causam
1329 4378 1463 4443 Dio
1506 4375 1865 4452 XXXVI,
1916 4375 1997 4440 23
2039 4383 2284 4448 narrat,
2336 4391 2531 4454 quem
