<?xml version="1.0" encoding="UTF-8"?>
<!DOCTYPE html PUBLIC "-//W3C//DTD XHTML 1.0 Transitional//EN"
    "http://www.w3.org/TR/xhtml1/DTD/xhtml1-transitional.dtd">
<html xmlns="http://www.w3.org/1999/xhtml" xml:lang="en" lang="en">
 <head>
  <title>
</title>
<meta http-equiv="Content-Type" content="text/html;charset=utf-8" />
  <meta name='ocr-system' content='tesseract 3.04.00' />
  <meta name='ocr-capabilities' content='ocr_page ocr_carea ocr_par ocr_line ocrx_word'/>
</head>
<body>
  <div class='ocr_page' id='page_1' title='image "augustiwilhelmi01unkngoog_0320.png"; bbox 0 0 2917 5017; ppageno 0'>
   <div class='ocr_carea' id='block_1_1' title="bbox 621 310 2437 378">
    <p class='ocr_par' dir='ltr' id='par_1_1' title="bbox 621 310 2437 378">
     <span class='ocr_line' id='line_1_1' title="bbox 621 310 2437 378; baseline 0.012 -21"><span class='ocrx_word' id='word_1_1' title='bbox 621 313 640 341; x_wconf 57' lang='lat'>⁸</span> <span class='ocrx_word' id='word_1_2' title='bbox 726 311 808 360; x_wconf 86' lang='lat' dir='ltr'>De</span> <span class='ocrx_word' id='word_1_3' title='bbox 845 310 1046 375; x_wconf 79' lang='lat' dir='ltr'>legibus</span> <span class='ocrx_word' id='word_1_4' title='bbox 1084 310 1476 376; x_wconf 69' lang='lat' dir='ltr'>municipalibus</span> <span class='ocrx_word' id='word_1_5' title='bbox 1512 311 1825 377; x_wconf 78' lang='lat' dir='ltr'>Hispanicis.</span> <span class='ocrx_word' id='word_1_6' title='bbox 2066 315 2073 320; x_wconf 76' lang='grc'><strong>’</strong></span> <span class='ocrx_word' id='word_1_7' title='bbox 2314 311 2437 378; x_wconf 84' lang='grc'>305</span> 
     </span>
    </p>
   </div>
   <div class='ocr_carea' id='block_1_2' title="bbox 115 470 2453 4460">
    <p class='ocr_par' dir='ltr' id='par_1_2' title="bbox 115 470 2453 4460">
     <span class='ocr_line' id='line_1_2' title="bbox 115 470 2441 563; baseline 0.003 -28"><span class='ocrx_word' id='word_1_8' title='bbox 115 494 269 557; x_wconf 89' lang='lat' dir='ltr'>pere</span> <span class='ocrx_word' id='word_1_9' title='bbox 315 470 629 557; x_wconf 90' lang='lat' dir='ltr'>potuerit,</span> <span class='ocrx_word' id='word_1_10' title='bbox 680 470 796 536; x_wconf 89' lang='lat' dir='ltr'>sed</span> <span class='ocrx_word' id='word_1_11' title='bbox 842 482 916 535; x_wconf 93' lang='lat' dir='ltr'>ut</span> <span class='ocrx_word' id='word_1_12' title='bbox 956 483 1019 535; x_wconf 91' lang='lat' dir='ltr'>et</span> <span class='ocrx_word' id='word_1_13' title='bbox 1058 472 1308 537; x_wconf 87' lang='lat' dir='ltr'>firmius</span> <span class='ocrx_word' id='word_1_14' title='bbox 1350 483 1558 549; x_wconf 90' lang='lat' dir='ltr'>esset,</span> <span class='ocrx_word' id='word_1_15' title='bbox 1604 472 1779 556; x_wconf 92' lang='lat' dir='ltr'>quod</span> <span class='ocrx_word' id='word_1_16' title='bbox 1816 473 2142 553; x_wconf 79' lang='lat' dir='ltr'>dedisset,</span> <span class='ocrx_word' id='word_1_17' title='bbox 2200 486 2263 540; x_wconf 93' lang='lat' dir='ltr'>et</span> <span class='ocrx_word' id='word_1_18' title='bbox 2298 477 2441 563; x_wconf 87' lang='lat' dir='ltr'>ipse</span> 
     </span>
     <span class='ocr_line' id='line_1_3' title="bbox 116 579 2441 669; baseline 0.003 -26"><span class='ocrx_word' id='word_1_19' title='bbox 116 579 338 645; x_wconf 89' lang='lat' dir='ltr'>minus</span> <span class='ocrx_word' id='word_1_20' title='bbox 373 580 750 646; x_wconf 87' lang='lat' dir='ltr'>ambitiosus</span> <span class='ocrx_word' id='word_1_21' title='bbox 796 602 938 646; x_wconf 89' lang='lat' dir='ltr'>esse</span> <span class='ocrx_word' id='word_1_22' title='bbox 975 580 1325 646; x_wconf 86' lang='lat' dir='ltr'>videretur.</span> <span class='ocrx_word' id='word_1_23' title='bbox 1405 581 1633 665; x_wconf 83' lang='lat' dir='ltr'><strong>Neque</strong></span> <span class='ocrx_word' id='word_1_24' title='bbox 1674 581 1982 668; x_wconf 79' lang='lat' dir='ltr'><strong>deinceps</strong></span> <span class='ocrx_word' id='word_1_25' title='bbox 2024 584 2441 669; x_wconf 86' lang='lat' dir='ltr'>imperatores</span> 
     </span>
     <span class='ocr_line' id='line_1_4' title="bbox 117 688 2439 777; baseline 0.002 -25"><span class='ocrx_word' id='word_1_26' title='bbox 117 711 243 773; x_wconf 93' lang='lat' dir='ltr'>quo</span> <span class='ocrx_word' id='word_1_27' title='bbox 299 689 444 753; x_wconf 87' lang='lat' dir='ltr'>iure</span> <span class='ocrx_word' id='word_1_28' title='bbox 505 689 572 753; x_wconf 89' lang='lat' dir='ltr'>in</span> <span class='ocrx_word' id='word_1_29' title='bbox 623 688 881 774; x_wconf 90' lang='lat' dir='ltr'>legibus</span> <span class='ocrx_word' id='word_1_30' title='bbox 937 689 1438 774; x_wconf 80' lang='lat' dir='ltr'>municipiorum</span> <span class='ocrx_word' id='word_1_31' title='bbox 1490 690 1775 754; x_wconf 87' lang='lat' dir='ltr'>ferendis</span> <span class='ocrx_word' id='word_1_32' title='bbox 1828 691 1931 755; x_wconf 91' lang='lat' dir='ltr'>usi</span> <span class='ocrx_word' id='word_1_33' title='bbox 1979 691 2139 769; x_wconf 88' lang='lat' dir='ltr'>sint,</span> <span class='ocrx_word' id='word_1_34' title='bbox 2201 691 2439 777; x_wconf 84' lang='lat' dir='ltr'>liquet;</span> 
     </span>
     <span class='ocr_line' id='line_1_5' title="bbox 119 796 2439 884; baseline 0 -22"><span class='ocrx_word' id='word_1_35' title='bbox 119 798 465 883; x_wconf 82' lang='lat' dir='ltr'>scriptores</span> <span class='ocrx_word' id='word_1_36' title='bbox 509 798 680 861; x_wconf 88' lang='lat' dir='ltr'>enim</span> <span class='ocrx_word' id='word_1_37' title='bbox 724 820 853 881; x_wconf 90' lang='lat' dir='ltr'>qua</span> <span class='ocrx_word' id='word_1_38' title='bbox 895 796 1182 881; x_wconf 90' lang='lat' dir='ltr'>quidque</span> <span class='ocrx_word' id='word_1_39' title='bbox 1223 798 1467 862; x_wconf 87' lang='lat' dir='ltr'>ratione</span> <span class='ocrx_word' id='word_1_40' title='bbox 1509 808 1722 862; x_wconf 90' lang='lat' dir='ltr'>actum</span> <span class='ocrx_word' id='word_1_41' title='bbox 1769 798 1851 862; x_wconf 90' lang='lat' dir='ltr'>sit</span> <span class='ocrx_word' id='word_1_42' title='bbox 1889 821 2115 884; x_wconf 90' lang='lat' dir='ltr'>parum</span> <span class='ocrx_word' id='word_1_43' title='bbox 2142 796 2439 864; x_wconf 85' lang='lat' dir='ltr'>accurate</span> 
     </span>
     <span class='ocr_line' id='line_1_6' title="bbox 115 905 2439 990; baseline 0.001 -21"><span class='ocrx_word' id='word_1_44' title='bbox 115 907 426 971; x_wconf 83' lang='lat' dir='ltr'>referunt.</span> <span class='ocrx_word' id='word_1_45' title='bbox 513 906 712 971; x_wconf 89' lang='lat' dir='ltr'>Velut</span> <span class='ocrx_word' id='word_1_46' title='bbox 757 905 932 970; x_wconf 89' lang='lat' dir='ltr'>Nero</span> <span class='ocrx_word' id='word_1_47' title='bbox 994 926 1143 970; x_wconf 89' lang='lat' dir='ltr'>cum</span> <span class='ocrx_word' id='word_1_48' title='bbox 1188 905 1454 990; x_wconf 89' lang='lat' dir='ltr'>Alpium</span> <span class='ocrx_word' id='word_1_49' title='bbox 1512 906 1975 971; x_wconf 87' lang='lat' dir='ltr'>maritimarum</span> <span class='ocrx_word' id='word_1_50' title='bbox 2027 907 2316 972; x_wconf 84' lang='lat' dir='ltr'>nationes</span> <span class='ocrx_word' id='word_1_51' title='bbox 2372 907 2439 971; x_wconf 90' lang='lat' dir='ltr'>in</span> 
     </span>
     <span class='ocr_line' id='line_1_7' title="bbox 115 1012 2440 1100; baseline 0.001 -23"><span class='ocrx_word' id='word_1_52' title='bbox 115 1016 215 1079; x_wconf 88' lang='lat' dir='ltr'>ius</span> <span class='ocrx_word' id='word_1_53' title='bbox 257 1015 438 1081; x_wconf 86' lang='lat' dir='ltr'>Latii</span> <span class='ocrx_word' id='word_1_54' title='bbox 482 1015 848 1081; x_wconf 89' lang='lat' dir='ltr'>traduceret</span> <span class='ocrx_word' id='word_1_55' title='bbox 892 1012 1076 1100; x_wconf 90' lang='lat' dir='ltr'>(Tac.</span> <span class='ocrx_word' id='word_1_56' title='bbox 1121 1016 1294 1079; x_wconf 91' lang='lat' dir='ltr'>Ann.</span> <span class='ocrx_word' id='word_1_57' title='bbox 1333 1014 1491 1091; x_wconf 83' lang='lat' dir='ltr'>XV,</span> <span class='ocrx_word' id='word_1_58' title='bbox 1536 1014 1683 1097; x_wconf 82' lang='lat'>32),</span> <span class='ocrx_word' id='word_1_59' title='bbox 1750 1038 1906 1080; x_wconf 90' lang='lat' dir='ltr'>num</span> <span class='ocrx_word' id='word_1_60' title='bbox 1964 1026 2224 1080; x_wconf 86' lang='lat' dir='ltr'>senatus</span> <span class='ocrx_word' id='word_1_61' title='bbox 2285 1036 2440 1079; x_wconf 90' lang='lat' dir='ltr'>con-</span> 
     </span>
     <span class='ocr_line' id='line_1_8' title="bbox 119 1123 2440 1209; baseline 0 -22"><span class='ocrx_word' id='word_1_62' title='bbox 119 1124 362 1187; x_wconf 88' lang='lat' dir='ltr'>sultum</span> <span class='ocrx_word' id='word_1_63' title='bbox 405 1123 820 1209; x_wconf 82' lang='lat' dir='ltr'>interposuit,</span> <span class='ocrx_word' id='word_1_64' title='bbox 879 1145 1010 1208; x_wconf 93' lang='lat' dir='ltr'>quo</span> <span class='ocrx_word' id='word_1_65' title='bbox 1050 1123 1228 1206; x_wconf 93' lang='lat' dir='ltr'>quod</span> <span class='ocrx_word' id='word_1_66' title='bbox 1271 1123 1410 1207; x_wconf 89' lang='lat' dir='ltr'>ipse</span> <span class='ocrx_word' id='word_1_67' title='bbox 1455 1124 1915 1201; x_wconf 82' lang='lat' dir='ltr'>concessisset,</span> <span class='ocrx_word' id='word_1_68' title='bbox 1975 1124 2162 1208; x_wconf 81' lang='lat' dir='ltr'>quasi</span> <span class='ocrx_word' id='word_1_69' title='bbox 2206 1123 2440 1189; x_wconf 90' lang='lat' dir='ltr'>confir-</span> 
     </span>
     <span class='ocr_line' id='line_1_9' title="bbox 117 1217 2442 1317; baseline -0 -22"><span class='ocrx_word' id='word_1_70' title='bbox 117 1217 445 1297; x_wconf 82' lang='lat' dir='ltr'>maretur?</span> <span class='ocrx_word' id='word_1_71' title='bbox 516 1232 645 1297; x_wconf 92' lang='lat' dir='ltr'>Vel</span> <span class='ocrx_word' id='word_1_72' title='bbox 683 1230 856 1297; x_wconf 89' lang='lat' dir='ltr'>Otho</span> <span class='ocrx_word' id='word_1_73' title='bbox 893 1254 1040 1297; x_wconf 88' lang='lat' dir='ltr'>cum</span> <span class='ocrx_word' id='word_1_74' title='bbox 1079 1230 1493 1317; x_wconf 86' lang='lat' dir='ltr'>Lingonibus</span> <span class='ocrx_word' id='word_1_75' title='bbox 1536 1232 1861 1297; x_wconf 89' lang='lat' dir='ltr'>universis</span> <span class='ocrx_word' id='word_1_76' title='bbox 1898 1233 2219 1297; x_wconf 88' lang='lat' dir='ltr'>civitatem</span> <span class='ocrx_word' id='word_1_77' title='bbox 2259 1231 2442 1297; x_wconf 90' lang='lat' dir='ltr'>daret</span> 
     </span>
     <span class='ocr_line' id='line_1_10' title="bbox 121 1339 2441 1427; baseline -0.001 -23"><span class='ocrx_word' id='word_1_78' title='bbox 121 1341 451 1426; x_wconf 87' lang='lat' dir='ltr'>multaque</span> <span class='ocrx_word' id='word_1_79' title='bbox 513 1340 734 1405; x_wconf 88' lang='lat' dir='ltr'>multis</span> <span class='ocrx_word' id='word_1_80' title='bbox 801 1350 864 1404; x_wconf 90' lang='lat' dir='ltr'>et</span> <span class='ocrx_word' id='word_1_81' title='bbox 925 1340 1182 1426; x_wconf 83' lang='lat' dir='ltr'>oppidis</span> <span class='ocrx_word' id='word_1_82' title='bbox 1247 1351 1310 1405; x_wconf 92' lang='lat' dir='ltr'>et</span> <span class='ocrx_word' id='word_1_83' title='bbox 1367 1340 1721 1425; x_wconf 89' lang='lat' dir='ltr'>provinciis</span> <span class='ocrx_word' id='word_1_84' title='bbox 1778 1340 2159 1405; x_wconf 84' lang='lat' dir='ltr'>concederet</span> <span class='ocrx_word' id='word_1_85' title='bbox 2204 1339 2441 1427; x_wconf 81' lang='lat' dir='ltr'>(Tacit.</span> 
     </span>
     <span class='ocr_line' id='line_1_11' title="bbox 119 1447 2439 1534; baseline -0.001 -21"><span class='ocrx_word' id='word_1_86' title='bbox 119 1448 291 1513; x_wconf 87' lang='lat' dir='ltr'>Hist.</span> <span class='ocrx_word' id='word_1_87' title='bbox 315 1449 368 1526; x_wconf 90' lang='lat' dir='ltr'>I,</span> <span class='ocrx_word' id='word_1_88' title='bbox 399 1448 536 1531; x_wconf 87' lang='lat'>78),</span> <span class='ocrx_word' id='word_1_89' title='bbox 580 1459 800 1512; x_wconf 86' lang='lat' dir='ltr'>utrum</span> <span class='ocrx_word' id='word_1_90' title='bbox 845 1460 1105 1513; x_wconf 88' lang='lat' dir='ltr'>senatus</span> <span class='ocrx_word' id='word_1_91' title='bbox 1148 1448 1526 1513; x_wconf 89' lang='lat' dir='ltr'>auctoritate</span> <span class='ocrx_word' id='word_1_92' title='bbox 1567 1470 1731 1513; x_wconf 90' lang='lat' dir='ltr'>usus</span> <span class='ocrx_word' id='word_1_93' title='bbox 1776 1458 1875 1512; x_wconf 89' lang='lat' dir='ltr'>est</span> <span class='ocrx_word' id='word_1_94' title='bbox 1908 1471 1989 1512; x_wconf 87' lang='lat' dir='ltr'>an</span> <span class='ocrx_word' id='word_1_95' title='bbox 2031 1448 2171 1534; x_wconf 90' lang='lat' dir='ltr'>ipse</span> <span class='ocrx_word' id='word_1_96' title='bbox 2202 1447 2439 1512; x_wconf 91' lang='lat' dir='ltr'>consti-</span> 
     </span>
     <span class='ocr_line' id='line_1_12' title="bbox 120 1555 2440 1641; baseline 0 -22"><span class='ocrx_word' id='word_1_97' title='bbox 120 1556 285 1619; x_wconf 87' lang='lat' dir='ltr'>tuit?</span> <span class='ocrx_word' id='word_1_98' title='bbox 356 1555 639 1621; x_wconf 90' lang='lat' dir='ltr'>Decerni</span> <span class='ocrx_word' id='word_1_99' title='bbox 678 1556 802 1621; x_wconf 91' lang='lat' dir='ltr'>hoc</span> <span class='ocrx_word' id='word_1_100' title='bbox 836 1556 1081 1641; x_wconf 89' lang='lat' dir='ltr'>nequit.</span> <span class='ocrx_word' id='word_1_101' title='bbox 1153 1555 1565 1640; x_wconf 81' lang='lat' dir='ltr'>Quamquam</span> <span class='ocrx_word' id='word_1_102' title='bbox 1609 1555 1911 1640; x_wconf 88' lang='lat' dir='ltr'>equidem</span> <span class='ocrx_word' id='word_1_103' title='bbox 1947 1555 2073 1620; x_wconf 92' lang='lat' dir='ltr'>hoc</span> <span class='ocrx_word' id='word_1_104' title='bbox 2108 1556 2175 1618; x_wconf 88' lang='lat' dir='ltr'>in</span> <span class='ocrx_word' id='word_1_105' title='bbox 2204 1577 2440 1639; x_wconf 85' lang='lat' dir='ltr'>genere</span> 
     </span>
     <span class='ocr_line' id='line_1_13' title="bbox 118 1664 2440 1749; baseline 0 -22"><span class='ocrx_word' id='word_1_106' title='bbox 118 1664 279 1727; x_wconf 86' lang='lat' dir='ltr'>illud</span> <span class='ocrx_word' id='word_1_107' title='bbox 323 1665 640 1749; x_wconf 87' lang='lat' dir='ltr'>imprimis</span> <span class='ocrx_word' id='word_1_108' title='bbox 689 1675 1013 1729; x_wconf 85' lang='lat' dir='ltr'>servatum</span> <span class='ocrx_word' id='word_1_109' title='bbox 1058 1686 1202 1729; x_wconf 85' lang='lat' dir='ltr'>esse</span> <span class='ocrx_word' id='word_1_110' title='bbox 1245 1687 1513 1741; x_wconf 89' lang='lat' dir='ltr'>censeo,</span> <span class='ocrx_word' id='word_1_111' title='bbox 1566 1664 1740 1747; x_wconf 90' lang='lat' dir='ltr'>quod</span> <span class='ocrx_word' id='word_1_112' title='bbox 1793 1664 1858 1727; x_wconf 89' lang='lat' dir='ltr'>in</span> <span class='ocrx_word' id='word_1_113' title='bbox 1902 1664 2199 1729; x_wconf 89' lang='lat' dir='ltr'>omnibus</span> <span class='ocrx_word' id='word_1_114' title='bbox 2242 1664 2440 1728; x_wconf 90' lang='lat' dir='ltr'>rebus</span> 
     </span>
     <span class='ocr_line' id='line_1_14' title="bbox 121 1770 2440 1858; baseline 0.001 -23"><span class='ocrx_word' id='word_1_115' title='bbox 121 1770 375 1837; x_wconf 83' lang='lat' dir='ltr'>valebat</span> <span class='ocrx_word' id='word_1_116' title='bbox 418 1771 769 1857; x_wconf 88' lang='lat' dir='ltr'>plurimum</span> <span class='ocrx_word' id='word_1_117' title='bbox 806 1772 1086 1837; x_wconf 88' lang='lat' dir='ltr'>necdum</span> <span class='ocrx_word' id='word_1_118' title='bbox 1125 1774 1280 1837; x_wconf 89' lang='lat' dir='ltr'>satis</span> <span class='ocrx_word' id='word_1_119' title='bbox 1324 1796 1363 1837; x_wconf 91' lang='lat' dir='ltr'>a</span> <span class='ocrx_word' id='word_1_120' title='bbox 1402 1772 1559 1837; x_wconf 86' lang='lat' dir='ltr'>viris</span> <span class='ocrx_word' id='word_1_121' title='bbox 1600 1772 1843 1849; x_wconf 90' lang='lat' dir='ltr'>doctis,</span> <span class='ocrx_word' id='word_1_122' title='bbox 1890 1773 2001 1858; x_wconf 90' lang='lat' dir='ltr'>qui</span> <span class='ocrx_word' id='word_1_123' title='bbox 2044 1773 2125 1837; x_wconf 91' lang='lat' dir='ltr'>de</span> <span class='ocrx_word' id='word_1_124' title='bbox 2162 1773 2440 1857; x_wconf 87' lang='lat' dir='ltr'>impera-</span> 
     </span>
     <span class='ocr_line' id='line_1_15' title="bbox 123 1880 2440 1965; baseline 0 -23"><span class='ocrx_word' id='word_1_125' title='bbox 123 1892 330 1945; x_wconf 87' lang='lat' dir='ltr'>torum</span> <span class='ocrx_word' id='word_1_126' title='bbox 375 1891 580 1945; x_wconf 85' lang='lat' dir='ltr'>aetate</span> <span class='ocrx_word' id='word_1_127' title='bbox 625 1880 948 1958; x_wconf 89' lang='lat' dir='ltr'>scribunt,</span> <span class='ocrx_word' id='word_1_128' title='bbox 991 1880 1553 1957; x_wconf 84' lang='lat' dir='ltr'>animadvertitur,</span> <span class='ocrx_word' id='word_1_129' title='bbox 1598 1881 1773 1963; x_wconf 88' lang='lat' dir='ltr'>quod</span> <span class='ocrx_word' id='word_1_130' title='bbox 1814 1881 2191 1945; x_wconf 87' lang='lat' dir='ltr'>universum</span> <span class='ocrx_word' id='word_1_131' title='bbox 2232 1880 2440 1965; x_wconf 89' lang='lat' dir='ltr'>impe-</span> 
     </span>
     <span class='ocr_line' id='line_1_16' title="bbox 121 1989 2443 2075; baseline 0 -23"><span class='ocrx_word' id='word_1_132' title='bbox 121 1989 284 2052; x_wconf 90' lang='lat' dir='ltr'>rium</span> <span class='ocrx_word' id='word_1_133' title='bbox 342 1989 704 2053; x_wconf 86' lang='lat' dir='ltr'>Romanum</span> <span class='ocrx_word' id='word_1_134' title='bbox 766 1990 835 2052; x_wconf 90' lang='lat' dir='ltr'>in</span> <span class='ocrx_word' id='word_1_135' title='bbox 896 1990 1060 2054; x_wconf 86' lang='lat' dir='ltr'>duas</span> <span class='ocrx_word' id='word_1_136' title='bbox 1119 2001 1336 2075; x_wconf 87' lang='lat' dir='ltr'>partes</span> <span class='ocrx_word' id='word_1_137' title='bbox 1399 2002 1533 2053; x_wconf 89' lang='lat' dir='ltr'>erat</span> <span class='ocrx_word' id='word_1_138' title='bbox 1578 1989 1872 2053; x_wconf 86' lang='lat' dir='ltr'>divisum</span> <span class='ocrx_word' id='word_1_139' title='bbox 1894 2037 1910 2066; x_wconf 93' lang='lat'><strong><em>‚</em></strong></span> <span class='ocrx_word' id='word_1_140' title='bbox 1977 2011 2251 2074; x_wconf 83' lang='lat' dir='ltr'>quarum</span> <span class='ocrx_word' id='word_1_141' title='bbox 2312 2011 2443 2053; x_wconf 89' lang='lat' dir='ltr'>una</span> 
     </span>
     <span class='ocr_line' id='line_1_17' title="bbox 123 2096 2440 2185; baseline 0.002 -25"><span class='ocrx_word' id='word_1_142' title='bbox 123 2096 520 2182; x_wconf 90' lang='lat' dir='ltr'>imperatoris</span> <span class='ocrx_word' id='word_1_143' title='bbox 566 2098 748 2182; x_wconf 89' lang='lat' dir='ltr'>quasi</span> <span class='ocrx_word' id='word_1_144' title='bbox 786 2098 1041 2185; x_wconf 88' lang='lat' dir='ltr'>propria</span> <span class='ocrx_word' id='word_1_145' title='bbox 1083 2108 1238 2175; x_wconf 90' lang='lat' dir='ltr'>erat,</span> <span class='ocrx_word' id='word_1_146' title='bbox 1277 2097 1475 2161; x_wconf 86' lang='lat' dir='ltr'>altera</span> <span class='ocrx_word' id='word_1_147' title='bbox 1516 2108 1731 2161; x_wconf 87' lang='lat' dir='ltr'>vetere</span> <span class='ocrx_word' id='word_1_148' title='bbox 1776 2120 1952 2163; x_wconf 89' lang='lat' dir='ltr'>more</span> <span class='ocrx_word' id='word_1_149' title='bbox 1992 2122 2031 2163; x_wconf 88' lang='lat' dir='ltr'>a</span> <span class='ocrx_word' id='word_1_150' title='bbox 2068 2111 2293 2164; x_wconf 87' lang='lat' dir='ltr'>senatu</span> <span class='ocrx_word' id='word_1_151' title='bbox 2338 2122 2440 2165; x_wconf 90' lang='lat' dir='ltr'>re-</span> 
     </span>
     <span class='ocr_line' id='line_1_18' title="bbox 128 2204 2441 2292; baseline 0.002 -22"><span class='ocrx_word' id='word_1_152' title='bbox 128 2205 414 2291; x_wconf 84' lang='lat' dir='ltr'>gebatur.</span> <span class='ocrx_word' id='word_1_153' title='bbox 470 2206 676 2283; x_wconf 84' lang='lat' dir='ltr'>Illam,</span> <span class='ocrx_word' id='word_1_154' title='bbox 715 2228 878 2291; x_wconf 91' lang='lat' dir='ltr'>quae</span> <span class='ocrx_word' id='word_1_155' title='bbox 915 2205 1254 2271; x_wconf 89' lang='lat' dir='ltr'>bellicosas</span> <span class='ocrx_word' id='word_1_156' title='bbox 1295 2204 1714 2291; x_wconf 88' lang='lat' dir='ltr'>barbarisque</span> <span class='ocrx_word' id='word_1_157' title='bbox 1748 2206 2049 2271; x_wconf 89' lang='lat' dir='ltr'>finitimas</span> <span class='ocrx_word' id='word_1_158' title='bbox 2078 2209 2441 2292; x_wconf 86' lang='lat' dir='ltr'>provincias</span> 
     </span>
     <span class='ocr_line' id='line_1_19' title="bbox 128 2311 2439 2401; baseline 0.001 -23"><span class='ocrx_word' id='word_1_159' title='bbox 128 2314 698 2401; x_wconf 86' lang='lat' dir='ltr'>complectebatur,</span> <span class='ocrx_word' id='word_1_160' title='bbox 759 2315 983 2380; x_wconf 92' lang='lat' dir='ltr'>eodem</span> <span class='ocrx_word' id='word_1_161' title='bbox 1027 2315 1160 2378; x_wconf 81' lang='lat' dir='ltr'>fere</span> <span class='ocrx_word' id='word_1_162' title='bbox 1205 2311 1536 2379; x_wconf 86' lang='lat' dir='ltr'>obtinebat</span> <span class='ocrx_word' id='word_1_163' title='bbox 1583 2314 1929 2399; x_wconf 87' lang='lat' dir='ltr'>imperator</span> <span class='ocrx_word' id='word_1_164' title='bbox 1966 2313 2140 2392; x_wconf 89' lang='lat' dir='ltr'>iure,</span> <span class='ocrx_word' id='word_1_165' title='bbox 2201 2339 2331 2401; x_wconf 95' lang='lat' dir='ltr'>quo</span> <span class='ocrx_word' id='word_1_166' title='bbox 2373 2319 2439 2381; x_wconf 91' lang='lat' dir='ltr'>in</span> 
     </span>
     <span class='ocr_line' id='line_1_20' title="bbox 126 2421 2441 2509; baseline 0 -23"><span class='ocrx_word' id='word_1_167' title='bbox 126 2422 315 2487; x_wconf 91' lang='lat' dir='ltr'>libera</span> <span class='ocrx_word' id='word_1_168' title='bbox 361 2423 693 2509; x_wconf 87' lang='lat' dir='ltr'>republica</span> <span class='ocrx_word' id='word_1_169' title='bbox 743 2422 855 2506; x_wconf 89' lang='lat' dir='ltr'>qui</span> <span class='ocrx_word' id='word_1_170' title='bbox 907 2424 1110 2508; x_wconf 89' lang='lat' dir='ltr'>gestis</span> <span class='ocrx_word' id='word_1_171' title='bbox 1169 2421 1525 2487; x_wconf 90' lang='lat' dir='ltr'>honoribus</span> <span class='ocrx_word' id='word_1_172' title='bbox 1580 2422 1937 2507; x_wconf 87' lang='lat' dir='ltr'>provincias</span> <span class='ocrx_word' id='word_1_173' title='bbox 1992 2421 2441 2501; x_wconf 86' lang='lat' dir='ltr'>sortiebantur,</span> 
     </span>
     <span class='ocr_line' id='line_1_21' title="bbox 127 2528 2440 2617; baseline 0 -23"><span class='ocrx_word' id='word_1_174' title='bbox 127 2541 489 2608; x_wconf 88' lang='lat' dir='ltr'>tenuerant,</span> <span class='ocrx_word' id='word_1_175' title='bbox 545 2531 670 2596; x_wconf 89' lang='lat' dir='ltr'>nisi</span> <span class='ocrx_word' id='word_1_176' title='bbox 715 2530 887 2615; x_wconf 87' lang='lat' dir='ltr'>quod</span> <span class='ocrx_word' id='word_1_177' title='bbox 935 2532 1282 2617; x_wconf 89' lang='lat' dir='ltr'>imperator</span> <span class='ocrx_word' id='word_1_178' title='bbox 1329 2542 1711 2617; x_wconf 89' lang='lat' dir='ltr'>perpetuum</span> <span class='ocrx_word' id='word_1_179' title='bbox 1760 2528 2037 2595; x_wconf 89' lang='lat' dir='ltr'>habebat</span> <span class='ocrx_word' id='word_1_180' title='bbox 2080 2531 2440 2617; x_wconf 88' lang='lat' dir='ltr'>imperium.</span> 
     </span>
     <span class='ocr_line' id='line_1_22' title="bbox 135 2636 2441 2725; baseline 0.001 -22"><span class='ocrx_word' id='word_1_181' title='bbox 135 2641 258 2704; x_wconf 84' lang='lat' dir='ltr'>Iam</span> <span class='ocrx_word' id='word_1_182' title='bbox 335 2640 394 2705; x_wconf 90' lang='lat' dir='ltr'>si</span> <span class='ocrx_word' id='word_1_183' title='bbox 471 2639 798 2705; x_wconf 85' lang='lat' dir='ltr'>veteribus</span> <span class='ocrx_word' id='word_1_184' title='bbox 853 2639 1346 2725; x_wconf 87' lang='lat' dir='ltr'>imperatoribus</span> <span class='ocrx_word' id='word_1_185' title='bbox 1403 2661 1592 2723; x_wconf 90' lang='lat' dir='ltr'>saepe</span> <span class='ocrx_word' id='word_1_186' title='bbox 1652 2636 1733 2702; x_wconf 87' lang='lat' dir='ltr'>ab</span> <span class='ocrx_word' id='word_1_187' title='bbox 1791 2650 2014 2703; x_wconf 90' lang='lat' dir='ltr'>senatu</span> <span class='ocrx_word' id='word_1_188' title='bbox 2070 2640 2441 2725; x_wconf 90' lang='lat' dir='ltr'>populoque</span> 
     </span>
     <span class='ocr_line' id='line_1_23' title="bbox 129 2746 2445 2834; baseline -0 -22"><span class='ocrx_word' id='word_1_189' title='bbox 129 2747 414 2813; x_wconf 88' lang='lat' dir='ltr'>Romano</span> <span class='ocrx_word' id='word_1_190' title='bbox 458 2749 833 2814; x_wconf 89' lang='lat' dir='ltr'>mandatum</span> <span class='ocrx_word' id='word_1_191' title='bbox 880 2760 998 2822; x_wconf 87' lang='lat' dir='ltr'>est,</span> <span class='ocrx_word' id='word_1_192' title='bbox 1042 2748 1355 2832; x_wconf 89' lang='lat' dir='ltr'>imprimis</span> <span class='ocrx_word' id='word_1_193' title='bbox 1394 2747 1460 2809; x_wconf 88' lang='lat' dir='ltr'>in</span> <span class='ocrx_word' id='word_1_194' title='bbox 1505 2746 1585 2810; x_wconf 88' lang='lat' dir='ltr'>iis</span> <span class='ocrx_word' id='word_1_195' title='bbox 1624 2768 1787 2830; x_wconf 91' lang='lat' dir='ltr'>quas</span> <span class='ocrx_word' id='word_1_196' title='bbox 1832 2748 2020 2832; x_wconf 90' lang='lat' dir='ltr'>primi</span> <span class='ocrx_word' id='word_1_197' title='bbox 2068 2748 2445 2834; x_wconf 85' lang='lat' dir='ltr'>subigerent</span> 
     </span>
     <span class='ocr_line' id='line_1_24' title="bbox 132 2854 2446 2942; baseline 0 -23"><span class='ocrx_word' id='word_1_198' title='bbox 132 2857 492 2940; x_wconf 86' lang='lat' dir='ltr'>provinciis,</span> <span class='ocrx_word' id='word_1_199' title='bbox 535 2868 608 2921; x_wconf 92' lang='lat' dir='ltr'>ut</span> <span class='ocrx_word' id='word_1_200' title='bbox 649 2857 828 2942; x_wconf 89' lang='lat' dir='ltr'>leges</span> <span class='ocrx_word' id='word_1_201' title='bbox 875 2854 1240 2941; x_wconf 87' lang='lat' dir='ltr'>municipiis</span> <span class='ocrx_word' id='word_1_202' title='bbox 1285 2854 1530 2931; x_wconf 86' lang='lat' dir='ltr'>darent,</span> <span class='ocrx_word' id='word_1_203' title='bbox 1575 2878 1654 2919; x_wconf 90' lang='lat' dir='ltr'>an</span> <span class='ocrx_word' id='word_1_204' title='bbox 1699 2854 1822 2932; x_wconf 88' lang='lat' dir='ltr'>his,</span> <span class='ocrx_word' id='word_1_205' title='bbox 1873 2857 1983 2941; x_wconf 93' lang='lat' dir='ltr'>qui</span> <span class='ocrx_word' id='word_1_206' title='bbox 2026 2855 2267 2920; x_wconf 89' lang='lat' dir='ltr'>domini</span> <span class='ocrx_word' id='word_1_207' title='bbox 2308 2855 2446 2921; x_wconf 84' lang='lat' dir='ltr'><strong>R0-.</strong></span> 
     </span>
     <span class='ocr_line' id='line_1_25' title="bbox 135 2963 2443 3051; baseline 0 -24"><span class='ocrx_word' id='word_1_208' title='bbox 135 2988 460 3030; x_wconf 87' lang='lat' dir='ltr'>manorum</span> <span class='ocrx_word' id='word_1_209' title='bbox 515 2975 759 3041; x_wconf 89' lang='lat' dir='ltr'>essent,</span> <span class='ocrx_word' id='word_1_210' title='bbox 821 2963 1313 3050; x_wconf 88' lang='lat' dir='ltr'>imperatoribus</span> <span class='ocrx_word' id='word_1_211' title='bbox 1371 2984 1628 3028; x_wconf 91' lang='lat' dir='ltr'>omnem</span> <span class='ocrx_word' id='word_1_212' title='bbox 1669 2963 2163 3051; x_wconf 88' lang='lat' dir='ltr'>municipiorum</span> <span class='ocrx_word' id='word_1_213' title='bbox 2205 2964 2443 3029; x_wconf 89' lang='lat' dir='ltr'>consti-</span> 
     </span>
     <span class='ocr_line' id='line_1_26' title="bbox 135 3072 2445 3159; baseline 0.002 -26"><span class='ocrx_word' id='word_1_214' title='bbox 135 3075 512 3138; x_wconf 88' lang='lat' dir='ltr'>tuendorum</span> <span class='ocrx_word' id='word_1_215' title='bbox 553 3084 928 3159; x_wconf 87' lang='lat' dir='ltr'>potestatem</span> <span class='ocrx_word' id='word_1_216' title='bbox 969 3073 1058 3137; x_wconf 85' lang='lat' dir='ltr'>ita</span> <span class='ocrx_word' id='word_1_217' title='bbox 1095 3094 1466 3137; x_wconf 86' lang='lat' dir='ltr'>concessam</span> <span class='ocrx_word' id='word_1_218' title='bbox 1510 3094 1653 3136; x_wconf 88' lang='lat' dir='ltr'>esse</span> <span class='ocrx_word' id='word_1_219' title='bbox 1692 3072 2065 3158; x_wconf 88' lang='lat' dir='ltr'>putabimus</span> <span class='ocrx_word' id='word_1_220' title='bbox 2085 3119 2101 3148; x_wconf 94' lang='lat'>,</span> <span class='ocrx_word' id='word_1_221' title='bbox 2150 3082 2225 3134; x_wconf 87' lang='lat' dir='ltr'>ut</span> <span class='ocrx_word' id='word_1_222' title='bbox 2266 3072 2445 3137; x_wconf 91' lang='lat' dir='ltr'>nullo</span> 
     </span>
     <span class='ocr_line' id='line_1_27' title="bbox 134 3181 2447 3266; baseline 0.001 -24"><span class='ocrx_word' id='word_1_223' title='bbox 134 3181 396 3266; x_wconf 84' lang='lat' dir='ltr'>amplius</span> <span class='ocrx_word' id='word_1_224' title='bbox 441 3194 703 3247; x_wconf 89' lang='lat' dir='ltr'>senatus</span> <span class='ocrx_word' id='word_1_225' title='bbox 749 3181 1074 3257; x_wconf 87' lang='lat' dir='ltr'>consult0‚</span> <span class='ocrx_word' id='word_1_226' title='bbox 1136 3181 1314 3245; x_wconf 82' lang='lat' dir='ltr'>nulla</span> <span class='ocrx_word' id='word_1_227' title='bbox 1352 3181 1501 3266; x_wconf 90' lang='lat' dir='ltr'>lege</span> <span class='ocrx_word' id='word_1_228' title='bbox 1552 3202 1715 3266; x_wconf 91' lang='lat' dir='ltr'>opus</span> <span class='ocrx_word' id='word_1_229' title='bbox 1762 3181 1973 3245; x_wconf 78' lang='lat' dir='ltr'>esset?</span> <span class='ocrx_word' id='word_1_230' title='bbox 2055 3181 2279 3263; x_wconf 82' lang='lat' dir='ltr'>Itaque</span> <span class='ocrx_word' id='word_1_231' title='bbox 2318 3201 2447 3244; x_wconf 91' lang='lat' dir='ltr'>non</span> 
     </span>
     <span class='ocr_line' id='line_1_28' title="bbox 139 3287 2447 3374; baseline -0 -21"><span class='ocrx_word' id='word_1_232' title='bbox 139 3290 362 3354; x_wconf 89' lang='lat' dir='ltr'>mirum</span> <span class='ocrx_word' id='word_1_233' title='bbox 405 3290 662 3354; x_wconf 85' lang='lat' dir='ltr'>videtur</span> <span class='ocrx_word' id='word_1_234' title='bbox 697 3311 860 3364; x_wconf 89' lang='lat' dir='ltr'>esse,</span> <span class='ocrx_word' id='word_1_235' title='bbox 907 3291 1082 3374; x_wconf 91' lang='lat' dir='ltr'>quod</span> <span class='ocrx_word' id='word_1_236' title='bbox 1123 3291 1189 3354; x_wconf 90' lang='lat' dir='ltr'>in</span> <span class='ocrx_word' id='word_1_237' title='bbox 1215 3289 1424 3355; x_wconf 86' lang='lat' dir='ltr'>Taciti</span> <span class='ocrx_word' id='word_1_238' title='bbox 1463 3288 1802 3354; x_wconf 89' lang='lat' dir='ltr'>annalibus</span> <span class='ocrx_word' id='word_1_239' title='bbox 1842 3287 2240 3354; x_wconf 86' lang='lat' dir='ltr'>observatur.</span> <span class='ocrx_word' id='word_1_240' title='bbox 2313 3289 2447 3371; x_wconf 82' lang='lat' dir='ltr'>Qui</span> 
     </span>
     <span class='ocr_line' id='line_1_29' title="bbox 138 3396 2448 3485; baseline -0.001 -24"><span class='ocrx_word' id='word_1_241' title='bbox 138 3419 268 3462; x_wconf 91' lang='lat' dir='ltr'>cum</span> <span class='ocrx_word' id='word_1_242' title='bbox 315 3398 815 3485; x_wconf 89' lang='lat' dir='ltr'>diligentissima</span> <span class='ocrx_word' id='word_1_243' title='bbox 871 3420 1028 3463; x_wconf 88' lang='lat' dir='ltr'>cura</span> <span class='ocrx_word' id='word_1_244' title='bbox 1074 3398 1416 3484; x_wconf 91' lang='lat' dir='ltr'>praecipue</span> <span class='ocrx_word' id='word_1_245' title='bbox 1460 3399 1528 3462; x_wconf 89' lang='lat' dir='ltr'>in</span> <span class='ocrx_word' id='word_1_246' title='bbox 1569 3396 1815 3462; x_wconf 89' lang='lat' dir='ltr'>Tiberii</span> <span class='ocrx_word' id='word_1_247' title='bbox 1855 3396 2217 3482; x_wconf 89' lang='lat' dir='ltr'>principatu</span> <span class='ocrx_word' id='word_1_248' title='bbox 2264 3418 2448 3460; x_wconf 88' lang='lat' dir='ltr'>enar-</span> 
     </span>
     <span class='ocr_line' id='line_1_30' title="bbox 137 3503 2449 3592; baseline 0 -23"><span class='ocrx_word' id='word_1_249' title='bbox 137 3506 324 3570; x_wconf 84' lang='lat' dir='ltr'>rando</span> <span class='ocrx_word' id='word_1_250' title='bbox 371 3508 654 3571; x_wconf 85' lang='lat' dir='ltr'>actiones</span> <span class='ocrx_word' id='word_1_251' title='bbox 699 3515 961 3571; x_wconf 86' lang='lat' dir='ltr'>senatus</span> <span class='ocrx_word' id='word_1_252' title='bbox 1006 3518 1432 3592; x_wconf 86' lang='lat' dir='ltr'>persequatur</span> <span class='ocrx_word' id='word_1_253' title='bbox 1486 3505 1821 3590; x_wconf 86' lang='lat' dir='ltr'>(nimirum</span> <span class='ocrx_word' id='word_1_254' title='bbox 1863 3503 2055 3580; x_wconf 88' lang='lat' dir='ltr'>haec,</span> <span class='ocrx_word' id='word_1_255' title='bbox 2112 3504 2265 3587; x_wconf 86' lang='lat' dir='ltr'>quia</span> <span class='ocrx_word' id='word_1_256' title='bbox 2308 3515 2449 3569; x_wconf 84' lang='lat' dir='ltr'>acta</span> 
     </span>
     <span class='ocr_line' id='line_1_31' title="bbox 141 3610 2448 3700; baseline -0 -24"><span class='ocrx_word' id='word_1_257' title='bbox 141 3628 387 3679; x_wconf 86' lang='lat' dir='ltr'>senatus</span> <span class='ocrx_word' id='word_1_258' title='bbox 428 3614 735 3700; x_wconf 85' lang='lat' dir='ltr'>cognosci</span> <span class='ocrx_word' id='word_1_259' title='bbox 777 3626 1105 3699; x_wconf 85' lang='lat' dir='ltr'>poterant,</span> <span class='ocrx_word' id='word_1_260' title='bbox 1155 3616 1313 3700; x_wconf 90' lang='lat' dir='ltr'>quid</span> <span class='ocrx_word' id='word_1_261' title='bbox 1358 3615 1704 3698; x_wconf 86' lang='lat' dir='ltr'>imperator</span> <span class='ocrx_word' id='word_1_262' title='bbox 1746 3610 2075 3676; x_wconf 84' lang='lat' dir='ltr'>statuisset</span> <span class='ocrx_word' id='word_1_263' title='bbox 2120 3612 2223 3675; x_wconf 89' lang='lat' dir='ltr'>vel</span> <span class='ocrx_word' id='word_1_264' title='bbox 2269 3634 2448 3675; x_wconf 88' lang='lat' dir='ltr'>man-</span> 
     </span>
     <span class='ocr_line' id='line_1_32' title="bbox 142 3717 2447 3808; baseline -0.001 -23"><span class='ocrx_word' id='word_1_265' title='bbox 142 3721 366 3797; x_wconf 82' lang='lat' dir='ltr'>dasset,</span> <span class='ocrx_word' id='word_1_266' title='bbox 410 3722 650 3788; x_wconf 87' lang='lat' dir='ltr'>latebat</span> <span class='ocrx_word' id='word_1_267' title='bbox 687 3744 893 3807; x_wconf 90' lang='lat' dir='ltr'>neque</span> <span class='ocrx_word' id='word_1_268' title='bbox 937 3723 1020 3787; x_wconf 88' lang='lat' dir='ltr'>ad</span> <span class='ocrx_word' id='word_1_269' title='bbox 1059 3746 1280 3788; x_wconf 90' lang='lat' dir='ltr'>eorum</span> <span class='ocrx_word' id='word_1_270' title='bbox 1317 3724 1429 3808; x_wconf 88' lang='lat' dir='ltr'>qui</span> <span class='ocrx_word' id='word_1_271' title='bbox 1467 3721 1800 3786; x_wconf 86' lang='lat' dir='ltr'>historiam</span> <span class='ocrx_word' id='word_1_272' title='bbox 1836 3717 2187 3785; x_wconf 89' lang='lat' dir='ltr'>scriberent</span> <span class='ocrx_word' id='word_1_273' title='bbox 2224 3719 2447 3784; x_wconf 87' lang='lat' dir='ltr'>oculos</span> 
     </span>
     <span class='ocr_line' id='line_1_33' title="bbox 142 3827 2451 3913; baseline -0.002 -20"><span class='ocrx_word' id='word_1_274' title='bbox 142 3830 584 3896; x_wconf 84' lang='lat' dir='ltr'>admittebatur</span> <span class='ocrx_word' id='word_1_275' title='bbox 603 3878 621 3908; x_wconf 93' lang='lat'>,</span> <span class='ocrx_word' id='word_1_276' title='bbox 689 3832 966 3897; x_wconf 83' lang='lat' dir='ltr'>maxima</span> <span class='ocrx_word' id='word_1_277' title='bbox 1039 3844 1173 3896; x_wconf 91' lang='lat' dir='ltr'>erat</span> <span class='ocrx_word' id='word_1_278' title='bbox 1235 3830 1537 3897; x_wconf 87' lang='lat' dir='ltr'>narrandi</span> <span class='ocrx_word' id='word_1_279' title='bbox 1604 3828 1969 3913; x_wconf 86' lang='lat' dir='ltr'>materies),</span> <span class='ocrx_word' id='word_1_280' title='bbox 2042 3849 2189 3892; x_wconf 92' lang='lat' dir='ltr'>cum</span> <span class='ocrx_word' id='word_1_281' title='bbox 2250 3827 2451 3911; x_wconf 87' lang='lat' dir='ltr'>igitur</span> 
     </span>
     <span class='ocr_line' id='line_1_34' title="bbox 145 3936 2449 4024; baseline -0.002 -22"><span class='ocrx_word' id='word_1_282' title='bbox 145 3939 436 4024; x_wconf 88' lang='lat' dir='ltr'>quicquid</span> <span class='ocrx_word' id='word_1_283' title='bbox 472 3939 680 4005; x_wconf 87' lang='lat' dir='ltr'>maius</span> <span class='ocrx_word' id='word_1_284' title='bbox 716 3940 784 4003; x_wconf 90' lang='lat' dir='ltr'>in</span> <span class='ocrx_word' id='word_1_285' title='bbox 828 3951 1056 4005; x_wconf 89' lang='lat' dir='ltr'>senatu</span> <span class='ocrx_word' id='word_1_286' title='bbox 1095 3951 1310 4006; x_wconf 90' lang='lat' dir='ltr'>actum</span> <span class='ocrx_word' id='word_1_287' title='bbox 1355 3950 1473 4015; x_wconf 91' lang='lat' dir='ltr'>est,</span> <span class='ocrx_word' id='word_1_288' title='bbox 1508 3938 1851 4024; x_wconf 90' lang='lat' dir='ltr'>diligenter</span> <span class='ocrx_word' id='word_1_289' title='bbox 1887 3936 2153 4001; x_wconf 89' lang='lat' dir='ltr'>Tacitus</span> <span class='ocrx_word' id='word_1_290' title='bbox 2191 3955 2449 3999; x_wconf 84' lang='lat' dir='ltr'>narrare</span> 
     </span>
     <span class='ocr_line' id='line_1_35' title="bbox 148 4046 2451 4134; baseline -0.002 -23"><span class='ocrx_word' id='word_1_291' title='bbox 148 4048 346 4127; x_wconf 83' lang='lat' dir='ltr'>soleat,</span> <span class='ocrx_word' id='word_1_292' title='bbox 391 4048 570 4112; x_wconf 87' lang='lat' dir='ltr'>nulla</span> <span class='ocrx_word' id='word_1_293' title='bbox 608 4070 808 4134; x_wconf 91' lang='lat' dir='ltr'>prope</span> <span class='ocrx_word' id='word_1_294' title='bbox 859 4059 957 4113; x_wconf 89' lang='lat' dir='ltr'>est</span> <span class='ocrx_word' id='word_1_295' title='bbox 1000 4048 1336 4134; x_wconf 87' lang='lat' dir='ltr'>provincia</span> <span class='ocrx_word' id='word_1_296' title='bbox 1379 4046 1697 4113; x_wconf 88' lang='lat' dir='ltr'>senatoria</span> <span class='ocrx_word' id='word_1_297' title='bbox 1713 4093 1731 4124; x_wconf 96' lang='lat'>,</span> <span class='ocrx_word' id='word_1_298' title='bbox 1792 4067 1957 4129; x_wconf 82' lang='lat' dir='ltr'>quae</span> <span class='ocrx_word' id='word_1_299' title='bbox 2000 4066 2129 4108; x_wconf 92' lang='lat' dir='ltr'>non</span> <span class='ocrx_word' id='word_1_300' title='bbox 2174 4064 2451 4107; x_wconf 89' lang='lat' dir='ltr'>comme-</span> 
     </span>
     <span class='ocr_line' id='line_1_36' title="bbox 150 4150 2450 4240; baseline -0.001 -21"><span class='ocrx_word' id='word_1_301' title='bbox 150 4171 442 4234; x_wconf 88' lang='lat' dir='ltr'>moretur,</span> <span class='ocrx_word' id='word_1_302' title='bbox 487 4157 666 4223; x_wconf 85' lang='lat' dir='ltr'>velut</span> <span class='ocrx_word' id='word_1_303' title='bbox 705 4155 827 4221; x_wconf 91' lang='lat' dir='ltr'>sub</span> <span class='ocrx_word' id='word_1_304' title='bbox 870 4156 1128 4221; x_wconf 90' lang='lat' dir='ltr'>Tiberio</span> <span class='ocrx_word' id='word_1_305' title='bbox 1168 4154 1420 4221; x_wconf 89' lang='lat' dir='ltr'>Achaia</span> <span class='ocrx_word' id='word_1_306' title='bbox 1464 4165 1527 4219; x_wconf 91' lang='lat' dir='ltr'>et</span> <span class='ocrx_word' id='word_1_307' title='bbox 1562 4153 1949 4219; x_wconf 81' lang='lat' dir='ltr'>Macedonia</span> <span class='ocrx_word' id='word_1_308' title='bbox 1991 4152 2196 4240; x_wconf 90' lang='lat' dir='ltr'>(Ann.</span> <span class='ocrx_word' id='word_1_309' title='bbox 2239 4152 2294 4228; x_wconf 94' lang='lat' dir='ltr'>I,</span> <span class='ocrx_word' id='word_1_310' title='bbox 2331 4150 2450 4227; x_wconf 82' lang='lat'>763</span> 
     </span>
     <span class='ocr_line' id='line_1_37' title="bbox 151 4257 2453 4353; baseline -0.002 -26"><span class='ocrx_word' id='word_1_311' title='bbox 151 4263 250 4341; x_wconf 90' lang='lat' dir='ltr'>IV,</span> <span class='ocrx_word' id='word_1_312' title='bbox 294 4268 369 4333; x_wconf 84' lang='lat'>13</span> <span class='ocrx_word' id='word_1_313' title='bbox 411 4276 476 4330; x_wconf 92' lang='lat' dir='ltr'>et</span> <span class='ocrx_word' id='word_1_314' title='bbox 512 4265 646 4349; x_wconf 81' lang='lat'>43),</span> <span class='ocrx_word' id='word_1_315' title='bbox 692 4265 856 4329; x_wconf 89' lang='lat' dir='ltr'>Asia</span> <span class='ocrx_word' id='word_1_316' title='bbox 895 4265 1013 4353; x_wconf 94' lang='lat' dir='ltr'>(II,</span> <span class='ocrx_word' id='word_1_317' title='bbox 1059 4264 1174 4340; x_wconf 79' lang='lat'>473</span> <span class='ocrx_word' id='word_1_318' title='bbox 1224 4263 1341 4340; x_wconf 92' lang='lat' dir='ltr'>III,</span> <span class='ocrx_word' id='word_1_319' title='bbox 1389 4265 1469 4330; x_wconf 81' lang='lat'>58</span> <span class='ocrx_word' id='word_1_320' title='bbox 1510 4274 1575 4328; x_wconf 91' lang='lat' dir='ltr'>et</span> <span class='ocrx_word' id='word_1_321' title='bbox 1614 4263 1725 4338; x_wconf 79' lang='lat'>663</span> <span class='ocrx_word' id='word_1_322' title='bbox 1770 4261 1888 4338; x_wconf 89' lang='lat' dir='ltr'>IV,</span> <span class='ocrx_word' id='word_1_323' title='bbox 1939 4260 2014 4325; x_wconf 84' lang='lat'>13</span> <span class='ocrx_word' id='word_1_324' title='bbox 2058 4272 2119 4326; x_wconf 89' lang='lat' dir='ltr'>et</span> <span class='ocrx_word' id='word_1_325' title='bbox 2167 4260 2241 4324; x_wconf 85' lang='lat'>15</span> <span class='ocrx_word' id='word_1_326' title='bbox 2281 4269 2343 4323; x_wconf 91' lang='lat' dir='ltr'>et</span> <span class='ocrx_word' id='word_1_327' title='bbox 2372 4257 2453 4323; x_wconf 85' lang='lat'>36</span> 
     </span>
     <span class='ocr_line' id='line_1_38' title="bbox 153 4366 2452 4460; baseline -0.002 -24"><span class='ocrx_word' id='word_1_328' title='bbox 153 4384 204 4437; x_wconf 88' lang='lat' dir='ltr'>et</span> <span class='ocrx_word' id='word_1_329' title='bbox 240 4377 368 4460; x_wconf 83' lang='lat'>55),</span> <span class='ocrx_word' id='word_1_330' title='bbox 413 4373 640 4440; x_wconf 86' lang='lat' dir='ltr'>Africa</span> <span class='ocrx_word' id='word_1_331' title='bbox 679 4373 835 4460; x_wconf 85' lang='lat'>(111,</span> <span class='ocrx_word' id='word_1_332' title='bbox 881 4372 960 4439; x_wconf 88' lang='lat'>35</span> <span class='ocrx_word' id='word_1_333' title='bbox 1001 4384 1064 4437; x_wconf 92' lang='lat' dir='ltr'>et</span> <span class='ocrx_word' id='word_1_334' title='bbox 1101 4373 1234 4457; x_wconf 87' lang='lat'>57),</span> <span class='ocrx_word' id='word_1_335' title='bbox 1281 4369 1577 4458; x_wconf 85' lang='lat' dir='ltr'>Cyrenae</span> <span class='ocrx_word' id='word_1_336' title='bbox 1620 4370 1774 4457; x_wconf 87' lang='grc' dir='ltr'><strong>(ΙΠ,</strong></span> <span class='ocrx_word' id='word_1_337' title='bbox 1815 4370 1949 4452; x_wconf 85' lang='grc'><strong>70),</strong></span> <span class='ocrx_word' id='word_1_338' title='bbox 2001 4368 2263 4433; x_wconf 88' lang='lat' dir='ltr'>Baetica</span> <span class='ocrx_word' id='word_1_339' title='bbox 2300 4366 2452 4452; x_wconf 89' lang='lat' dir='ltr'>(IV,</span> 
     </span>
    </p>
   </div>
  </div>
 </body>
</html>
