2917 5017
2838 1 2851 264 1

471 489 619 556 Vol.
669 489 737 554 II
792 513 856 575 p.
911 490 1034 556 232
1096 491 1232 556 dixi
1289 513 1513 556 omnes
1568 489 1712 554 illos
1771 513 1899 556 non
1959 517 2079 558 sua.
2129 495 2415 580 auspicia
2454 495 2739 574 habuisse,
2850 430 2852 514 l

473 598 590 664 sed
649 599 896 685 legatos
961 597 1260 666 Caesaris
1316 600 1545 666 fuisse.
1650 597 1813 664 Nam
1872 601 1993 666 etsi
2063 603 2157 666 M.
2211 603 2551 668 Aemilium
2604 627 2742 670 anno
2849 591 2851 594 ’

473 708 802 792 superiore
868 719 1226 792 praetorem
1290 708 1497 774 fuisse
1556 719 1803 776 constat
1866 707 2087 793 (Caes.
2138 709 2285 775 bell.
2342 712 2463 776 civ.
2508 711 2601 787 H,
2652 713 2741 788 213

469 811 600 880 Dio
641 816 832 892 XLI,
877 816 1022 897 36),
1067 829 1140 880 ut
1183 827 1396 882 vetere
1441 840 1619 881 more
1662 828 1817 882 tunc
1852 817 2247 903 provinciam
2286 841 2405 884 suo
2437 819 2569 884 iure
2608 819 2745 884 obti-

469 946 622 990 nere
663 923 978 999 debuerit,
1019 935 1229 990 tamen
1273 925 1607 1009 probabile
1642 936 1758 1002 est,
1804 922 2149 992 Caesarem
2174 927 2531 1012 provincias
2555 949 2745 992 recens

467 1030 878 1115 Pompeianis
947 1043 1198 1118 ereptas
1267 1054 1395 1097 non
1461 1033 1675 1098 statim
1746 1035 1981 1119 populo
2034 1034 2435 1111 reddidisse,
2496 1057 2746 1119 praeser-

468 1139 582 1202 tim
621 1160 765 1202 cum
805 1161 884 1202 ex
921 1139 1068 1225 lege
1109 1140 1414 1226 Pompeia
1451 1140 1741 1206 nondum
1782 1142 2035 1210 sublata
2070 1143 2577 1227 quinquennium
2616 1143 2750 1208 inter

467 1247 880 1331 magistratus
919 1248 1098 1333 ipsos
1141 1259 1206 1314 et
1244 1249 1412 1314 inter
1434 1251 1795 1334 provincias
1822 1251 2133 1316 interesse
2160 1263 2499 1337 oporteret.
2563 1250 2748 1332 Quare

467 1354 790 1439 Lepidum
844 1356 1140 1440 quamvis
1191 1380 1272 1422 ex
1326 1368 1627 1442 praetura
1682 1358 1877 1444 legati
1933 1368 2145 1450 tamen
2198 1360 2341 1423 iure
2395 1382 2583 1424 usum
2636 1381 2752 1424 esse

469 1485 722 1539 censeo,
762 1463 958 1548 idque
1001 1487 1077 1530 eo
1115 1467 1344 1550 magis,
1387 1467 1563 1550 quod
1607 1467 1695 1530 D.
1721 1467 2021 1543 Brutum,
2066 1468 2175 1551 qui
2207 1466 2489 1534 Galliam
2526 1467 2753 1550 accepit,
2852 1509 2854 1548 2

468 1594 588 1636 nec
625 1583 984 1657 praeturam
1031 1575 1314 1657 gessisse
1351 1596 1521 1639 anno
1562 1575 1643 1640 49
1683 1586 1931 1640 certum
1962 1586 2083 1653 est,
2122 1586 2187 1640 et
2210 1579 2488 1656 legatum
2518 1575 2757 1660 appellat

467 1678 616 1744 Liv.
671 1680 822 1766 epit.
866 1679 1156 1746 CXIIII.
1252 1683 1448 1748 Hunc
1500 1697 1715 1748 autem
1764 1683 1978 1769 ipsum
2032 1683 2122 1748 D.
2164 1684 2448 1748 Brutum
2507 1705 2629 1746 non
2667 1682 2757 1744 toti
2839 1614 2854 1764 l

471 1788 752 1865 Galliae,
807 1812 998 1874 quam
1043 1788 1286 1858 Caesar
1325 1791 1633 1867 habebat,
1679 1791 1794 1856 sed
1838 1791 1897 1856 ei
1936 1791 2129 1855 modo
2174 1771 2371 1876 parti,
2420 1813 2605 1874 quam
2642 1791 2759 1874 Ap·
2846 1781 2855 2148 ⁴

471 318 556 386 90
1132 326 1212 374 De
1252 324 1422 376 Gallia
1460 329 1813 380 Romanorum
1861 331 2135 394 provincia.

469 1899 697 1984 pianus
769 1921 995 1964 recens
1061 1911 1500 1986 expugnatam
1566 1901 1862 1986 appellat,
1932 1900 1976 1964 i.
2017 1921 2071 1964 e.
2143 1900 2261 1964 toti
2329 1898 2761 1984 Transalpinas

468 2018 718 2092 praeter
760 2007 1272 2083 Narbonensem,
1336 2009 1691 2094 praefuisse
1750 2009 2080 2086 existimo,
2142 2018 2217 2070 ut
2265 2008 2335 2070 in
2390 2006 2762 2072 Narbonensi

467 2126 532 2180 et
571 2117 638 2180 in
679 2116 972 2180 citeriore
1017 2116 1126 2180 alii
1167 2117 1362 2201 legati
1409 2117 1861 2191 remanserint3
1925 2140 2075 2182 nam
2114 2117 2457 2201 Illyricum
2500 2115 2583 2196 Q.
2622 2111 2761 2178 Cor·

466 2224 710 2300 nifici0,
771 2224 1155 2310 Hispaniam
1211 2224 1581 2289 ulteriorem
1637 2222 1868 2290 Cassio
1928 2224 2265 2310 Longin0,
2330 2223 2489 2289 item
2540 2222 2761 2307 legatis,

466 2331 760 2417 paruisse
801 2333 1062 2398 scimus.
1145 2331 1278 2398 Sed
1322 2345 1472 2419 post
1518 2335 1760 2398 victum
1804 2332 2221 2418 occisumque
2252 2333 2635 2418 Pompeium
2671 2329 2762 2394 ubi

469 2437 711 2506 Caesar
763 2463 928 2504 anno
976 2441 1053 2507 47
1111 2441 1176 2506 in
1233 2441 1460 2508 urbem
1514 2441 1737 2516 rediit,
1798 2463 1969 2506 nova
2007 2441 2115 2506 lex
2150 2441 2233 2506 de
2269 2440 2625 2526 provinciis
2662 2439 2765 2502 lata

467 2560 584 2624 est,
627 2569 758 2631 qua
797 2547 1034 2614 abolita
1073 2559 1288 2614 vetere
1329 2549 1641 2634 Pompeia
1682 2548 2051 2614 consulares
2094 2549 2471 2634 provinciae
2508 2549 2575 2611 in
2614 2557 2764 2632 pote·
2854 2524 2856 2638 J

468 2664 630 2720 state
683 2667 944 2720 senatus
1001 2668 1477 2732 remanserunt,
1540 2656 1887 2740 praetoriae
1934 2678 2155 2721 omnes
2204 2653 2476 2720 Caesari
2524 2654 2764 2719 traditae

467 2775 640 2840 sunt,
683 2764 796 2848 qui
837 2785 1001 2847 quos
1048 2764 1415 2849 placuisset,
1459 2765 1541 2829 iis
1584 2764 1974 2851 praeficeret.
2042 2763 2215 2830 Vide
2248 2760 2614 2828 Comment.
2654 2761 2767 2846 epi-

465 2872 689 2959 graph.
715 2872 784 2938 II
809 2896 871 2957 p.
901 2872 1042 2938 232.
1119 2873 1328 2958 quue
1373 2895 1448 2937 eo
1494 2874 1701 2959 magis
1740 2872 2173 2938 necessarium
2206 2882 2361 2947 erat,
2404 2870 2604 2956 quod,
2644 2891 2767 2934 cum

465 3008 634 3050 nova
685 2987 792 3050 lex
843 3005 955 3048 eos
973 3029 992 3058 ,
1053 2982 1166 3067 qui
1229 2983 1420 3047 modo
1488 2982 1903 3067 magistratus
1963 2979 2354 3064 gessissent,
2427 2977 2767 3063 provincias

465 3094 758 3179 accipere
813 3092 1092 3167 iuberet,
1155 3091 1485 3176 superiore
1538 3112 1705 3154 anno
1768 3089 1929 3154 nulli
1992 3097 2317 3174 praetores
2376 3087 2536 3152 facti
2594 3095 2769 3160 erant,

463 3225 586 3266 nec
635 3201 756 3266 rite
807 3201 938 3265 ulla
997 3200 1245 3265 sortitio
1294 3198 1434 3262 fieri
1492 3206 1757 3282 poterat.
1850 3196 2075 3280 Itaque
2136 3196 2203 3260 in
2250 3193 2487 3260 Galliis
2530 3195 2770 3279 quidem

465 3312 656 3376 etiam
709 3319 934 3396 postea
991 3330 1100 3374 eos
1154 3305 1551 3379 invenimus,
1620 3303 1733 3388 qui
1789 3326 1939 3370 cum
1998 3304 2211 3370 nullos
2268 3315 2459 3370 antea
2518 3303 2768 3368 honores

465 3419 840 3506 gessissent,
879 3417 1078 3503 legati
1115 3414 1322 3500 magis
1358 3435 1553 3497 quam
1594 3411 1694 3476 sui
1736 3411 1896 3477 iuris
1934 3411 2266 3498 praesides
2294 3412 2501 3476 fuisse
2528 3410 2767 3476 videan-

463 3537 586 3590 tur.
693 3525 754 3590 N
757 3550 872 3590 am·
915 3526 982 3590 in
1036 3522 1461 3607 Transalpina
1520 3519 1835 3584 mansisse
1888 3520 1977 3585 D.
2020 3520 2295 3584 Brutum
2352 3519 2665 3584 discimus
2702 3535 2764 3578 ex

465 3635 615 3700 Liv.
671 3635 820 3721 epit.
856 3632 1108 3710 CXIV,
1167 3631 1280 3716 qui
1337 3651 1505 3694 anno
1562 3628 1645 3694 46
1701 3627 1783 3694 ab
1834 3649 1913 3694 eo
1962 3628 2343 3694 Bellovacos
2406 3627 2770 3695 rebellantes

463 3743 710 3829 proelio
761 3744 965 3807 victos
1021 3763 1164 3806 esse
1221 3738 1475 3814 scribit,
1533 3759 1651 3802 nec
1704 3735 2065 3802 decessisse
2110 3757 2261 3802 eum
2302 3736 2601 3802 existimo
2642 3742 2772 3798 ante

466 3851 706 3916 bellum
749 3849 1118 3939 Mundense
1161 3848 1558 3922 confectum,
1604 3867 1687 3911 cx
1728 3867 1859 3929 quo
1902 3844 2159 3908 rediens
2204 3840 2448 3910 Caesar
2486 3844 2577 3908 D.
2621 3842 2773 3906 Bru-

465 3971 602 4022 tum
659 3981 880 4024 secum
932 3957 1001 4020 in
1055 3955 1306 4022 Italiam
1366 3954 1725 4038 urbemque
1774 3951 2047 4017 deduxit
2106 3952 2309 4032 (Plut.
2354 3951 2511 4016 Ant.
2564 3973 2619 4014 c.
2662 3945 2774 4028 11).

466 4066 728 4132 Interim
768 4066 1012 4132 Caesar
1029 4111 1046 4139 ‚
1105 4074 1445 4148 antequam
1501 4062 1569 4124 in
1608 4059 1898 4126 Africam
1944 4061 2271 4146 profectus
2312 4070 2443 4136 est,
2498 4079 2665 4124 anno
2705 4055 2772 4120 47

465 4186 740 4242 exeunte
774 4196 894 4260 pro
928 4183 1243 4259 potestate
1277 4171 1471 4236 modo
1507 4178 1771 4254 accepta
1801 4167 2051 4236 Galliae
2078 4166 2446 4254 Cisalpinae
2484 4163 2776 4253 praefecit

465 4283 562 4348 M.
610 4284 870 4348 Iunium
923 4282 1198 4346 Brutum
1258 4279 1464 4363 (Plut.
1521 4279 1703 4343 Brut.
1758 4299 1813 4342 c.
1855 4278 1961 4362 6),
2022 4276 2465 4362 proconsulari
2517 4271 2774 4360 imperio

469 4402 764 4458 ornatum
803 4394 1041 4481 (neque
1083 4388 1254 4456 enim
1291 4385 1507 4463 vide0,
1552 4409 1668 4452 cur
1705 4387 1788 4452 de
1831 4386 1960 4452 fide
2002 4384 2283 4452 auctoris
2331 4384 2413 4450 de
2445 4383 2562 4448 vir.
2588 4381 2676 4446 ill.
2704 4377 2775 4446 82
