2917 5017
739 328 822 379 De
857 328 1060 392 legibus
1099 330 1487 395 municipalibus
1525 330 1831 396 Hispanicis.
2322 330 2444 397 317

111 491 457 567 volumus,
513 492 656 576 ipsa
705 488 1025 555 Latinitas
1084 512 1164 554 ex
1225 489 1487 555 foedere
1549 492 1831 576 quodam
1888 494 2207 571 nascitur,
2270 494 2448 579 quod

112 600 240 663 etsi
295 599 566 685 propius
631 598 1048 663 coniunctum
1089 608 1226 663 erat
1277 620 1426 663 cum
1467 598 1721 665 civitate
1756 600 2045 666 Romana
2086 624 2283 686 quam
2324 603 2451 669 alia

113 709 404 785 foedera,
440 708 588 774 ideo
619 720 832 773 tamen
861 708 1132 772 inferius
1165 707 1637 792 quodammodo
1674 720 1791 786 est,
1829 710 2007 793 quod
2037 710 2161 775 hoe
2186 723 2449 796 propter

111 818 364 883 auxilia
403 840 484 881 ex
523 816 799 881 formula
838 816 1206 900 praebenda
1245 840 1554 903 magnum
1600 818 1875 881 sustinet
1922 840 2108 895 onus,
2154 841 2285 903 quo
2332 820 2445 885 illa

114 926 254 989 fere
311 933 563 990 vacant.
658 923 936 988 Mutatio
991 923 1193 1009 igitur
1251 925 1529 989 foederis
1580 926 2049 1011 susciperetur,
2114 927 2171 991 si
2211 928 2321 1012 qui
2363 950 2446 992 ex

113 1035 454 1099 foederata
508 1032 764 1097 civitate
825 1032 892 1096 in
938 1031 1110 1097 Latii
1163 1034 1268 1099 ius
1309 1035 1841 1112 transferrentur,
1898 1057 2026 1099 non
2064 1035 2461 1101 beneficium·

117 1144 539 1207 conferretur.
627 1136 763 1205 Sed
812 1141 1130 1225 explicare
1191 1142 1355 1205 hanc
1398 1143 1709 1208 rationem
1760 1144 1887 1208 nisi
1929 1144 2043 1228 qui
2084 1145 2449 1211 Latinitatis

115 1251 441 1335 originem
483 1274 560 1315 ac
597 1250 946 1313 decursum
993 1261 1418 1334 persequetur
1457 1272 1588 1314 non
1631 1251 1891 1337 poterit:
1952 1252 2140 1317 nobis
2188 1253 2449 1337 quidem

117 1358 252 1422 hoc
311 1359 456 1423 loco
513 1356 914 1442 significasse
955 1379 1091 1421 rem
1136 1357 1423 1442 quidque
1470 1358 1711 1423 factum
1754 1369 1926 1425 esset
1972 1360 2450 1427 demonstrasse

121 1467 288 1532 satis
337 1479 488 1531 erat.

293 1575 434 1639 Iam
479 1575 534 1639 si
578 1574 990 1639 discedamus
1035 1598 1073 1638 a
1113 1572 1481 1651 foederatis,
1526 1598 1565 1639 a
1600 1574 1819 1640 liberis
1860 1576 2137 1661 populis,
2179 1577 2451 1661 quiquo

115 1685 268 1749 iure
317 1683 534 1747 donati
579 1682 706 1747 sint
747 1683 1060 1747 incertum
1116 1706 1258 1749 esse
1298 1684 1581 1748 diximus
1601 1731 1618 1759 ,
1682 1707 1721 1749 a
1761 1685 2023 1749 coloniis
2070 1684 2351 1770 denique
2390 1698 2453 1749 et

117 1792 371 1857 civium
395 1790 834 1857 Romanorum
870 1791 1164 1869 urbibus,
1211 1792 1664 1875 relinquuntur
1702 1793 2005 1857 nimirum
2038 1793 2457 1879 stipendiaria

118 1899 368 1986 oppida
387 1948 404 1975 ‚
469 1898 707 1983 quibus
773 1900 1166 1965 consuluerit
1225 1900 1667 1986 Vespasianus
1686 1950 1703 1977 ,
1770 1923 1919 1965 cum
1981 1902 2451 1987 compositurus

117 2007 480 2093 Hispanias
523 2007 674 2071 belli
717 2007 923 2072 civilis
961 2019 1336 2092 tempestate
1374 2010 1779 2095 perturbatas
1826 2009 1891 2073 in
1924 2032 2215 2087 censura,
2259 2026 2453 2095 quam·

120 2141 276 2183 eum
322 2116 474 2180 Tito
515 2116 648 2181 filio
695 2117 918 2203 gessit,
965 2117 1174 2181 edicto
1217 2118 1517 2183 omnibus
1548 2118 1811 2183 Latium
1852 2118 2129 2183 offerret.
2194 2119 2452 2184 Etenim

118 2227 250 2290 hoc
305 2236 521 2289 tenere
579 2224 960 2289 debebimus
1001 2225 1278 2290 oblatam
1323 2248 1467 2291 esse
1512 2226 1959 2301 Latinitatem,
2014 2249 2143 2289 non
2187 2228 2453 2312 imposi-

119 2346 255 2399 tam
294 2332 699 2410 nolentibus3
763 2333 1081 2418 siquidem
1126 2344 1346 2399 contra
1389 2357 1631 2400 morem
1673 2335 2037 2399 Romanum
2078 2346 2176 2401 est
2218 2337 2455 2402 invitos

118 2441 441 2508 beneficio
495 2440 752 2505 afficere
807 2452 1029 2525 atque,
1092 2453 1167 2507 ut
1223 2454 1286 2507 et
1345 2444 1639 2530 singulos
1688 2455 1751 2509 et
1794 2444 2133 2508 universos
2179 2446 2453 2530 populos

120 2560 381 2616 constat
435 2550 612 2635 ipsos
676 2550 814 2614 eius
866 2549 1032 2634 legis
1089 2574 1217 2636 qua
1273 2553 1338 2617 in
1399 2553 1719 2617 civitatem
1772 2553 2211 2637 reciperentur
2272 2554 2456 2637 quasi

123 2659 378 2725 fundos
440 2682 582 2723 esse
649 2660 852 2723 factos
925 2656 1094 2743 (Cic.
1161 2683 1226 2746 p.
1278 2661 1460 2726 Balb.
1512 2662 1587 2726 13
1636 2666 1789 2744 sq.),
1854 2660 2007 2725 item
2064 2660 2449 2747 Vespasiani

123 2770 348 2833 edicto
386 2767 824 2853 intelligemus
871 2766 1044 2831 diem
1086 2790 1228 2833 esse
1271 2770 1717 2845 constitutam,
1761 2778 1907 2833 ante
1946 2791 2135 2852 quam
2181 2770 2291 2855 qui
2339 2770 2453 2835 be·-

119 2877 361 2943 neficio
403 2876 500 2939 uti
541 2875 809 2951 vellent,
872 2876 1323 2960 profiterentur
1370 2878 1619 2961 aliaque
1662 2877 1983 2953 iniuncta,
2034 2876 2272 2961 quibus
2320 2878 2455 2943 La-

121 2986 352 3049 tinitas
413 2984 828 3070 acciperetur.
938 2983 1164 3070 Neque
1223 2996 1436 3051 tamen
1498 2986 1773 3051 dubium
1835 2996 1932 3050 est
1994 2985 2151 3069 quin
2218 2986 2453 3071 cupide

121 3116 356 3159 omnes
399 3092 811 3178 expetierint,
871 3092 1062 3157 edicti
1101 3093 1282 3179 leges
1325 3094 1677 3180 explerint,
1716 3094 2132 3178 municipales
2177 3093 2456 3179 denique

118 3204 311 3288 leges
375 3201 714 3267 mutandas
775 3200 880 3265 vel
941 3200 1426 3267 constituendas
1480 3202 1782 3266 curarint.
1884 3200 1986 3265 Ita
2041 3200 2457 3265 Latinitatem

118 3312 400 3397 adeptae
455 3320 608 3375 sunt
668 3330 890 3373 omnes
953 3309 1403 3394 stipendiariae
1451 3310 1743 3375 civitates
1786 3332 1905 3374 nec
1944 3310 2157 3373 minus
2201 3309 2281 3385 ii,
2328 3309 2445 3393 qui

121 3420 480 3487 contributi
521 3430 702 3483 erant
743 3418 812 3481 in
857 3418 1172 3493 colonias,
1215 3418 1283 3482 in
1321 3418 1704 3503 municipia,
1752 3418 1821 3481 in
1857 3416 2051 3481 urbes
2100 3416 2456 3499 antiquitus

119 3529 434 3603 Latinas3
481 3539 545 3591 at
576 3526 743 3603 illae,
786 3548 952 3611 quae
985 3526 1246 3590 foedere
1280 3549 1427 3590 cum
1459 3526 1729 3610 imperio
1752 3524 2044 3589 Romano
2078 3525 2456 3589 coniunctae

121 3648 313 3702 erant
351 3646 482 3701 tres
526 3635 844 3711 civitates,
892 3633 1166 3699 dubium
1207 3646 1326 3711 est,
1373 3658 1552 3710 num,
1598 3656 1759 3718 quos
1802 3634 2255 3719 stipendiarios
2302 3655 2455 3697 con-

123 3744 410 3810 tributos
451 3743 519 3807 in
563 3766 744 3807 suam
774 3741 1240 3828 rempublicam
1272 3743 1615 3821 habebant,
1655 3743 1927 3808 Latinos
1949 3741 2089 3805 fieri
2114 3740 2455 3817 voluerint,

123 3876 332 3939 quare
387 3852 862 3937 discerperetur
916 3874 1034 3916 sua
1083 3851 1264 3917 urbs.
1361 3852 1731 3936 Mansitque
1782 3851 2098 3935 quaedam
2151 3849 2456 3933 inaequa-

123 3961 307 4037 litas,
371 3961 528 4025 dum
570 3959 982 4024 Domitianus
1041 3980 1212 4024 novo
1272 3961 1517 4037 edicte,
1578 3984 1657 4025 ne
1705 3960 1863 4045 quid
1906 3958 2080 4042 quod
2122 3966 2457 4021 externum

127 4080 334 4145 esset,
392 4068 459 4131 in
502 4067 838 4153 provincia
876 4067 1298 4151 relinqueret,
1357 4068 1704 4133 foederatis
1742 4068 1933 4131 etiam
1976 4065 2249 4131 urbibus
2296 4064 2457 4129 civi-

127 4188 326 4241 tatem
365 4176 724 4241 Romanam
771 4174 1022 4241 obtulit.
1109 4175 1221 4241 Sic
1280 4188 1448 4241 certe
1504 4177 1663 4241 haec
1710 4198 1815 4241 res
1856 4185 1917 4239 et
1955 4173 2165 4259 potuit
2210 4172 2349 4236 fieri
2396 4182 2459 4235 et

130 4296 318 4373 gesta
357 4295 477 4362 est,
527 4284 582 4349 si
618 4306 818 4370 parva
851 4266 1191 4368 quaedam,
1232 4304 1397 4367 quae
1433 4306 1609 4349 nunc
1644 4284 2014 4349 coniectura
2041 4280 2297 4365 assequi
2328 4302 2460 4344 non

127 4392 302 4472 licet,
341 4394 733 4459 omittamus.
821 4390 1048 4467 Velut,
1105 4392 1162 4457 si
1213 4391 1358 4476 quis
1413 4392 1545 4457 iam
1590 4416 1629 4457 a
1667 4390 2071 4479 Vespasiano
2110 4389 2457 4455 foederatis
