2917 5017
743 346 823 395 De
863 346 1062 408 legibus
1103 348 1497 411 municipalibus
1536 348 1846 413 Hispanicis.
2333 348 2456 415 273

123 505 312 569 latim
353 528 472 591 per
512 506 900 591 provincias,
945 506 1008 568 in
1050 506 1288 590 quibus
1334 507 1386 570 si
1431 530 1596 591 quae
1636 508 1799 573 bene
1828 512 2213 579 meruissent
2240 514 2456 592 urbes,

125 614 390 679 civitate
445 614 714 680 donatas
767 614 914 678 item
973 615 1468 699 municipiorum
1528 640 1758 681 nomen
1817 620 2175 705 accepisse3
2240 621 2457 707 itaque

122 744 256 805 quo
297 722 590 807 pluribus
637 721 898 787 daretur
931 721 1180 799 civitae,
1229 747 1304 789 eo
1342 724 1531 809 plura
1572 725 1859 790 extitisse
1900 729 2267 817 municipia,
2314 744 2455 796 tan-

122 830 406 914 demque
448 831 578 894 huc
619 852 760 894 esse
803 829 1186 906 deventum,
1224 845 1296 895 ut
1333 855 1480 896 cum
1521 832 1601 897 ab
1643 829 1975 900 Caracallo
2014 838 2312 904 omnibus
2352 841 2455 903 in-

121 940 363 1022 genuis
436 937 802 1003 hominibus
875 962 988 1023 per
1056 940 1394 1025 imperium
1463 942 1826 1007 Romanum
1894 944 2215 1029 impertita
2284 959 2454 1013 esset

120 1048 393 1123 civitas,
434 1047 682 1111 nullum
730 1059 1094 1132 superesset
1139 1049 1479 1134 oppidum,
1534 1049 1709 1133 quod
1754 1074 1883 1115 non
1926 1054 2347 1140 municipium
2390 1066 2453 1121 et

116 1168 298 1219 esset
358 1167 422 1219 et
471 1155 590 1219 rite
644 1155 988 1219 diceretur.
1081 1156 1248 1221 Nam
1289 1158 1372 1221 de
1413 1158 1678 1223 coloniis
1726 1182 2073 1244 earumque
2114 1162 2197 1227 ab
2238 1164 2451 1229 muni-

114 1264 312 1349 cipiis
354 1264 746 1339 discrimine,
789 1265 964 1347 quod
1007 1265 1195 1349 quale
1239 1267 1432 1329 fuerit
1474 1279 1726 1352 praeter
1754 1269 2029 1333 nominis
2060 1270 2451 1356 honorisque

111 1373 382 1436 inanem
426 1371 748 1457 quandam
789 1373 1068 1457 speciem
1108 1396 1316 1457 neque
1357 1374 1521 1439 alius
1556 1376 1897 1460 quisquam
1924 1378 2214 1444 invenire
2243 1381 2451 1465 potuit

111 1504 334 1564 neque
391 1504 510 1545 nos
560 1482 922 1547 invenimus
963 1482 1030 1545 in
1071 1494 1408 1547 comment.
1445 1484 1483 1547 I
1524 1507 1585 1569 p.
1625 1485 1745 1549 474
1792 1507 1919 1568 sq.,
1970 1485 2093 1550 hoc
2135 1488 2278 1551 loco
2318 1511 2451 1552 non

115 1589 558 1674 disputamus.
631 1587 820 1653 Nunc
868 1602 1082 1654 autem
1123 1591 1617 1675 municipiorum
1662 1614 1895 1656 nomen
1940 1615 2013 1658 ac
2052 1594 2213 1659 ratio
2257 1598 2451 1680 paulo

109 1700 313 1763 latius
359 1698 747 1763 extenditur.
827 1698 940 1763 Sic
987 1699 1156 1763 enim
1203 1710 1493 1763 statuunt
1530 1698 1661 1763 duo
1704 1701 1906 1765 fuisse
1952 1703 2449 1788 municipiorum

110 1830 398 1891 genera,
447 1829 650 1871 unum
691 1806 889 1881 illud,
945 1808 1122 1892 quod
1165 1807 1418 1871 dudum
1463 1830 1685 1873 omnes
1731 1810 2211 1887 existimarunt,
2272 1813 2447 1895 quod

111 1916 382 1980 civitate
419 1916 712 1980 Romana
749 1915 1070 1991 utebatur,
1125 1916 1244 1980 sed
1285 1917 1592 1981 accedere
1632 1918 1902 1982 alterum
1945 1920 2245 1984 inferiore
2285 1920 2449 1985 illud

107 2024 386 2107 quidem
431 2026 572 2088 iure
621 2024 1000 2108 praeditum,
1051 2024 1166 2087 sed
1208 2025 1384 2107 quod
1435 2036 1643 2089 tamen
1692 2049 1819 2091 non
1863 2028 2075 2092 minus
2116 2029 2447 2114 municipii

107 2132 380 2196 nomine
425 2143 773 2196 ornaretur.
860 2132 1118 2196 Etenim
1163 2134 1354 2197 etiam
1399 2156 1476 2197 ea
1518 2134 1775 2219 oppida,
1824 2158 1991 2219 quae
2032 2135 2447 2223 Latinitatem

107 2240 452 2316 haberent,
497 2242 842 2327 municipia
887 2264 1030 2305 esse
1073 2242 1424 2325 appellata,
1470 2255 1563 2318 ut,
1612 2243 1667 2306 si
1708 2244 1884 2327 quod
1932 2244 2255 2309 diceretur
2302 2268 2446 2310 mu-

107 2350 462 2433 nicipium,
523 2350 838 2414 incertum
891 2360 1094 2424 esset,
1158 2362 1376 2413 utrum
1433 2351 1688 2414 civitate
1744 2351 2037 2416 Romana
2090 2376 2171 2417 an
2208 2351 2445 2417 Latino

107 2469 367 2521 tantum
407 2458 548 2521 iure
588 2469 894 2522 uteretur.
979 2455 1184 2522 Nobis
1227 2458 1511 2541 quidem,
1561 2469 1633 2522 ut
1680 2456 2057 2545 Salpensam
2092 2460 2443 2525 Malacam-

105 2590 236 2649 que
299 2577 369 2630 et
430 2566 774 2651 municipia
833 2566 1048 2631 vocari
1105 2577 1168 2629 et
1211 2588 1328 2650 pro
1369 2567 1622 2631 Latinis
1666 2567 2037 2633 civitatibus
2080 2567 2301 2633 haberi
2342 2570 2444 2633 in·-

105 2674 504 2749 telleximus,
549 2696 678 2737 non
721 2674 844 2738 hoc
886 2674 1228 2739 videbatur
1271 2697 1414 2739 esse
1453 2674 1843 2750 faciendum,
1892 2686 1985 2751 ut,
2030 2699 2195 2760 quae
2237 2679 2440 2763 erige,

103 2805 276 2867 quae
304 2783 466 2846 ratio
491 2782 981 2867 municipiorum
1006 2783 1358 2867 antiquitus
1385 2783 1635 2859 fuisset,
1669 2784 2159 2869 explicaremus.
2205 2785 2441 2871 Longa

104 2914 186 2955 ea
229 2892 526 2975 quaestio
571 2902 669 2956 est
707 2913 914 2975 neque
955 2891 1040 2955 ad
1081 2892 1266 2955 hanc.
1287 2914 1424 2955 rem
1467 2914 1630 2974 quae
1674 2892 1889 2976 agitur
1932 2893 2129 2957 utilis.
2202 2892 2439 2975 Quod-

104 3024 374 3085 cunque
435 3002 599 3065 enim
653 3001 1148 3085 municipiorum
1208 3001 1310 3064 ius
1368 3001 1524 3076 fuit,
1589 3022 1737 3065 cum
1786 3024 1987 3087 parva
2046 3012 2180 3066 erat
2233 3002 2441 3067 Roma

102 3110 428 3192 multique
483 3132 558 3173 ac
613 3120 902 3193 potentes
953 3109 1173 3195 populi
1231 3131 1344 3194 per
1397 3108 1649 3173 Italiam
1707 3108 2183 3196 imperitabant,
2244 3111 2315 3174 id
2374 3122 2438 3175 et

100 3218 324 3302 potuit
366 3228 536 3281 certe
573 3227 748 3280 tanto
787 3239 1098 3281 annorum
1135 3218 1339 3302 spatio
1377 3218 1609 3281 mutari
1650 3228 1713 3281 et
1750 3227 2066 3282 mutatum
2102 3240 2243 3284 esse
2280 3241 2435 3283 con-

105 3337 258 3399 stat,
305 3348 429 3389 nec
473 3324 526 3387 si
565 3324 726 3408 quid
761 3323 962 3388 initiis
997 3324 1310 3389 libertatis
1334 3326 1661 3391 Romanae
1686 3326 1831 3402 fuit,
1872 3328 2167 3410 quamvis
2194 3328 2439 3393 semina

103 3458 360 3508 eorum,
408 3454 572 3516 quae
613 3442 834 3517 postea
873 3433 1044 3496 facta
1081 3444 1259 3509 sunt,
1307 3433 1662 3509 contineat,
1706 3433 1879 3497 idem
1920 3457 2129 3519 usque
2172 3435 2256 3499 ad
2293 3435 2435 3499 Do-

101 3541 358 3606 mitiani
402 3552 686 3624 tempora
727 3550 1049 3603 servatum
1089 3563 1230 3605 esse
1273 3541 1606 3627 probabile
1650 3552 1767 3605 est.
1832 3540 2242 3627 Quamquam
2272 3542 2436 3607 illud

101 3649 343 3713 merito
388 3659 633 3733 poterat
675 3646 1007 3732 postulari,
1063 3649 1116 3711 si
1161 3648 1336 3732 quod
1381 3649 1446 3712 in
1487 3649 1837 3734 provinciis
1884 3650 1987 3713 ius
2030 3651 2295 3735 reperiri
2334 3653 2436 3714 vi-

103 3760 406 3835 deretur,
465 3767 540 3820 ut
581 3756 649 3819 id
696 3755 932 3820 alicubi
972 3756 1034 3819 in
1075 3756 1295 3821 adulta
1335 3756 1693 3843 republica,
1760 3778 1908 3821 cum
1952 3780 2155 3822 unum
2192 3758 2332 3823 iam·
2360 3782 2435 3824 ac

103 3865 630 3951 potentissimum
665 3876 834 3929 esset
861 3865 1202 3950 imperium
1226 3866 1613 3942 Romanum,
1654 3865 1942 3930 extitisse
1969 3866 2434 3931 ostenderetur.

105 3975 285 4038 Nihil
347 3972 516 4039 enim
571 3972 723 4037 novi
773 3972 838 4036 in
901 3972 1024 4037 hoc
1079 3974 1342 4058 quidem
1385 3996 1621 4060 genere
1670 3974 2117 4059 excogitarunt
2158 3975 2433 4060 impera-

107 4093 316 4160 tores,
363 4080 480 4145 sed
523 4104 684 4164 quae
728 4079 808 4145 ab
849 4081 1198 4147 maioribus
1239 4084 1475 4148 tradita
1516 4094 1928 4169 acceperant,
1984 4080 2433 4159 definiverunt,

109 4201 462 4265 auxerunt,
522 4188 1008 4275 amplificarunt.
1087 4190 1228 4254 Iam
1278 4202 1370 4255 tot
1423 4191 1577 4255 olim
1631 4192 1887 4255 fuerant
1938 4190 2003 4254 in
2045 4190 2231 4257 Italia
2274 4191 2435 4256 civi-

111 4310 270 4365 tates
312 4297 610 4373 Latinae,
659 4308 752 4360 tot
792 4308 1014 4381 postea
1059 4299 1353 4364 conditae
1397 4309 1549 4363 sunt
1592 4320 1709 4383 per
1750 4298 2138 4384 provincias,
2186 4309 2281 4364 tot
2322 4321 2435 4363 su-

107 4416 380 4494 persunt
423 4426 641 4470 rerum
682 4404 1119 4472 Romanarum
1159 4418 1454 4474 auctores
1500 4406 1905 4492 amplissimi,
1962 4417 2092 4470 tam
2128 4408 2435 4491 frequens

1952 4515 2142 4582 18.
