2917 5017
507 348 632 413 302
1115 350 1198 399 De
1233 350 1434 412 legibus
1470 348 1863 412 municipalibus
1897 348 2212 412 Hispanicis.

505 516 795 579 Romano
821 513 1078 597 legibus
1105 518 1348 575 fantum
1371 511 1509 573 fieri
1538 509 1890 595 oportebat.
1932 510 2067 571 Iam
2094 510 2403 574 nonnulla
2424 534 2509 574 ex
2538 511 2645 585 iis,
2673 533 2815 592 quae

509 624 692 685 Sulla
735 621 1184 693 constituebat,
1233 620 1422 682 etiam
1470 644 1507 682 a
1558 619 1799 703 populo
1842 618 2279 681 confirmanda
2320 620 2675 693 curaverit,
2722 618 2813 680 sed

505 732 780 815 plurima
822 742 990 793 certe
1035 752 1114 791 ex
1159 729 1302 811 lege
1331 726 1593 791 Valeria
1635 726 1788 810 egit,
1826 747 2033 807 neque
2072 748 2149 789 ea
2182 728 2393 789 minus
2423 727 2619 789 firma
2644 750 2813 809 quam

503 840 748 923 reliqua
815 835 1362 901 existimabantur.
1469 832 1573 897 Cf.
1638 831 1995 897 Comment.
2063 834 2397 918 epigraph.
2464 836 2484 895 1
2562 858 2631 918 p.
2693 834 2813 897 24st

507 947 749 1009 Similis
789 959 1002 1010 autem
1045 966 1312 1030 prorsus
1353 942 1639 1027 potentia
1683 942 1894 1005 delata
1936 952 2033 1005 est
2076 948 2152 1005 ad
2194 942 2477 1005 IIIviros
2524 940 2815 1023 reipubli-

505 1077 616 1118 cae
661 1053 1168 1126 constituendae,
1213 1052 1325 1134 qui
1367 1072 1535 1115 anno
1581 1050 1661 1113 43
1698 1074 1753 1113 a.
1794 1046 1949 1112 Chr.
1988 1049 2064 1111 P.
2104 1049 2280 1124 Titii,
2324 1049 2579 1113 tribuni
2604 1047 2814 1132 plebis,

503 1165 646 1247 lege
693 1162 886 1226 creati
935 1174 1084 1225 sunt
1127 1158 1326 1244 (App.
1357 1157 1507 1223 bell.
1552 1158 1678 1221 civ.
1712 1156 1831 1231 1V,
1878 1159 1969 1236 7),
2012 1156 2123 1242 qui
2175 1180 2291 1242 pro
2337 1168 2665 1242 potestate
2712 1155 2813 1219 sibi

501 1271 756 1355 legibus
803 1270 1101 1334 mandata
1157 1279 1220 1331 et
1277 1290 1501 1331 omnes
1555 1266 1695 1329 illas
1749 1266 2249 1351 proscriptiones
2301 1264 2727 1327 instituerunt
2767 1280 2813 1325 et

504 1380 934 1465 magistratus,
985 1400 1148 1462 quos
1195 1378 1448 1450 vellent,
1497 1388 1814 1450 crearunt,
1863 1386 1925 1437 et
1954 1374 2321 1437 universam
2356 1371 2815 1457 rempublicam

503 1500 821 1563 rexerunt.
906 1486 1087 1567 Quid
1134 1486 1336 1569 igitur
1382 1495 1501 1559 cst,
1544 1482 1719 1566 quod
1766 1504 1913 1556 non,
1958 1480 2309 1543 dummodo
2354 1482 2651 1565 populus
2690 1483 2815 1563 lege

501 1596 892 1680 permiserit,
949 1594 1028 1658 ab
1087 1616 1216 1657 uno
1279 1591 1579 1656 constitui
1642 1589 1873 1654 liceat?
1961 1588 2149 1669 Quae
2209 1611 2361 1673 pars
2422 1604 2541 1653 aut
2590 1588 2817 1674 publici

497 1714 609 1766 aut
655 1702 884 1784 privati
932 1702 1092 1765 iuris
1137 1700 1406 1785 cogitari
1445 1712 1677 1784 potest,
1722 1720 1885 1781 quae
1912 1720 2037 1761 non
2067 1695 2458 1759 mandetur?
2506 1696 2679 1759 Nam
2716 1696 2819 1757 etsi

501 1812 700 1874 multa
739 1810 964 1873 Illviri
1009 1832 1122 1893 per
1165 1810 1292 1871 vim
1337 1809 1649 1881 fecerunt,
1695 1827 2079 1891 magnopere
2122 1817 2331 1867 tamen
2370 1803 2819 1886 providebant,

499 1930 571 1982 ut
612 1917 920 2001 quicquid
965 1930 1248 2000 agerent,
1292 1916 1553 2000 legibus
1597 1915 1739 1977 fieri
1776 1914 2121 1977 videretur.
2189 1911 2411 1991 Quare
2452 1912 2819 1997 imperatori

499 2026 808 2109 quicquid
849 2023 1154 2109 placebat,
1203 2024 1414 2087 edicto
1458 2023 1561 2086 vel
1614 2023 1871 2085 decreto
1918 2021 2305 2086 constituere
2345 2020 2618 2096 licebat,
2660 2019 2816 2102 quod

497 2135 662 2219 legis
718 2135 922 2198 vicem
978 2133 1262 2196 obtinere
1321 2132 1408 2194 ait
1455 2130 1664 2195 Gaius
1722 2131 1769 2202 1,
1818 2132 1877 2205 ἴ),
1925 2130 2079 2212 quia
2132 2129 2272 2212 ipse
2318 2128 2685 2213 imperator
2722 2150 2819 2212 per

497 2241 706 2326 legem
765 2242 1103 2326 imperium
1162 2240 1469 2324 accipiat:
1534 2239 1697 2323 legis
1756 2251 1965 2302 tamen
2024 2239 2231 2302 forma
2291 2259 2366 2300 ac
2424 2260 2677 2300 nomen
2732 2236 2816 2308 iis,

497 2372 660 2434 quae
707 2372 851 2414 cum
905 2360 1130 2413 senatu
1184 2348 1551 2433 populoque
1610 2346 2072 2411 communicata
2132 2359 2367 2421 essent,
2416 2345 2815 2409 servabatur.

497 2458 632 2522 Sed
688 2482 844 2521 num
901 2470 1347 2520 veteranorum
1390 2456 1711 2519 civitatem
1758 2456 1823 2517 in
1880 2454 1961 2518 iis
2006 2453 2199 2519 rebus
2243 2454 2447 2517 fuisse
2495 2464 2819 2537 putamuS,

495 2588 656 2649 quas
701 2566 996 2649 princeps
1033 2564 1350 2648 cumipse
1397 2574 1615 2647 posset
1659 2563 2033 2637 concedere,
2074 2585 2223 2627 cum
2262 2574 2491 2625 senatu
2536 2584 2819 2625 commu-

495 2674 710 2737 nicare
761 2672 993 2735 vellet?
1079 2672 1318 2734 Parum
1367 2671 1434 2733 id
1492 2671 1753 2754 quidem
1802 2669 2129 2755 probabile
2180 2683 2296 2734 est.
2380 2670 2551 2733 Nam
2598 2669 2819 2732 ceteris

497 2780 862 2844 hominibus
921 2790 1166 2844 constat
1221 2802 1410 2864 saepe
1466 2780 1880 2863 imperatores
1936 2779 2257 2842 civitatem
2316 2778 2627 2851 donasse,
2694 2778 2818 2840 sine

492 2889 637 2975 lege
677 2900 866 2971 atque
905 2888 1159 2951 iniussu
1207 2899 1488 2962 senatuS,
1535 2910 1661 2951 non
1710 2887 1900 2951 modo
1922 2885 2325 2971 Augustum,
2361 2887 2443 2950 de
2470 2908 2605 2968 quo
2630 2888 2819 2948 refert

495 2997 677 3060 Suet.
728 2998 904 3081 Aug.
952 2996 1032 3061 40
1076 3008 1138 3059 et
1197 2992 1336 3059 Cal.
1384 2997 1485 3070 38,
1546 2997 1660 3059 sed
1718 2996 1909 3059 etiam
1956 3016 2365 3059 successores
2412 2994 2582 3068 eine,
2633 3007 2819 3075 atque

495 3118 712 3169 extant
760 3104 1064 3189 epistolae
1109 3104 1274 3167 duae
1305 3104 1503 3167 Plinii
1542 3104 1626 3168 ad
1671 3104 2019 3167 Traianum
2066 3109 2195 3187 (ep.
2222 3104 2303 3167 22
2348 3114 2411 3164 et
2457 3102 2635 3185 107),
2681 3102 2819 3183 qui-

493 3211 618 3275 bus
665 3212 984 3275 civitatem
1029 3212 1110 3275 ab
1152 3213 1531 3297 imperatore
1567 3212 1656 3274 ita
1695 3213 1854 3296 petit
1884 3224 2073 3295 atque
2105 3212 2421 3295 impetrat,
2461 3222 2536 3271 ut
2572 3210 2817 3272 nullum

495 3321 1157 3395 senatusconsultum,
1227 3321 1469 3383 nullam
1529 3320 1739 3402 legem
1798 3321 2270 3395 intercessisse,
2343 3318 2461 3381 sed
2532 3318 2815 3401 diploma

493 3436 739 3491 tantum
807 3427 1140 3491 suffecisse
1217 3441 1432 3512 aperte
1506 3426 1956 3510 intelligamus.
2055 3427 2229 3491 Num
2300 3449 2429 3509 qua
2486 3426 2703 3510 igitur
2756 3425 2813 3487 in

493 3534 804 3598 militibus
865 3557 1060 3599 causa
1105 3548 1222 3611 est,
1281 3548 1356 3597 ut
1399 3557 1621 3598 eorum
1678 3534 1999 3599 civitatem
2044 3536 2387 3620 imperator
2430 3535 2651 3618 magis
2708 3555 2811 3596 vo-

491 3642 682 3707 lucrit
725 3665 872 3706 cum
917 3655 1144 3707 senatu
1177 3642 1647 3706 communicare
1682 3665 1875 3725 quam
1913 3644 2183 3707 aliorum
2212 3642 2599 3705 hominum?
2646 3642 2809 3705 Num

491 3750 768 3815 civitatis
812 3750 1193 3815 beneficium
1232 3774 1270 3814 a
1313 3760 1541 3815 senatu
1580 3750 1901 3835 proficisci
1943 3751 2151 3814 videri
2190 3750 2497 3835 cupiebat
2532 3750 2809 3835 impera·

488 3858 633 3921 tor?
717 3855 928 3933 Certe,
983 3858 1284 3942 quoniam
1323 3858 1390 3920 in
1435 3858 1744 3923 milit-ibus
1787 3858 2129 3942 imperium
2170 3858 2498 3923 nitebatur
2540 3880 2807 3941 eamque

487 3964 674 4048 quasi
719 3967 1039 4050 propriam
1083 3967 1478 4050 provinciam
1524 3977 1874 4049 acceperat,
1916 3966 2078 4029 illud
2132 3967 2405 4031 maxime
2448 3988 2655 4051 agere
2700 3966 2805 4029 de-

491 4073 700 4147 bebat,
745 4086 837 4150 ut,
881 4074 1192 4158 quicquid
1237 4073 1547 4138 militibus
1591 4074 1871 4149 daretur,
1912 4074 1981 4136 id
2022 4098 2061 4139 a
2100 4097 2169 4138 se
2207 4097 2337 4138 uno
2366 4086 2431 4137 et
2456 4075 2603 4137 solo
2640 4076 2803 4137 exire

489 4202 693 4265 neque
748 4182 880 4245 ulla
939 4192 1200 4247 senatus
1255 4204 1398 4246 esse
1445 4194 1725 4267 potestas
1770 4180 2119 4257 videretur,
2164 4183 2484 4267 anxieque
2528 4184 2801 4268 impera-

487 4302 656 4353 tores
697 4311 940 4365 omneS,
994 4290 1288 4373 quamvis
1344 4290 1425 4353 de
1478 4290 1621 4355 aliis
1667 4287 1862 4353 rebus
1908 4300 2201 4353 senatum
2248 4291 2691 4366 consulerent,
2738 4289 2797 4353 id

486 4398 762 4461 maxima
803 4420 960 4461 cura
1003 4398 1410 4481 prospexisse
1450 4397 1773 4472 audimu8‚
1806 4411 1879 4461 ut
1903 4419 2037 4461 rem
2064 4400 2398 4463 militarem
2430 4400 2795 4464 universam
