2917 5017
814 328 899 376 Dc
932 325 1103 377 Gallia
1137 327 1490 377 Romanorum
1528 330 1807 393 provincia.
2375 332 2458 400 79

184 486 439 550 Africam
504 497 567 550 et
620 486 969 572 Hispanias
1001 469 1005 473 ⁴
1033 486 1289 572 (Λιβύην
1352 488 1594 551 ἅπασαν
1651 492 1750 553 καὶ
1787 490 2052 576 Ἰβηρίαν
2109 497 2457 583 ἑκατέραν),

185 591 395 658 Crasso
439 593 565 657 Dio
618 605 681 658 et
735 594 1075 680 Appianus
1122 592 1375 678 Syriam
1434 606 1498 659 et
1554 596 1854 663 finitimos
1907 602 2182 686 populos
2202 650 2219 679 ,
2286 626 2458 668 unus

180 702 533 767 Plutarchus
574 699 715 767 Cat..
762 726 817 767 c.
866 702 943 765 43
991 700 1244 781 Syriam
1292 713 1357 765 et
1401 702 1813 789 Aegyptum,
1871 704 2135 773 Caesari
2181 710 2458 794 denique

177 810 376 893 reliqui
421 808 686 887 Gallias,
729 809 965 874 Livius
1012 809 1446 875 Germaniam.
1523 810 1700 893 Quid
1743 814 1945 899 igitur
1987 816 2054 880 in
2094 818 2238 901 lege
2281 819 2458 883 erat?

178 917 492 983 Germania
534 926 597 981 et
640 918 1025 1003 Aegyptus,
1084 940 1245 1001 quae
1292 916 1558 983 Caesari
1615 932 1678 983 et
1715 918 1958 987 Crasso
2003 925 2272 989 traditae
2315 949 2458 991 esse

61 1036 63 1041 '
174 1026 465 1103 dicuntur,
506 1026 660 1110 quia
702 1026 767 1088 in
793 1036 1103 1110 potestate
1127 1027 1351 1113 populi
1376 1027 1650 1091 Romani
1693 1052 1819 1093 non
1857 1042 2054 1107 erant,
2095 1032 2460 1119 significant

174 1156 363 1197 earum
405 1134 663 1197 nomina
702 1132 785 1197 ob
823 1156 967 1197 eam
1010 1156 1270 1199 causam
1310 1136 1515 1201 fuisse
1557 1137 1624 1199 in
1659 1137 1937 1219 legibus,
1987 1139 2160 1223 quod
2199 1163 2310 1205 eae
2355 1141 2458 1205 ΠΙ

172 1241 303 1305 viris
355 1240 807 1327 permittebant
862 1264 1085 1328 pacem
1138 1243 1347 1306 facere
1408 1253 1472 1307 et
1523 1242 1762 1308 bellum
1820 1267 2044 1331 gerere
2092 1248 2252 1331 (Dio
2297 1247 2339 1311 l.
2382 1249 2457 1331 l.)

172 1371 293 1413 cum
336 1360 559 1415 contra
596 1351 755 1415 alios
794 1373 1218 1435 quoscunque
1261 1350 1592 1427 volebant,
1648 1363 1783 1416 tum
1835 1366 2058 1418 contra
2097 1352 2456 1418 Germanos

170 1470 219 1521 et
252 1456 639 1543 AegyptioS,
690 1481 819 1542 qua
854 1460 1099 1523 ratione
1142 1460 1223 1524 iis
1270 1483 1522 1523 summa
1567 1460 1852 1525 omnium
1893 1484 2108 1525 rerum
2149 1472 2456 1547 potestas,

168 1588 305 1649 quae
348 1566 629 1649 alioquin
682 1592 721 1633 a
764 1580 990 1633 senatu
1051 1568 1418 1653 populoque
1463 1569 1754 1633 Romano
1807 1568 2130 1654 proficisci
2191 1570 2455 1646 solebat,

168 1674 375 1739 tradita
430 1686 549 1739 est.
652 1674 786 1741 Sed
832 1676 1089 1752 Africa,
1156 1687 1474 1759 quatenus
1525 1676 1786 1761 quidem
1851 1678 2184 1761 provincia
2235 1678 2458 1763 populi

164 1782 407 1848 Romani
450 1784 934 1860 continebatur,
1000 1795 1171 1849 certe
1211 1784 1522 1869 Pompeio
1577 1807 1706 1847 non
1763 1795 1860 1847 est
1917 1784 2244 1860 mandata,
2309 1807 2455 1849 cum

171 1892 325 1975 quod
365 1894 491 1957 duo
536 1903 787 1957 tantum
832 1894 971 1957 eius
1008 1892 1226 1977 legati,
1275 1891 1354 1955 L.
1381 1892 1694 1956 Afranius
1740 1903 1802 1954 et
1840 1892 1934 1955 M.
1973 1892 2290 1969 Petreius,
2339 1915 2456 1957 no-

168 2002 499 2079 minantur,
560 2012 623 2065 et
668 2000 843 2085 quod
894 2012 1037 2065 octo
1093 2000 1239 2065 illae
1284 2000 1656 2086 provinciae
1701 1999 2058 2084 praetoriae
2097 2001 2268 2085 apud
2317 1999 2455 2065 Cic.

166 2109 327 2195 epist.
364 2110 558 2187 VIII,
607 2111 670 2188 8,
730 2110 812 2175 de
856 2107 1094 2195 quibus
1139 2109 1203 2171 in
1250 2105 1612 2173 Comment.
1668 2108 1874 2194 epigr.
1923 2106 2068 2172 Vol.
2113 2107 2180 2171 11
2231 2131 2293 2193 p.
2333 2108 2456 2173 209

162 2217 439 2294 diximus,
490 2220 632 2282 sine
659 2219 885 2283 Africa
912 2218 1091 2282 nullo
1124 2217 1314 2281 modo
1340 2216 1511 2281 effici
1543 2227 1818 2301 possunt
1856 2216 2002 2303 (has
2035 2216 2202 2280 enim
2229 2239 2456 2282 causas

164 2347 261 2389 cur
302 2326 381 2390 de
425 2326 657 2391 Africa
697 2346 825 2391 non
878 2326 1189 2400 crederet,
1234 2324 1445 2389 attulit
1479 2323 1750 2405 Pighius
1779 2324 2009 2387 Annal.
2048 2324 2151 2387 III
2194 2348 2254 2409 p.
2282 2324 2454 2409 398),

164 2444 280 2497 tum
319 2434 491 2517 quod
538 2456 709 2499 anno
756 2434 857 2510 51,
918 2456 1066 2498 cum
1112 2434 1331 2498 eadem
1370 2454 1639 2518 prorsus
1682 2429 1806 2496 Cn.
1842 2432 2134 2518 Pompeii
2171 2444 2456 2517 potestas

166 2553 295 2619 erat,
334 2542 409 2607 P.
434 2542 667 2607 Atium
687 2541 933 2607 Varum
980 2563 1097 2606 suo
1123 2541 1263 2605 iure
1291 2540 1583 2607 Africam
1627 2541 1873 2605 rexisse
1909 2551 2176 2606 constat.
2235 2540 2456 2623 Quare

172 2652 313 2735 quod
356 2652 423 2715 in
472 2652 621 2736 lege
668 2650 749 2714 de
779 2650 1003 2714 Africa
1046 2660 1200 2725 erat,
1246 2649 1327 2714 ad
1360 2648 1781 2713 barbarorum
1821 2670 2043 2733 regna,
2085 2648 2458 2715 Numidiam

175 2770 221 2823 et
244 2759 707 2825 Mauretaniam
736 2769 799 2823 et
832 2756 887 2822 si
924 2780 1053 2841 qua
1094 2757 1219 2821 alia
1257 2758 1504 2821 minora
1547 2765 1745 2832 erant,
1786 2755 2134 2841 spectabat,
2183 2757 2455 2841 quibus-

190 2888 297 2931 cum
342 2866 470 2933 Cn.
512 2867 829 2952 Pompeio
880 2864 1367 2952 permittebatur
1420 2863 1658 2928 bellum
1727 2885 1951 2949 gerere
1970 2911 1986 2939 ‚
2055 2874 2126 2927 ut
2188 2865 2456 2929 eandem

176 2996 326 3058 quam
368 2975 625 3041 Caesar
674 2975 1087 3039 victoriarum
1144 2996 1220 3038 ac
1278 2974 1664 3058 praedarum
1721 2972 2122 3038 occasionem
2175 2972 2456 3037 haberet.

170 3080 429 3149 Tertium
476 3084 761 3168 denique
803 3094 921 3159 est,
962 3082 1138 3167 quod
1172 3082 1405 3146 Livius
1449 3081 1538 3147 ita
1575 3092 1810 3158 narrat,
1857 3081 2041 3166 quasi
2085 3081 2458 3146 nominatim

163 3190 285 3278 lege
326 3192 656 3258 Trebonia
698 3188 939 3255 Crasso
988 3188 1211 3276 Syria,
1266 3190 1576 3275 Pompeio
1615 3190 1934 3275 Hispania
1987 3190 2316 3276 assignata
2355 3188 2456 3265 sit,

162 3298 220 3363 id
258 3301 423 3385 quod
472 3324 700 3388 parum
741 3298 1077 3385 probabile
1120 3320 1264 3363 esse
1318 3298 1445 3362 iam
1490 3297 1882 3363 Garatonius
1936 3300 2004 3362 in
2046 3298 2222 3363 exitu
2261 3318 2457 3360 anno-

167 3409 394 3473 tationis
438 3410 525 3473 ad
570 3406 709 3473 Cic.
772 3408 854 3473 de
906 3429 1086 3493 prov.
1122 3412 1312 3471 'cons.
1365 3407 1850 3484 animadvertit,
1912 3407 2026 3472 sed
2081 3413 2458 3490 argumento

166 3528 351 3582 tamen
393 3518 614 3581 minus
658 3538 814 3581 vero
851 3526 1060 3579 utens.
1122 3514 1380 3579 Etenim
1410 3512 1644 3579 Cicero
1691 3515 1774 3580 ad
1803 3515 1938 3579 Att.
1961 3514 2080 3589 IV,
2114 3514 2154 3577 9
2197 3513 2458 3576 ineunte

171 3646 360 3691 mense
386 3625 574 3691 Maio
610 3625 759 3689 anni
799 3624 879 3688 55
900 3622 1059 3689 haec
1102 3622 1355 3687 scribit:
1405 3626 1526 3686 Nos
1566 3627 1665 3686 laic
1703 3644 1840 3685 cum
1873 3624 2150 3702 Pompeio
2175 3624 2458 3700 fuimus.

184 3734 355 3797 Multa
394 3757 633 3797 mecum
690 3737 763 3796 de
817 3732 1130 3813 republica
1147 3778 1163 3805 ,
1218 3753 1369 3794 sane
1409 3732 1528 3793 sibi
1567 3734 1891 3813 displicens
1909 3780 1926 3807 ,
1985 3739 2059 3791 ut
2101 3727 2461 3809 loquebatur

175 3845 261 3917 (sic
296 3854 382 3905 est
418 3848 586 3906 enim
627 3847 695 3905 in
737 3844 848 3904 hoc
888 3844 1133 3903 homine
1170 3840 1552 3922 dicendum),
1595 3842 1845 3919 Syriam
1884 3857 2191 3919 spernens,
2237 3838 2460 3915 Hispa-

170 3954 315 4013 niam
361 3956 625 4015 iactam.
713 3948 900 4031 Quae
948 3946 1341 4013 Garatonius
1405 3946 1488 4009 ad
1541 3946 1752 4029 legem
1800 3944 2188 4009 Treboniam
2241 3942 2458 4016 refert,

171 4077 277 4139 qua
314 4081 461 4123 cum
502 4055 785 4123 Crassus
830 4067 895 4121 et
938 4055 1284 4140 Pompeius
1310 4054 1564 4139 Syriam
1607 4064 1672 4117 et
1713 4053 2094 4138 Hispaniam
2133 4060 2244 4116 aut
2285 4072 2459 4114 com-

171 4184 366 4247 parare
406 4167 577 4231 inter
620 4188 689 4230 se
728 4176 839 4229 aut
882 4163 1095 4229 sortiri
1139 4161 1301 4228 iussi
1344 4172 1580 4237 essent,
1623 4161 1728 4226 hic
1750 4160 2130 4246 Hispaniam
2173 4158 2460 4223 obtinere

171 4274 500 4340 maluisset.
590 4272 915 4358 Equidem
968 4273 1163 4357 longe
1224 4271 1409 4335 aliter
1474 4269 1882 4335 sentiendum
1937 4289 2080 4333 esse
2141 4266 2459 4330 existimo.

172 4378 313 4445 Nam
350 4381 417 4447 in
460 4384 602 4469 ipsa
635 4383 747 4447 illa
788 4382 1075 4447 citeriore
1118 4378 1455 4465 Hispania,
1504 4400 1665 4464 quae
1709 4376 1944 4441 deinde
1982 4374 2287 4460 Pompeio
2331 4368 2484 4439 tra-⁴
