2917 5017
828 314 910 365 De
952 314 1123 367 Gallia
1155 318 1506 371 Romanorum
1553 320 1828 385 provincia.
1918 393 1924 399 ι
2399 320 2482 388 25

148 470 323 535 ciam
384 473 593 541 fuisse
651 478 1137 563 perspiciamus.
1235 477 1676 545 Veruntamen
1743 484 1938 568 paulo
2003 496 2151 572 post
2198 486 2482 553 Marium

150 601 271 663 pro
314 593 650 666 praetores
679 584 931 650 Galliae
956 585 1420 672 Transalpinae
1463 590 1726 673 reperiri
1756 592 2060 671 diximus,
2106 618 2297 680 quam
2330 618 2481 682 pro·—

150 688 437 753 vinciam
480 701 557 755 ut
616 692 699 757 ab
751 693 892 778 ipso
956 694 1364 779 potissimum
1417 696 1774 763 institutam
1827 723 1970 766 esse
2025 704 2481 789 intelligamus,

150 818 393 883 magna
454 820 531 862 ex
595 799 737 863 eius
788 799 985 865 rebus
1039 800 1461 887 probabilitas
1517 805 1648 889 peti
1699 818 1927 893 potest.
2017 810 2275 877 Etenim
2333 834 2481 877 cum

154 904 445 989 quinque
484 908 861 973 consulatus
904 910 1245 994 gessisset,
1302 920 1374 973 ut
1415 911 1724 979 barbaros
1769 916 2090 995 vinceret,
2139 931 2479 1005 postquam

158 1012 418 1091 vicerat,
462 1038 629 1100 quae
670 1038 865 1081 eausa
910 1028 1065 1093 erat,
1108 1028 1182 1081 ut
1223 1029 1480 1084 sextum
1523 1022 2036 1107 adipisceretur?
2094 1028 2340 1093 Verum
2399 1028 2482 1092 sit

153 1120 343 1198 illud,
386 1124 562 1205 quod
588 1124 821 1188 Livius
851 1125 1003 1210 epit.
1025 1125 1269 1189 LXIX
1312 1127 1636 1213 significat
1675 1132 2100 1219 pluribusque
2139 1135 2482 1220 exequitur

148 1229 549 1295 Plutarchus
594 1232 760 1297 Mar.
810 1256 865 1297 c.
911 1233 992 1299 23
1030 1256 1227 1319 prava
1270 1236 1617 1303 ambitione
1659 1241 2060 1327 pecuniaque
2107 1254 2476 1329 corruptam

151 1361 293 1403 esse
330 1337 625 1425 plebem:
674 1342 789 1405 sed
826 1364 990 1426 quae
1034 1352 1287 1442 tamen,¹
1312 1366 1575 1428 quaes0,
1619 1369 1818 1414 causa
1857 1363 1994 1415 erat
2034 1352 2318 1437 petendi,
2365 1354 2478 1438 qui

146 1450 571 1533 praetextus?
658 1450 918 1516 Habere
974 1451 1147 1515 enim
1202 1474 1468 1518 necesse
1523 1468 1659 1521 erat
1703 1456 2022 1534 Marium,
2083 1482 2199 1523 cur
2258 1458 2478 1525 deberi

147 1556 273 1621 sibi
318 1567 579 1623 sextum
618 1560 1024 1624 consulatum
1065 1559 1325 1625 diceret.
1399 1560 1563 1627 Nam
1611 1564 1678 1628 in
1721 1565 1914 1631 laude
1958 1567 2102 1652 ipsa
2145 1568 2298 1633 satis
2345 1580 2478 1633 erat

145 1666 419 1751 praemii
460 1688 579 1751 pro
610 1677 865 1731 servata
894 1668 1131 1753 patria;
1177 1672 1417 1756 populo
1449 1673 1714 1757 quidem
1739 1675 1864 1739 alia
1896 1698 2000 1740 res
2025 1675 2478 1761 persuadebat.

153 1776 255 1838 Ea
294 1774 419 1839 sita
460 1788 595 1839 erat
649 1774 719 1838 in
761 1776 1134 1861 provinciae
1186 1800 1393 1844 novae
1450 1780 1938 1858 constitutione,
1992 1806 2186 1867 quam
2222 1784 2474 1848 Marius

154 1884 581 1948 necessariam
628 1906 771 1948 esse
810 1884 1161 1949 dictitabat.
1256 1887 1351 1951 Ut
1396 1888 1564 1953 enim
1609 1888 1840 1973 reliqui
1883 1891 2320 1975 imperatores,
2365 1890 2478 1975 qui

149 1991 431 2077 primum
476 1994 759 2077 populos
826 1992 1135 2057 vicissent
1153 2041 1169 2068 ,
1232 1996 1420 2060 etiam
1483 2010 1626 2083 post
1685 1998 2016 2063 victoriam
2056 2012 2476 2083 prorogatum

144 2100 442 2185 accipere
486 2100 781 2165 solebant
822 2101 1200 2185 imperium,
1263 2115 1338 2168 ut
1385 2127 1550 2190 quos
1611 2106 1804 2170 armis
1863 2106 2297 2183 domuissent,
2367 2128 2478 2171 eos

146 2208 409 2295 legibus
450 2221 945 2295 componerent,
1003 2210 1095 2273 ita
1135 2212 1389 2278 Marius
1435 2238 1554 2279 suo
1597 2215 1738 2280 iure
1777 2214 2181 2300 postulabat,
2230 2226 2302 2279 ut
2352 2214 2478 2279 sibi

144 2342 407 2404 quoque
442 2330 868 2406 prorogatum
902 2320 1243 2405 imperium
1286 2323 1761 2388 concederetur.
1841 2322 1900 2388 N
1906 2345 1980 2388 ec
2025 2344 2254 2387 rursus
2299 2322 2368 2385 id
2405 2321 2472 2387 in

147 2427 363 2494 Gallia
410 2428 686 2493 concedi
724 2439 975 2515 poterat
1012 2429 1137 2493 nisi
1174 2430 1514 2496 consulatu
1557 2442 1811 2497 sextum
1849 2430 2091 2495 delato:
2137 2430 2321 2494 aliter
2359 2429 2474 2513 qui

142 2539 409 2603 futurus
443 2550 584 2602 erat
628 2538 875 2614 consul,
922 2537 1230 2603 maiorem
1254 2538 1321 2601 in
1356 2561 1433 2604 ea
1457 2548 1838 2624 potestatem
1882 2538 2236 2604 habuisset.
2307 2538 2476 2603 Ore-

143 2660 319 2711 retur
364 2670 529 2711 sane
588 2648 805 2733 aliqua
852 2648 1023 2713 inter
1066 2648 1351 2713 Marium
1412 2658 1476 2711 et
1529 2647 1696 2711 inter
1749 2649 2086 2734 optimates
2131 2647 2479 2722 contentiO,

146 2778 291 2820 eum
330 2756 437 2832 hi,
494 2778 577 2819 ne
621 2778 866 2821 novum
920 2757 1027 2823 ille
1072 2756 1478 2822 consulatum
1521 2756 1872 2842 acciperet,
1937 2755 2150 2821 statim
2194 2754 2476 2819 Galliam

158 2862 237 2927 ab
256 2865 445 2932 ltalia
491 2864 961 2952 seiungendam
1006 2877 1197 2950 atque
1226 2865 1293 2928 in
1324 2864 1435 2929 illa
1463 2864 1600 2928 sola
1621 2863 1960 2949 imperium
1993 2863 2472 2949 prorogandum

149 2994 293 3037 esse
334 2972 648 3050 dicerent,
691 2974 815 3049 hic,
860 2985 1204 3059 antequam
1242 2996 1447 3041 novae
1491 2972 1858 3059 provinciae
1887 2994 2040 3037 suae
2063 2971 2244 3055 leges
2289 2970 2474 3035 datae

142 3093 409 3159 essent,
466 3082 727 3168 seiungi
788 3104 931 3146 eam
988 3083 1217 3146 nollet:
1290 3080 1403 3145 sed
1451 3080 1608 3145 vicit
1643 3080 1838 3145 Marii
1885 3102 2109 3154 eausa,
2168 3100 2332 3164 quae
2395 3100 2476 3143 ex

140 3215 315 3257 more
360 3192 627 3278 imperii
672 3191 947 3257 Romani
990 3213 1117 3256 non
1173 3190 1413 3255 iniusta
1474 3190 1680 3254 videri
1740 3189 1982 3255 debuit.
2060 3188 2286 3272 Neque
2326 3187 2482 3251 huic

153 3302 379 3365 rationi
452 3300 703 3375 obstat,
761 3300 930 3384 quod
984 3299 1239 3365 Marius
1294 3320 1409 3384 per
1458 3308 1713 3363 sextum
1768 3298 2172 3362 consulatum
2229 3296 2363 3360 fere
2412 3295 2480 3359 in

155 3410 307 3475 urbe
362 3410 635 3475 videtur
690 3388 1086 3474 substitisse.
1162 3406 1455 3472 Primum
1501 3405 1674 3469 enim
1730 3428 1812 3469 an
1867 3405 2261 3490 aliquamdiu
2306 3414 2480 3467 trans

144 3521 354 3606 Alpes
418 3518 781 3584 excurrerit
836 3516 1108 3581 dubium
1166 3527 1295 3592 est,
1353 3514 1590 3579 deinde
1644 3514 1891 3579 etiamsi
1933 3513 2176 3579 Romae
2227 3512 2479 3587 mansit,

146 3652 277 3693 non
336 3628 562 3691 minus
624 3626 813 3691 facile
862 3648 999 3700 rem
1037 3646 1155 3711 per
1196 3624 1443 3709 legatos
1502 3610 2021 3697 administrabat,
2073 3620 2140 3683 in
2189 3641 2316 3703 qua
2369 3618 2481 3683 illo

154 3737 499 3802 commodo
534 3734 857 3811 utebatur,
901 3733 1079 3818 quod
1116 3754 1305 3797 nemo
1341 3730 1580 3797 maiore
1623 3740 1936 3814 potestate
1960 3728 2292 3815 praeditus
2331 3750 2478 3793 eum

142 3845 575 3933 impediebat.
654 3842 1015 3909 Stat-nimus
1060 3842 1263 3927 igitur
1300 3838 1788 3927 Transalpinam
1822 3838 2100 3904 Galliam
2143 3858 2308 3902 anno
2364 3836 2482 3900 100

143 3956 225 4021 ab
288 3952 377 4019 C.
422 3952 640 4018 Mario
702 3952 769 4015 in
809 3950 1179 4037 provinciae
1226 3949 1555 4013 Romanae
1611 3947 1878 4012 formam
1935 3968 2078 4011 esse
2137 3946 2482 4021 redactam,

150 4061 565 4148 Cisalpinam
607 4060 894 4125 relictam
934 4081 1203 4145 prorsus
1254 4057 1321 4121 in
1368 4078 1476 4131 ea,
1533 4076 1698 4140 quae
1737 4064 1924 4120 antea
1961 4054 2205 4129 fuerat,
2259 4051 2484 4117 condi-

151 4174 369 4239 cione:
412 4194 615 4258 quam
644 4168 1044 4243 sententiam,
1072 4187 1459 4252 quamquam
1495 4162 1860 4228 recedimus
1886 4161 1966 4226 ab
2009 4160 2296 4226 omnium
2321 4180 2484 4244 quos

146 4282 458 4348 novimus
532 4279 819 4343 virorum
880 4276 1217 4340 doctorum
1258 4271 1532 4347 iudicio,
1595 4271 1749 4337 satis
1817 4282 2028 4335 tamen
2093 4268 2486 4353 reliquorum

156 4412 487 4458 annorum
532 4385 803 4453 historia
846 4380 1112 4451 stabiliri
1158 4381 1618 4449 existimamus.
