2917 5017
503 368 580 435 14
1160 367 1242 418 De
1283 363 1452 416 Gallia
1484 364 1834 414 Romanorum
1868 357 2143 424 provincia.

498 534 892 623 provinciam
926 505 1231 600 habuisse
1277 538 1450 596 recte
1495 535 1870 600 statuemus,
1920 542 2115 608 quem
2156 528 2367 583 tamen
2411 513 2697 581 eundem
2738 534 2833 578 ex

499 644 700 710 nobili
747 642 1162 728 inscriptione
1209 639 1290 704 de
1332 636 1573 702 finibus
1594 633 2041 700 Atestinorum
2078 637 2142 693 et
2154 625 2603 693 Vicetinorum
2642 619 2835 686 iudi-

503 775 684 818 casse
729 751 1060 817 discimus.
1134 745 1487 832 Imperavit
1516 744 1719 830 igitur
1753 741 1821 806 in
1862 740 2003 826 ipso
2044 735 2383 802 consulatu
2431 741 2497 797 et
2533 731 2601 796 in
2631 728 2839 795 Italia

503 871 568 926 et
607 859 676 924 in
719 856 950 924 Gallia.
1035 856 1207 920 Tum
1267 876 1432 918 anno
1480 852 1597 918 135
1641 847 1781 915 Ser.
1825 846 2101 919 Fulvius
2144 843 2422 908 Flaccus
2490 861 2620 904 cos.
2673 859 2837 903 nar·-

501 977 682 1032 ratur
737 967 806 1030 in
844 965 1106 1052 Illyrico
1146 963 1481 1029 Vardaeos
1535 957 1873 1043 subegisse
1920 956 1947 1039 (
1964 952 2113 1032 Liv.
2166 950 2315 1036 epit.
2359 947 2561 1031 LVI)
2610 966 2837 1030 neque

506 1097 655 1140 eum
711 1071 1136 1139 Macedoniae
1186 1068 1547 1157 praefuisse
1602 1063 1975 1153 putabimus
2030 1063 2219 1148 (nam
2268 1056 2513 1143 Illyrici
2579 1053 2838 1119 nullam

504 1182 829 1270 propriam
873 1180 1270 1268 provinciam
1316 1176 1521 1242 fuisse
1558 1173 1959 1240 ostendimus
2000 1171 2069 1234 in
2091 1166 2449 1234 Comment.
2488 1161 2838 1250 epigraph.

369 1375 372 1378 ῃ
508 1293 653 1358 Vol.
685 1291 754 1356 H
796 1313 856 1375 p.
895 1289 1063 1370 184),
1106 1296 1444 1374 propterea
1486 1283 1663 1370 quod
1708 1282 1851 1369 ipso
1896 1281 2007 1347 illo
2044 1301 2211 1346 anno
2255 1276 2315 1342 ei
2337 1275 2431 1339 Μ.
2460 1270 2839 1339 Cosconius

507 1411 761 1487 praetor
802 1397 1080 1486 praefuit
1121 1393 1514 1484 (Comment.
1553 1393 1596 1458 l.
1640 1392 1683 1456 1.
1729 1415 1792 1477 p.
1848 1389 2015 1472 165),
2055 1396 2129 1452 ut
2168 1385 2421 1452 Italiam
2460 1383 2520 1450 ei
2560 1383 2841 1470 provin-

510 1509 672 1574 ciam
715 1506 1078 1583 obvenisse,
1121 1505 1238 1571 sed
1267 1504 1510 1570 bellum
1542 1525 1691 1567 cum
1728 1499 1970 1586 populo
1997 1494 2249 1563 Galliae
2282 1495 2495 1562 vicino
2540 1493 2841 1580 gessisse

511 1618 868 1684 videamuS.
961 1615 1042 1682 Id
1110 1623 1489 1700 persecutus
1562 1619 1660 1675 est
1722 1609 1913 1673 etiam
1966 1605 2330 1690 insequenti
2400 1625 2604 1680 anno;
2683 1628 2843 1670 nam

512 1723 590 1791 C.
649 1723 925 1790 Fulvius
967 1722 1278 1798 Flaccus,
1340 1719 1461 1784 etsi
1520 1729 1689 1784 sorte
1737 1715 2017 1782 Galliam
2074 1723 2440 1800 acceperat,
2495 1723 2715 1780 tamen
2772 1716 2842 1780 in

509 1834 908 1921 provinciam
963 1855 1090 1896 non
1151 1830 1338 1907 abiit,
1398 1829 1551 1915 quia
1599 1827 1693 1891 M.
1738 1826 1995 1891 Plautio
2042 1823 2353 1909 Hypsaeo
2412 1847 2452 1888 a
2508 1823 2719 1889 servis
2772 1825 2843 1888 in

513 1941 736 2008 Sicilia
802 1943 974 2008 victo
1034 1940 1344 2006 auxilium
1413 1941 1581 2002 ferre
1642 1934 1864 2000 iussus
1932 1944 2031 1998 est
2096 1933 2312 2021 (Flor.
2361 1933 2465 2010 H,
2532 1933 2605 2010 73
2684 1934 2844 1999 Liv.

511 2051 660 2137 epit.
704 2049 913 2130 LVI).
1000 2050 1091 2113 At
1128 2069 1295 2112 anno
1343 2047 1458 2111 133
1514 2067 1663 2109 cum
1706 2042 2063 2128 Hispaniae
2106 2066 2145 2107 a
2182 2041 2513 2107 veteribus
2552 2043 2844 2130 impera-

513 2157 760 2224 toribus
817 2158 1286 2230 obtinerentur,
1353 2152 1575 2239 plures
1635 2175 1836 2238 prope
1888 2151 2193 2245 videntur
2247 2151 2455 2216 fuisse
2505 2162 2845 2238 praetores

513 2290 708 2353 quam
745 2265 1132 2353 provinciae.
1187 2263 1445 2328 Etenim
1469 2258 1756 2326 Siciliam
1795 2259 2137 2325 obvenisse
2165 2270 2416 2325 constat
2460 2259 2645 2326 alteri
2684 2284 2844 2327 0011-

517 2377 730 2442 sulum
769 2375 850 2440 L.
896 2372 1247 2460 Calpurnio
1288 2371 1512 2437 Pisoni
1558 2367 1782 2457 (OroS.
1810 2369 1892 2446 V,
1920 2369 1991 2446 93
2052 2369 2265 2434 Valer.
2310 2369 2489 2434 Max.
2519 2371 2608 2447 H,
2649 2371 2715 2449 7,
2748 2373 2843 2458 9),

513 2497 588 2550 ut
631 2486 707 2549 P.
755 2485 983 2550 Mucio
1021 2481 1370 2548 Scaevolae
1408 2480 1660 2545 Italiam
1706 2502 1857 2544 cum
1879 2478 2095 2544 Gallia
2136 2477 2469 2564 obtigisse,
2512 2491 2845 2565 praetores

515 2605 728 2658 autem
765 2602 1018 2678 praeter
1055 2613 1222 2668 eum,
1267 2591 1380 2676 qui
1423 2589 1738 2654 urbanam
1780 2587 2292 2653 iurisdictionem
2328 2587 2626 2664 habebat,
2674 2589 2846 2655 duos

514 2703 582 2766 in
630 2701 816 2767 Italia
845 2700 1049 2766 fuisse
1093 2699 1451 2764 existimem
1494 2697 1659 2773 illos,
1716 2719 1755 2760 a
1790 2695 2031 2781 quibus
2067 2693 2260 2761 Oros.
2292 2696 2375 2773 V,
2418 2696 2458 2762 9
2502 2720 2847 2764 servorum

519 2808 862 2874 seditiones
919 2809 987 2873 in
1047 2806 1400 2895 Campania
1457 2828 1859 2892 compressas
1914 2827 2058 2870 esse
2118 2804 2357 2870 scribit.
2455 2805 2621 2872 Nam
2674 2831 2847 2892 quae

517 2918 869 2984 hereditate
922 2918 1003 2982 ad
1042 2917 1354 3003 populum
1396 2917 1760 2982 Romanum
1799 2915 2092 3003 pervenit
2134 2914 2325 2991 Asia,
2378 2925 2539 2982 tunc
2576 2917 2849 3003 quidem

518 3038 699 3093 extra
744 3019 1036 3092 ordinem
1061 3027 1138 3091 P.
1169 3023 1459 3112 Scipioni
1488 3025 1762 3090 Nasicae
1810 3025 2045 3090 tradita
2084 3023 2167 3090 ab
2210 3047 2378 3089 anno
2421 3025 2691 3090 demum
2728 3027 2843 3092 131

487 3136 684 3200 *inter
725 3134 1080 3200 ordinarias
1132 3134 1499 3219 provincias
1544 3133 1865 3197 recenseri
1909 3133 2137 3218 coepit.
2220 3133 2441 3216 Quare
2480 3157 2648 3199 anno
2705 3137 2850 3212 132,

519 3266 668 3308 cum
705 3242 1088 3327 Hispaniam
1134 3241 1494 3306 citeriorem
1525 3240 1602 3305 P.
1646 3240 1997 3307 Africanus
2040 3263 2155 3327 pro
2200 3241 2497 3318 consule,
2551 3237 2852 3310 Siciliam

519 3351 594 3414 P.
614 3350 919 3436 Rupilius
951 3372 1082 3415 cos.
1117 3349 1296 3436 (Liv.
1327 3348 1477 3434 epit.
1496 3348 1695 3433 LIX)
1732 3359 1995 3426 teneret,
2024 3349 2204 3435 ipsae
2234 3360 2540 3434 quattuor
2557 3351 2852 3439 reliquae

521 3469 701 3524 erant
733 3457 1124 3545 provinciae,
1167 3481 1327 3542 quas
1357 3468 1663 3543 quattuor
1696 3470 2024 3544 praetores
2072 3459 2209 3523 sine
2250 3459 2385 3524 ulla
2413 3456 2665 3546 imperii
2692 3483 2851 3546 pro-

518 3567 850 3654 rogatione
879 3577 1281 3652 acceperunt.
1320 3567 1619 3630 Alterum
1648 3577 1863 3631 autem
1887 3589 1967 3631 ex
1994 3566 2373 3632 consulibus
2395 3565 2472 3633 P.
2492 3565 2853 3653 Popillium

517 3677 870 3743 Laenatem
905 3675 1266 3742 secundum
1303 3698 1467 3752 eam,
1508 3695 1673 3759 quae
1709 3697 1899 3760 saepe
1944 3674 2288 3741 observata
2308 3685 2426 3752 est,
2472 3675 2849 3742 similitudi-

519 3809 668 3852 nem
701 3786 953 3850 Italiam
996 3806 1159 3849 cum‘
1189 3781 1404 3850 Gallia
1441 3783 1689 3848 rexisse
1729 3781 2261 3849 existimabimus.
2346 3783 2575 3869 anue
2620 3784 2848 3850 simili-

519 3894 681 3959 tudo
736 3893 1054 3978 praeclare
1109 3890 1366 3956 duobus
1421 3891 1685 3976 Popillii
1742 3890 1947 3954 titulis
2012 3891 2445 3958 confirmatur.
2546 3891 2849 3976 Quorum

482 4011 691 4066 'unus
733 4001 818 4065 ad
861 4000 1116 4065 Padum
1157 4021 1359 4085 prope
1398 3997 1715 4063 Hadriam
1757 4008 2051 4083 repertus
2094 4000 2303 4086 (apud
2336 4000 2848 4068 Mommsenium

517 4110 587 4174 in
646 4129 869 4172 museo
921 4107 1231 4174 Rhenano
1293 4107 1446 4172 anni
1508 4105 1666 4170 1854
1723 4127 1788 4190 p.
1849 4106 2009 4190 141)
2072 4105 2352 4172 celebrat
2405 4109 2580 4174 viam
2647 4133 2846 4198 prope

519 4215 836 4281 Hadriam
879 4239 918 4281 a
955 4215 1233 4302 Popillio
1272 4215 1380 4279 illo
1424 4214 1771 4290 munitam,
1818 4212 1977 4278 alter
2020 4214 2362 4292 Pollanus,
2413 4217 2528 4302 qui
2563 4218 2723 4284 olim
2766 4218 2846 4284 ab

521 4322 723 4391 Orell.
767 4347 831 4387 11.
881 4323 1065 4399 3308,
1123 4344 1332 4410 nuper
1373 4347 1412 4388 a
1444 4321 1627 4387 Frid.
1671 4320 2026 4386 Ritschelio
2068 4321 2136 4386 in
2173 4336 2651 4410 programmate
2696 4326 2845 4392 anni

528 4432 690 4498 1852
728 4431 942 4497 editus
987 4442 1105 4508 est,
1146 4431 1463 4519 ἀκέφαλος
1499 4429 1607 4497 1110
1648 4429 1913 4515 (1111ᾶο111
1942 4439 2058 4508 est,
2106 4430 2223 4496 sed
2252 4444 2425 4500 recte
2456 4456 2495 4498 a
2519 4433 2843 4500 Mannert.
