2917 5017
850 383 933 433 De
966 382 1136 434 Gallia
1171 386 1524 439 Romanorum
1561 392 1840 455 provincia.
1916 446 1920 453 ,
2417 398 2494 465 15

160 561 400 627 geogr.
448 550 601 607 tom.
637 542 748 607 IX
786 566 849 629 p.
880 543 951 621 2,
994 566 1056 629 p.
1101 546 1221 613 146
1259 558 1325 613 et
1362 552 1657 636 proximo
1701 557 1948 625 editore
1989 560 2203 627 eidem
2249 561 2495 629 homini

158 648 495 713 tribuitur.
569 650 647 714 In
703 674 833 735 quo
876 674 1023 717 cum
1066 654 1144 717 P.
1184 654 1502 742 Popillius
1543 662 1648 726 vel
1689 685 1820 729 cos.
1865 668 1968 732 vel
2007 690 2260 753 procos.
2313 675 2494 757 (nam

160 757 294 822 hoc
334 758 417 823 ad
458 758 635 822 idem
676 782 945 845 prorsus
985 760 1195 845 redit)
1262 777 1560 831 narretur
1613 771 1783 837 viam
1825 775 2150 860 publicam
2197 778 2263 843 in
2307 779 2496 846 Italia

160 864 475 931 inferiore
496 867 754 945 fecisse,
778 870 1128 948 consulem,
1158 872 1273 957 qui
1292 873 1517 939 Italiae
1537 893 1882 962 praeesset,
1911 884 2191 951 eundem
2214 884 2494 952 Galliam

166 970 573 1060 Cisalpinam
620 996 879 1040 curasse
921 977 1376 1065 intelligimus:
1437 1006 1604 1070 quae
1656 1010 1760 1055 res
1801 1000 1932 1055 tam
1973 1004 2194 1077 aperta
2234 1005 2364 1072 est,
2420 1005 2494 1059 ut

165 1104 251 1146 ne
294 1082 802 1149 Mommsenium
859 1086 1125 1172 quidem
1141 1136 1159 1165 ,
1221 1093 1519 1175 quamvis
1577 1095 1756 1160 aliud
1810 1111 2106 1185 agentem
2121 1148 2140 1178 ,
2204 1102 2272 1166 in
2327 1124 2490 1167 mus.

160 1190 373 1259 Rhen.
406 1192 450 1256 l.
492 1192 537 1256 l.
576 1216 638 1279 p.
686 1193 805 1259 144
848 1217 1119 1280 prorsus
1153 1198 1429 1285 fugeret,
1474 1203 1668 1267 mod'o
1709 1226 1791 1269 ne
1837 1206 1919 1273 de
1960 1210 2296 1294 provincia
2337 1210 2492 1274 Ari-

164 1300 343 1365 mino
356 1347 375 1377 ,
445 1324 611 1386 quae
677 1302 857 1367 nulla
920 1327 1206 1391 unquam
1274 1310 1534 1395 proprie
1587 1312 1916 1397 provincia
1977 1317 2102 1381 fuit
2114 1365 2133 1395 ,
2201 1317 2492 1395 dixisset,

156 1408 476 1495 ‘quodque
500 1410 845 1496 aliquando
866 1412 1111 1479 factum
1143 1436 1287 1481 esse
1311 1418 1600 1502 putabat,
1644 1440 1898 1507 semper
1915 1424 2120 1490 fuisse
2144 1425 2492 1491 statuisset.

160 1519 543 1603 Insequenti
582 1530 799 1585 autem
839 1544 1007 1587 anno
1055 1524 1165 1590 131
1214 1549 1271 1590 a.
1319 1522 1476 1591 Chr.
1523 1548 1672 1591 cum
1711 1530 1873 1596 alter
1909 1554 2040 1597 cos.
2090 1533 2170 1599 P.
2192 1533 2488 1600 Licinius

161 1624 452 1693 Crassus
503 1629 720 1694 Asiam
777 1640 947 1695 sorte
1000 1634 1357 1719 accepisset
1412 1636 1604 1715 (Liv.
1665 1638 1816 1724 epit.
1858 1638 2066 1715 LIX,
2123 1638 2262 1708 Cic.
2319 1642 2488 1707 Phil.

160 1738 295 1815 XI,
328 1738 423 1821 8),
464 1733 753 1804 Siciliam
791 1739 868 1805 P.
904 1736 1207 1827 Rupilius
1243 1766 1363 1830 pro
1399 1766 1530 1809 cos.
1574 1756 1838 1823 teneret,
1875 1750 2070 1814 unius
2117 1750 2486 1836 provinciae

162 1847 615 1933 prorogatione
672 1870 835 1934 opus
879 1860 1016 1915 erat
1035 1896 1053 1927 ,
1114 1874 1279 1936 quae
1335 1875 1466 1938 qua
1521 1854 1589 1918 in
1633 1855 1966 1941 provincia
2024 1858 2330 1923 acciderit
2374 1880 2490 1923 ne-

166 1956 447 2032 scimus3
484 1957 766 2041 itemque
790 1979 956 2021 anno
985 1958 1125 2035 131,
1168 1981 1318 2024 cum
1336 1960 1504 2026 Asia
1526 1962 1621 2027 M.
1645 1963 2010 2049 Perpernae
2055 1987 2186 2029 cos.
2228 1965 2491 2031 obvenit

164 2064 347 2149 (Liv.
391 2086 493 2150 ep.
514 2063 759 2149 LIX.).
824 2063 1075 2133 Galliae
1115 2068 1381 2153 quidem
1407 2081 1639 2135 neutro
1681 2093 1849 2137 anno
1893 2072 1967 2135 fit
1997 2073 2257 2151 menti0,
2296 2096 2492 2159 quam

165 2196 317 2238 cum
338 2174 532 2239 Italia
563 2172 645 2239 ab
668 2174 869 2240 altero
902 2196 1033 2239 cos.
1054 2174 1564 2243 administratam
1591 2201 1734 2243 esse
1776 2179 2203 2246 censebimus.
2245 2180 2492 2247 Verum

160 2304 329 2347 anno
365 2282 487 2347 129
528 2281 705 2347 haud
746 2282 1019 2348 dubium
1060 2283 1338 2349 traditur
1376 2285 1712 2364 indicium,
1752 2309 1882 2372 quo
1903 2288 2155 2354 Galliae
2199 2290 2493 2356 condicio

160 2414 327 2476 quae
344 2391 549 2456 fuerit
568 2413 1059 2477 cognoscamus.
1084 2392 1345 2457 Etenim
1364 2416 1444 2458 ex
1468 2394 1842 2461 consulibus
1862 2406 2018 2461 tunc
2031 2396 2495 2483 M’Aquillium

162 2512 417 2567 constat
448 2500 675 2566 Asiam
714 2522 859 2566 esse
906 2501 1199 2567 sortitum
1243 2524 1321 2567 ac
1363 2504 1652 2570 tenuisse
1697 2527 1905 2589 usque
1949 2506 2033 2571 ad
2072 2528 2311 2571 annum
2355 2506 2494 2584 126,

160 2612 320 2675 alter
384 2606 465 2673 C.
528 2609 955 2696 Sempronius
1014 2609 1382 2676 Tuditanus
1434 2611 1680 2678 Romae
1744 2613 2010 2690 mansit3
2080 2637 2280 2699 quare
2329 2637 2497 2681 cum

162 2717 647 2785 controversiae
716 2717 797 2783 de
858 2720 964 2785 HI
988 2718 1145 2784 viris
1217 2741 1297 2785 ex
1368 2720 1516 2806 lege
1589 2718 1972 2809 Sempronia
2027 2722 2255 2786 creatis
2321 2732 2496 2787 ortae

172 2838 409 2905 essent,
446 2800 535 2893 '‘P.
564 2824 787 2914 Scipio
832 2826 899 2891 in
942 2838 1170 2893 senatu
1212 2830 1434 2907 suasit,
1480 2840 1554 2894 ut
1589 2828 1834 2894 iudicia
1876 2829 1958 2894 de
2001 2829 2176 2915 agris
2218 2828 2496 2917 publicis

169 2936 574 3024 privatisque
623 2936 707 3002 ad
736 2958 905 3013 eum,
944 2936 1055 3020 qui
1080 2937 1149 3000 in
1180 2937 1340 3002 urbe
1382 2949 1537 3015 erat,
1583 2937 1916 3003 consulem
1937 2936 2336 3002 Tuditanum
2383 2937 2497 3003 de-

158 3048 509 3115 ferrentur.
584 3044 858 3131 Recepit
900 3066 1038 3109 rem
1080 3046 1339 3121 consul,
1386 3046 1504 3111 sed
1543 3056 1846 3135 expertus
1892 3055 1955 3110 et
1990 3044 2318 3111 difficilem
2357 3068 2499 3111 eam

160 3180 309 3223 esse
372 3166 438 3221 et
496 3156 789 3221 odiosam
846 3154 913 3219 in
962 3153 1295 3239 Illyricum
1356 3154 1514 3220 abiit
1575 3155 1789 3242 (App.
1851 3154 2000 3221 bell.
2058 3154 2182 3219 civ.
2227 3154 2294 3231 Ι,
2357 3154 2500 3236 19),

170 3266 341 3330 unde
389 3264 475 3331 de
524 3260 883 3349 Iapydibus
928 3284 1148 3327 mense
1194 3258 1469 3329 Octobri
1508 3261 1930 3349 triumphavit
1971 3263 2149 3342 (fast.
2197 3259 2496 3350 Capitol„

176 3373 318 3438 Liv.
360 3372 517 3459 epit.
550 3370 743 3449 LIX,
789 3373 962 3457 App.
1001 3370 1181 3456 Illyr.
1223 3393 1279 3436 c.
1316 3371 1442 3454 10).
1517 3370 1863 3453 Quomodo
1909 3370 2112 3455 igitur
2155 3369 2214 3435 ei
2260 3368 2503 3434 iudicia

64 3473 79 3487 ’
166 3483 277 3549 illa
324 3480 569 3549 deferri
608 3490 929 3567 poterant,
981 3479 1107 3545 nisi
1160 3479 1227 3544 in
1270 3478 1457 3545 Italia
1496 3502 1839 3546 mansurus
1887 3476 2106 3543 esset?
2166 3476 2494 3561 quomodo

168 3614 403 3657 rursus
448 3589 588 3659 sine
638 3590 787 3675 lege
832 3599 943 3655 aut
986 3599 1247 3654 senatus
1306 3588 1600 3655 consulto
1664 3587 1802 3673 (sic
1845 3586 2016 3651 enim
2057 3584 2378 3669 traditur)
2431 3585 2500 3649 in

175 3700 511 3785 Illyricum
544 3698 867 3786 proficisci
910 3709 1103 3783 atque
1140 3696 1293 3763 inde
1338 3707 1486 3763 ante
1528 3694 1678 3761 anni
1723 3694 1965 3760 exitum
1990 3715 2140 3758 cum
2174 3691 2500 3777 triumpho

176 3810 480 3897 recedere
500 3856 519 3887 ,
589 3807 717 3874 nisi
760 3804 979 3875 Gallia
1036 3817 1191 3871 tunc
1253 3826 1524 3891 prorsus
1583 3827 1731 3870 cum
1773 3801 1962 3869 Italia
2004 3801 2348 3867 coniuncta
2387 3799 2502 3864 uni

169 3917 543 4006 imperatori
599 3915 963 4003 paruisset?
1046 3912 1301 3981 Biennii
1356 3912 1756 4001 insequentis
1813 3911 1992 3977 nulla
2051 3930 2251 3997 prope
2311 3906 2501 3973 nobis

177 4027 487 4095 memoria
524 4026 751 4093 relicta
790 4036 890 4093 est
930 4046 1139 4109 neque
1179 4045 1345 4088 anno
1388 4022 1507 4087 126
1553 4018 1770 4087 Gallia
1809 4019 2074 4105 quidem
2115 4038 2502 4084 commemo-

175 4146 387 4214 ratur3
468 4144 534 4199 at
594 4155 764 4201 anno
828 4134 946 4199 125
990 4132 1140 4198 Liv.
1196 4130 1347 4217 epit.
1400 4127 1539 4193 LX
1597 4127 1792 4192 tradit
1842 4126 2152 4193 Fulvium
2194 4125 2504 4191 Flaccum

180 4268 309 4312 cos.
386 4268 539 4311 cum
590 4239 1111 4311 Massiliensibus
1178 4236 1418 4305 auxilio
1481 4235 1720 4301 missus
1784 4246 1990 4312 esset,
2057 4229 2502 4317 Transalpinis

180 4353 545 4441 Liguribus
590 4350 833 4417 bellum
874 4348 1203 4425 intulisse,
1258 4344 1434 4411 unde
1477 4342 1878 4431 triumphans
1923 4364 2090 4409 anno
2149 4340 2266 4407 123
2313 4336 2506 4404 rediit

186 4465 358 4547 (fast.
418 4459 783 4549 Capitol.);
851 4455 1130 4525 eundem
1188 4464 1403 4553 autem
1461 4452 1636 4539 App.
1698 4450 1842 4518 bell.
1899 4450 2021 4519 civ.
2057 4450 2126 4531 Ι,
2175 4447 2290 4526 21,
2353 4445 2508 4535 quia
