2917 5017
465 327 585 394 112
1135 331 1216 382 De
1253 329 1424 382 Gallia
1455 331 1812 380 Romanorum
1842 330 2122 395 provincia.

461 496 774 572 Romano,
815 496 1006 580 quale
1043 505 1200 559 tunc
1239 493 1505 577 quidem
1540 501 1697 567 erat,
1738 491 2026 577 ignotam
2064 493 2353 570 inducat,
2388 504 2460 558 ut
2489 491 2758 578 legiones

463 604 546 669 ab
584 603 938 688 provinciis
985 613 1256 689 separet,
1303 611 1366 666 et
1407 610 1969 667 monumentorum
2014 602 2387 666 auctoritate
2434 601 2759 665 refellatur.

462 712 628 776 Nam
653 712 878 776 Marco
915 713 1268 797 imperante
1305 709 1402 774 M.
1431 705 1750 772 Claudius
1776 708 2019 773 Fronto
2060 709 2237 794 apud
2263 707 2465 774 Orell.
2511 731 2573 772 n.
2616 708 2760 772 5478

461 819 701 886 dicitur
753 824 866 901 leg.
909 825 1107 902 Augg.
1149 841 1249 900 pr.
1282 840 1383 899 pr.
1425 820 1731 880 exercitus
1772 820 2109 898 legionarii
2152 829 2213 880 et
2251 823 2633 882 aua-iliorum
2661 838 2763 897 per

463 929 774 990 Orientem
816 932 886 990 in
919 931 1282 991 Armeniam
1319 936 1379 988 et
1423 927 1795 989 Osrhoenam
1838 935 1901 1009 61
1928 928 2395 990 Anthemusiam
2438 929 2762 999 ductorum,

461 1035 574 1118 qui
633 1057 782 1100 cum
843 1047 1014 1102 certe
1073 1035 1318 1100 nullam
1363 1032 1713 1099 obtinuerit
1758 1032 2153 1117 provinciam
2170 1081 2189 1111 ‚
2250 1036 2461 1100 nullos
2513 1032 2765 1119 populos

461 1144 732 1221 rexerit,
798 1155 1009 1210 tamen
1071 1167 1190 1230 pro
1252 1153 1545 1229 praetore
1600 1141 1975 1225 appellatur.
2065 1141 2323 1208 Rursus
2366 1152 2583 1207 autem
2598 1188 2616 1216 ,
2672 1140 2767 1222 qui

461 1252 783 1336 legionem
827 1253 929 1318 111
971 1253 1341 1339 Augustam
1387 1249 1681 1336 regebat,
1748 1248 2027 1313 eundem
2076 1272 2225 1314 cum
2270 1259 2523 1316 constet
2558 1247 2767 1312 Numi-

463 1358 606 1424 diae
651 1361 1018 1446 provinciae
1062 1360 1420 1445 praefuisse
1461 1358 1964 1444 saepissimeque
2022 1362 2139 1440 leg.
2185 1363 2343 1440 Aug.
2380 1381 2490 1440 pr.
2528 1380 2630 1439 pr.
2672 1379 2769 1441 ap-

463 1468 688 1553 pellari
707 1514 725 1544 ,
791 1479 1004 1534 tamen
1061 1468 1240 1553 apud
1288 1467 1549 1532 Renier.
1599 1466 1804 1530 Inscr.
1855 1466 2081 1551 Alger.
2136 1491 2202 1531 n.
2251 1467 2410 1532 1839
2462 1468 2541 1532 Ρ.
2583 1467 2769 1530 Iulius

460 1576 774 1640 Iunianus
821 1576 1269 1640 Martialianus
1315 1586 1587 1640 vocatur
1628 1577 1871 1655 legatus
1915 1579 2029 1656 leg.
2082 1580 2180 1638 III
2218 1581 2374 1657 Aug.
2422 1579 2773 1638 Seuerianae

465 1686 976 1748 Alexandrianae
1026 1707 1304 1766 praeses,
1369 1693 1442 1747 ut
1498 1682 1565 1746 in
1619 1682 1763 1767 ipso
1820 1704 1899 1747 eo
1954 1683 2175 1759 titulo,
2237 1684 2302 1747 in
2346 1706 2479 1766 quo
2533 1705 2771 1769 praeses

461 1790 904 1876 praedicetur,
965 1791 1398 1878 propraetoris
1452 1789 1982 1877 significationem
2028 1792 2329 1857 omissam
2376 1815 2523 1858 esse
2570 1790 2771 1855 videa-

462 1921 628 1964 mus.
713 1901 902 1982 Quae
948 1923 1096 1965 cum
1141 1900 1232 1964 ita
1273 1900 1421 1975 sint,
1466 1899 1577 1983 qui
1621 1900 1816 1984 legati
1858 1901 2150 1985 Augusti
2192 1901 2471 1985 legionis
2516 1899 2773 1962 alicuius

457 2006 789 2085 dicuntur,
837 2009 1132 2092 quamvis
1175 2030 1306 2072 non
1347 2029 1539 2091 saepe
1574 2028 1693 2092 pro
1729 2007 2139 2093 praetoribus,
2168 2009 2577 2094 appellentur
2613 2009 2771 2092 (nam

463 2139 608 2180 rara
655 2140 731 2181 ea
787 2115 1080 2200 exempla
1130 2138 1274 2179 esse
1327 2114 1641 2200 reperio),
1702 2138 1923 2182 omnes
1974 2117 2292 2202 praetorio
2338 2116 2479 2180 iure
2530 2116 2773 2180 fuerunt

463 2247 540 2288 ac
583 2224 778 2289 simul
821 2245 970 2288 cum
1012 2223 1378 2308 legionibus
1422 2223 1791 2308 provincias
1833 2235 2156 2289 rexerunt.
2256 2224 2531 2289 Invenio
2574 2233 2771 2288 autem

465 2331 693 2396 harum
731 2331 1063 2416 legionum
1103 2331 1234 2396 dici
1271 2331 1525 2416 legatos
1550 2330 1860 2415 Augusti,
1902 2355 2065 2416 quos
2098 2333 2189 2397 ita
2218 2333 2437 2410 affero,
2472 2343 2553 2396 ut
2576 2331 2771 2394 minus

465 2440 653 2504 anxie
695 2439 1100 2523 quaesivisse
1137 2461 1240 2504 me
1279 2440 1482 2506 fatear
1520 2461 1731 2525 neque
1774 2463 1997 2506 omnes
2040 2465 2079 2506 a
2111 2463 2213 2506 me
2257 2452 2368 2506 aut
2408 2440 2636 2505 titulos
2680 2446 2773 2502 aut
2848 2469 2850 2497 A

462 2548 710 2633 legatos
763 2547 1084 2612 recenseri
1135 2547 1515 2612 existimem.
1603 2548 1709 2612 De
1753 2552 1990 2630 legione
2030 2555 2065 2612 Ι
2098 2554 2419 2614 Adiutrice
2435 2601 2449 2626 ‚
2508 2549 2663 2613 item
2705 2545 2773 2608 de
2846 2625 2848 2636 Ι

463 2658 702 2735 legione
745 2660 845 2718 III
879 2660 1034 2734 Aug.
1077 2654 1324 2720 dictum
1365 2666 1495 2732 est3
1542 2659 1783 2737 legatus
1821 2658 1981 2737 Aug.
2024 2661 2140 2740 163.
2186 2662 2221 2719 Ι
2259 2661 2514 2720 Italicae
2550 2655 2632 2718 L.
2655 2653 2773 2718 No·
2846 2701 2848 2727 ἢ

465 2762 610 2826 vius
653 2759 996 2848 Crispinus
1036 2762 1354 2830 Martialis
1401 2761 1793 2830 Saturninus
1854 2774 1953 2829 est
2002 2763 2179 2849 apud
2224 2763 2426 2828 Orell.
2465 2786 2534 2826 n.
2576 2761 2771 2829 74202

463 2879 526 2933 et
571 2869 652 2934 L.
696 2870 904 2935 Iulius
951 2870 1330 2938 Lucilianus
1385 2876 1500 2954 leg.
1550 2876 1821 2952 Augusti
1860 2876 1975 2953 163.
2018 2876 2053 2933 Ι
2090 2876 2232 2936 Ital.
2280 2873 2348 2935 in
2396 2871 2587 2937 titulo
2644 2870 2763 2934 Da-

466 2977 626 3054 eico,
667 2989 742 3042 ut
781 2979 1060 3056 videtur,
1103 2981 1278 3066 apud
1303 2981 1479 3044 Mur.
1506 2980 1651 3056 495,
1675 2981 1749 3056 73
1800 2984 1915 3060 163.
1948 2985 2105 3060 Aug.
2134 2984 2249 3060 163.
2274 2984 2313 3042 I
2332 2984 2409 3042 M
2442 2977 2769 3063 (inerviae)

465 3089 534 3148 in
587 3091 804 3164 Dacia,
851 3087 968 3152 sed
1008 3087 1303 3152 lectionis
1343 3089 1659 3164 incertae,
1712 3086 1797 3168 Q.
1842 3088 2095 3154 Lollius
2140 3088 2431 3154 Urbicus
2478 3086 2607 3152 sub
2648 3085 2771 3148 Ha·
2842 3151 2844 3185 Ι

465 3191 691 3258 driano
731 3195 906 3279 apud
950 3195 1154 3260 Orell.
1195 3196 1394 3273 65003
1443 3200 1561 3278 163.
1590 3200 1749 3278 Aug.
1780 3218 1882 3277 pr.
1918 3218 2019 3277 pr.
2065 3201 2183 3278 leg.
2229 3201 2325 3260 III
2356 3200 2493 3260 Ital.
2532 3193 2769 3280 Appius

467 3296 568 3363 Cl.
615 3300 1008 3380 Lateranus,
1071 3326 1204 3369 cos.
1265 3304 1414 3369 anni
1468 3304 1607 3379 197,
1670 3305 2015 3389 Augustae
2071 3304 2563 3369 vindelicorum
2616 3300 2766 3388 apud

466 3405 670 3472 Orell.
721 3410 916 3487 13993
971 3415 1087 3494 leg.
1145 3417 1304 3493 Aug.
1361 3415 1477 3494 163.
1520 3417 1612 3476 III
1656 3415 1886 3476 Gallio.
1945 3413 2027 3476 L.
2066 3412 2375 3478 Aurelius
2430 3411 2663 3478 Gallus
2710 3409 2762 3470 in

465 3515 651 3580 titulo
673 3517 962 3582 Romano
1003 3519 1178 3605 apud
1205 3520 1398 3586 Grut.
1437 3520 1619 3596 1091,
1657 3521 1732 3596 83
1777 3523 2021 3602 legatus
2047 3526 2206 3602 Aug.
2235 3524 2352 3601 163.
2378 3525 2513 3584 IIII
2544 3521 2752 3584 Flaviae

463 3623 528 3687 in
580 3624 766 3689 titulo
821 3625 1248 3693 Nemausensi
1301 3628 1379 3691 T.
1429 3628 1583 3693 Iulii
1642 3628 1913 3692 Maximi
1967 3628 2276 3705 Brocchi,
2341 3627 2423 3692 de
2478 3651 2613 3713 quo
2658 3625 2755 3688 iam
2832 3635 2837 3640 “

467 3731 712 3796 dictum
751 3744 870 3809 est,
913 3735 1088 3820 apud
1134 3734 1336 3800 Orell.
1377 3736 1574 3814 64903
1634 3741 1749 3816 leg.
1792 3741 1947 3816 Aug.
1994 3741 2108 3817 163.
2164 3741 2250 3802 Vl
2302 3741 2489 3801 Victr.
2538 3736 2617 3800 L.
2654 3731 2758 3796 Mi-

464 3839 673 3904 nicius
705 3839 948 3906 Natalis
991 3843 1060 3906 in
1096 3843 1513 3929 inscriptione
1540 3843 1883 3910 Tiburtina
1918 3845 2223 3930 temporis
2260 3845 2579 3910 Hadriani
2612 3837 2761 3926 apud

465 3945 670 4035 Orell.
717 3948 914 4026 64983
980 3955 1096 4032 163.
1144 3955 1304 4033 Aug.
1361 3956 1479 4033 163.
1542 3957 1629 4017 VI
1687 3956 1811 4016 Vic.
1880 3947 1961 4014 L.
2010 3952 2243 4017 Iunius
2293 3953 2659 4018 Victorinus
2707 3948 2761 4010 in

465 4053 652 4119 titulo
689 4056 1062 4122 Britannico
1100 4059 1274 4142 apud
1301 4058 1506 4123 Orell.
1546 4083 1609 4124 n.
1634 4059 1799 4126 6744
1840 4059 2259 4145 similiterque
2286 4061 2581 4126 Henzen.
2610 4055 2761 4144 apud

466 4161 669 4228 Orell.
697 4164 864 4230 6050
907 4167 1263 4253 supplevit3
1309 4171 1429 4250 163.
1461 4174 1627 4250 Aug.
1647 4189 1751 4248 pr.
1765 4190 1866 4249 pr.
1880 4174 2167 4248 provinc.
2213 4172 2477 4234 Iudaeae
2506 4180 2567 4232 et
2585 4173 2691 4250 163.
2714 4168 2767 4228 X

465 4277 632 4338 Fret.
678 4273 1032 4359 Pompeius
1074 4274 1272 4340 Falco
1319 4273 1442 4340 sub
1483 4275 1763 4341 Traiano
1806 4274 1981 4360 apud
2006 4273 2207 4340 Orell.
2235 4276 2433 4353 5451;
2480 4282 2595 4358 163.
2623 4280 2759 4354 Aug.
2832 4293 2834 4332 ;

463 4383 584 4462 163.
620 4387 686 4444 Χ
728 4387 896 4446 Gem.
958 4384 1035 4447 P.
1075 4383 1286 4448 Iulius
1329 4382 1675 4449 Geminius
1718 4384 2093 4450 Marcianus
2150 4385 2323 4468 apud
2371 4384 2575 4451 Orell.
2616 4383 2751 4450 6911
