2917 5017
444 285 569 352 218
1108 290 1193 339 De
1228 290 1492 341 dictatoris
1529 288 1764 341 Caesaris
1805 288 2100 339 honoribus.

444 463 601 519 tunc
648 464 783 519 erat
826 452 1121 519 condicio
1162 473 1459 537 magnam
1501 449 2014 536 probabilitatem
2069 450 2252 516 affert
2266 499 2285 527 ,
2337 460 2414 515 ut
2463 450 2735 515 consula-

445 574 583 625 tum
624 585 753 627 non
784 562 852 627 in
882 584 1127 647 paucos
1164 560 1305 625 dies
1352 564 1550 646 (quae
1583 559 1751 623 enim
1792 559 1936 623 talis
1971 580 2188 623 morae
2225 581 2420 625 causa
2457 582 2598 625 esse
2633 581 2737 645 po·-

445 671 701 749 teratP),
744 671 861 735 sed
902 671 971 735 in
1008 681 1137 733 tres
1179 690 1431 733 menses
1463 666 1614 733 anni
1643 666 1926 751 reliquos
1961 667 2244 733 delatum
2271 690 2414 733 esse
2440 678 2739 753 putemus.

447 778 627 861 Quid
672 778 913 865 igitur?
987 778 1159 841 Num
1200 777 1494 862 peccavit
1531 775 1906 841 Macrobius
1928 821 1945 850 ,
2001 776 2112 860 qui
2157 798 2400 861 paucos
2445 776 2585 841 dies
2627 776 2742 841 Va-

444 887 601 950 tinio
642 886 965 971 assignet,
1022 907 1227 969 eoque
1270 907 1419 950 cum
1463 881 1541 948 C.
1583 880 1859 949 Caninio
1895 884 2162 961 Rebilo,
2225 884 2310 949 de
2361 906 2496 970 quo
2545 896 2748 970 postea

444 994 755 1070 dicemus,
782 995 1053 1059 confuso
1074 994 1140 1058 in
1168 1014 1449 1058 errorem
1473 990 1780 1057 inductus
1803 990 1930 1056 sit?
1971 992 2064 1057 At
2085 992 2226 1077 ipse
2249 993 2446 1059 etiam
2469 993 2552 1059 de
2573 991 2749 1058 Cani-

444 1103 549 1167 nio
580 1103 815 1188 prodit,
856 1103 1079 1167 eodem
1108 1102 1338 1188 capite,
1372 1111 1447 1164 ut
1474 1101 1540 1163 in
1572 1098 1940 1165 nominibus
1967 1122 2094 1164 non
2121 1099 2422 1167 videatur
2452 1124 2750 1187 peccasse.
2817 1158 2824 1164 .

445 1212 645 1277 Recte
690 1212 891 1298 igitur
932 1231 1061 1274 non
1110 1210 1322 1275 minus
1367 1209 1562 1274 tradit
1603 1231 1796 1293 quam
1837 1208 2210 1275 Suetonius.
2283 1209 2456 1275 Nam
2491 1212 2752 1296 gessisse

444 1323 533 1387 ait
571 1319 903 1387 Vatinium
941 1343 1059 1406 per
1102 1340 1343 1406 paucos
1388 1318 1532 1382 dies
1579 1316 1984 1383 consulatum
2023 1316 2066 1380 i.
2105 1338 2164 1382 e.
2203 1316 2450 1383 Romae
2492 1320 2752 1385 consulis

445 1453 715 1495 munera
738 1429 983 1496 obisse:
1030 1430 1277 1514 reliquo
1304 1441 1591 1513 tempore
1617 1425 2012 1503 consulatue,
2039 1446 2232 1510 quem
2253 1423 2538 1493 Octobri
2561 1450 2754 1493 mense

446 1539 527 1604 ab
568 1537 847 1605 Caesare
894 1548 1246 1623 acceperat,
1289 1538 1357 1601 in
1392 1535 1518 1600 alio
1561 1534 1822 1619 negotio
1851 1533 2251 1610 versabatur,
2299 1536 2620 1621 collegam
2659 1560 2754 1601 au-

444 1658 572 1712 tem
632 1648 771 1713 eius
832 1646 917 1729 Q.
958 1645 1276 1711 Calenum
1329 1667 1445 1729 per
1489 1655 1658 1707 totos
1700 1654 1830 1707 tres
1873 1664 2164 1719 menses,
2224 1666 2392 1728 quos
2437 1646 2760 1709 consulatu

445 1756 869 1842 fungebatur,
928 1756 995 1819 in
1048 1754 1211 1819 urbe
1263 1753 1468 1818 fuisse
1509 1773 1760 1817 censeo·
1847 1750 2286 1817 Veruntamen
2330 1766 2593 1839 pugnet
2633 1754 2760 1817 Ma-

445 1866 703 1931 crobius
748 1888 896 1930 cum
942 1862 1276 1938 Suetoni0,
1320 1862 1433 1945 qui
1477 1860 1634 1925 mihi
1675 1860 1940 1945 quidem
1977 1881 2110 1924 non
2152 1861 2460 1925 videntur
2497 1865 2668 1927 inter
2703 1884 2760 1927 se

443 1996 768 2059 pugnare,
825 1973 1003 2057 quod
1062 1983 1273 2037 tamen
1332 1970 1756 2035 communiter
1807 1968 2072 2033 tradunt
2117 1966 2438 2033 Calenum
2489 1982 2556 2035 et
2600 1972 2760 2037 Vati·-

445 2082 627 2147 nium
666 2081 811 2165 ipso
856 2082 1031 2143 exitu
1076 2080 1227 2143 anni
1268 2079 1476 2143 fuisse
1532 2077 1866 2154 consules,
1924 2077 1994 2141 id
2050 2077 2416 2143 confirmari
2481 2074 2760 2146 videmus

446 2212 526 2253 ex
575 2190 688 2265 iis,
744 2211 913 2274 quae
964 2210 1131 2253 anno
1174 2188 1251 2252 45
1312 2197 1498 2273 gesta
1551 2206 1696 2251 esse
1753 2198 2112 2251 narrantur.
2214 2187 2366 2269 Quo
2409 2212 2588 2255 anno
2633 2212 2764 2254 cum

447 2296 690 2363 Caesar
724 2308 1025 2382 quartum
1065 2298 1472 2361 consulatum
1508 2294 1824 2381 gessisset
1859 2316 2064 2379 eoque
2108 2296 2408 2362 abdicato
2449 2300 2612 2365 alios
2655 2298 2763 2363 sibi

446 2407 839 2483 suffecisset,
882 2406 1011 2471 Dio
1050 2406 1327 2481 XLIII,
1374 2406 1453 2471 46
1498 2404 1623 2467 hoc
1665 2402 2000 2467 observat:
2069 2411 2310 2488 πρῶτον
2359 2408 2470 2489 μὲν
2521 2410 2598 2491 δὴ
2645 2407 2764 2477 τότε

445 2520 621 2577 τοῦτο
664 2516 833 2597 παρὰ
874 2516 943 2576 τὸ
989 2515 1366 2596 καθεστηκὸς
1406 2512 1670 2593 ἐγένετο,
1707 2514 1775 2575 τὸ
1817 2514 1970 2594 μήτε
2013 2512 2256 2594 ἐτησίαν
2303 2516 2454 2597 μήτε
2491 2517 2562 2585 ἐς
2585 2518 2766 2580 πάντα

446 2624 545 2684 τὸν
594 2623 804 2685 λοιπὸν
849 2622 1069 2705 χρόνον
1127 2627 1235 2684 τοῦ
1293 2619 1468 2688 ἔτους
1520 2620 1627 2703 τὴν
1674 2621 1868 2703 ἀρχὴν
1919 2620 2152 2703 ἐκείνην
2205 2623 2307 2685 τὸν
2352 2622 2541 2687 αὐτὸν
2591 2622 2766 2707 ἔχειν,

446 2730 608 2793 ἀλλὰ
662 2735 861 2801 ζῶντα
917 2730 1047 2793 τινὰ
1101 2730 1287 2812 αὐτῆς
1339 2730 1441 2791 καὶ
1492 2730 1574 2811 μὴ
1631 2728 2092 2809 ἀναγκασθέντα
2152 2732 2302 2813 μήτε
2357 2730 2426 2793 ἐκ
2470 2730 2765 2815 πατρῴων

449 2839 599 2921 μήτε
656 2839 717 2907 ἐξ
772 2838 1099 2920 ἐπηγορίας
1146 2839 1303 2904 τινὸς
1354 2837 1637 2918 ἐκστῆναι
1695 2837 1794 2898 καὶ
1851 2836 2057 2919 ἕτερον
2111 2838 2239 2901 ἀντ’
2289 2839 2480 2902 αὐτοῦ
2545 2841 2765 2903 ἀντικα-

445 2951 752 3027 ταστῆναι.
843 2945 1051 3011 Vetus
1106 2946 1311 3031 igitur
1367 2956 1506 3009 m'os
1561 2953 1726 3019 erat,
1784 2954 1860 3009 ut
1901 2945 2014 3028 qui
2055 2946 2282 3011 consul
2325 2948 2544 3013 factus
2585 2957 2766 3023 essct,

448 3054 585 3119 sive
629 3054 781 3119 Kal.
825 3055 962 3120 Ian.
1000 3055 1137 3119 sive
1179 3054 1397 3139 aliquo
1440 3053 1547 3117 die
1593 3062 1738 3138 post
1772 3052 2002 3118 inierat
2053 3058 2231 3135 (nam
2279 3078 2470 3140 saepe
2513 3068 2766 3143 propter

446 3163 801 3228 discordias
843 3163 1103 3237 civiles,
1156 3174 1231 3225 ut
1270 3162 1530 3227 comitia
1571 3162 1936 3227 consularia
1979 3175 2126 3227 ante
2169 3163 2321 3228 Kal.
2362 3163 2502 3228 Ian.
2557 3163 2766 3252 perfici

444 3292 575 3333 non
628 3279 895 3354 possent
912 3316 929 3345 ‚
983 3268 1333 3351 acciderat)
1387 3292 1598 3353 usque
1645 3271 1728 3335 ad
1783 3270 1934 3335 Kal.
1977 3271 2116 3335 Ian.
2170 3270 2572 3353 insequentis
2627 3273 2764 3339 anni

446 3378 894 3464 magistratum
948 3388 1233 3463 gereret,
1288 3402 1327 3443 a
1372 3400 1500 3463 quo
1543 3378 1838 3443 instituto
1885 3378 2006 3443 etsi
2050 3400 2516 3463 nonnunquam
2561 3405 2765 3448 reces-

448 3509 592 3551 sum
650 3496 819 3563 erat,
886 3487 943 3550 si
988 3487 1141 3569 quis
1197 3487 1263 3551 in
1314 3485 1634 3552 iudicium
1691 3499 2032 3553 vocaretur
2087 3488 2192 3553 vel
2248 3487 2464 3571 aliqua
2513 3492 2640 3557 alia
2689 3491 2766 3555 de

448 3616 645 3659 causa
690 3594 995 3661 abdicare
1048 3618 1191 3661 sese
1253 3607 1597 3681 cogeretur
1613 3642 1631 3672 ,
1693 3618 2026 3680 nunquam
2077 3608 2287 3663 tamen
2329 3598 2578 3663 factum
2619 3611 2764 3675 erat,

446 3714 521 3767 nt
564 3704 907 3788 quisquam
948 3728 1067 3771 sua
1108 3717 1333 3790 sponte
1378 3716 1526 3769 ante
1573 3702 1722 3768 Kal.
1759 3704 1896 3769 Ian.
1939 3704 2302 3771 decederet.
2383 3707 2534 3773 Hoc
2573 3709 2766 3795 igitur

445 3810 773 3896 quomodo
816 3812 949 3877 Dio
992 3812 1209 3877 dicere
1250 3813 1586 3898 potuisset,
1633 3811 1688 3877 si
1734 3808 2018 3877 Calenus
2063 3824 2126 3877 et
2167 3813 2468 3882 Vatinius
2515 3817 2763 3883 biennio

446 3934 593 3986 ante
658 3920 953 3985 abdicato
1018 3920 1398 4005 magistratu
1472 3921 1642 3985 intra
1703 3920 1986 3986 eundem
2049 3944 2290 3987 annum
2360 3946 2762 3991 successores

446 4027 884 4113 accepissent?
964 4026 1153 4111 Quae
1196 4050 1346 4093 cum
1399 4028 1492 4093 ita
1543 4029 1670 4093 sint
1686 4075 1704 4105 ,
1763 4040 2076 4113 quantum
2115 4031 2286 4097 inter
2326 4033 2530 4099 fastos
2577 4030 2760 4118 Capi·

446 4136 681 4203 tolinos
715 4144 778 4201 et
802 4136 969 4200 inter
998 4134 1401 4213 Suetonium,
1436 4136 1990 4202 accuratissimum
2027 4139 2404 4227 scriptorem
2427 4140 2760 4227 discrepet,

448 4256 729 4331 apparet.
810 4244 942 4309 Hic
983 4245 1243 4309 tertium
1287 4241 1586 4311 Caesaris
1631 4246 2038 4313 consulatum
2081 4250 2506 4315 antecessisse
2547 4248 2758 4317 existi·

456 4364 589 4417 mat
626 4350 856 4419 Caleni
899 4363 961 4417 et
1001 4352 1243 4419 Vatinii
1286 4353 1725 4439 magistratui,
1785 4353 1880 4419 illi
1919 4367 2144 4441 postea
2181 4356 2527 4436 collocant,
2587 4372 2660 4425 ut
2697 4358 2756 4423 in
