2917 5017
463 339 582 405 102
1107 341 1190 389 De
1227 339 1396 390 Gallia
1436 341 1790 389 Romanorum
1826 340 2102 402 provincia.

457 506 702 571 ciarum
759 504 1174 592 mutationem
1235 510 1601 584 susceptam
1647 523 1791 565 esse
1836 501 1919 567 ab
1966 503 2113 587 ipso
2159 502 2457 588 Augusto
2497 515 2719 582 constat,

455 636 622 698 quae
693 613 820 677 nisi
889 611 1230 676 accidisset
1247 657 1264 685 ,
1337 631 1454 673 cur
1519 607 1755 672 Strabo
1829 609 1897 673 in
1958 606 2317 673 Galliarum
2368 611 2720 696 potissimum

457 721 888 806 descriptione
926 721 1008 785 de
1041 719 1287 783 ratione
1328 739 1448 782 sua
1481 716 1963 801 provinciarum
1988 717 2513 802 negligendamm
2536 719 2722 804 dispu-

457 840 658 894 tasset
721 829 869 912 (IV,
913 831 982 904 1,
1035 831 1056 891 1
1119 829 1343 907 extr.),
1407 847 1639 910 pamm
1695 824 2181 910 intelligeretur.
2282 824 2415 890 Sed
2466 827 2543 891 ad
2593 827 2727 891 hanc

455 939 719 1022 quidem
757 959 894 1002 rem
933 935 1120 1011 infra,
1158 934 1274 999 ubi
1315 955 1597 1008 causam,
1644 953 1761 995 cur
1798 931 2148 1018 Augustus
2190 957 2382 998 suum
2416 935 2547 1019 ipse
2578 935 2727 998 insti-

457 1055 670 1108 tutum
709 1055 994 1109 mutasse
1030 1043 1348 1117 videatur,
1390 1039 1923 1123 significabimus,
1962 1040 2369 1106 redeundum
2406 1041 2551 1130 erit-3
2590 1065 2729 1106 nunc

455 1153 580 1218 hoc
623 1163 974 1227 teneamus,
1019 1152 1296 1215 duorum
1335 1149 2033 1234 praestantissimorum
2075 1150 2458 1234 scriptorum
2498 1150 2731 1212 auctori-

455 1271 650 1326 tatem
687 1259 813 1324 nisi
851 1260 1170 1344 quaedam
1212 1259 1358 1323 talis
1403 1256 1671 1322 mutatio
1714 1256 2029 1322 accidisse
2072 1267 2369 1344 putetur,
2414 1280 2538 1322 non
2578 1279 2729 1343 posse

460 1367 848 1433 conservari.

629 1475 956 1557 Quattuor
995 1475 1196 1562 igitur
1238 1475 1304 1539 in
1345 1473 1565 1540 Gallia
1600 1472 1969 1558 provincias
2007 1473 2357 1559 Augustus
2400 1473 2736 1548 instituerat,

456 1584 522 1647 in
543 1605 722 1666 ⁴quas
770 1584 1058 1669 singulas
1101 1583 1394 1668 singulos
1436 1583 1715 1646 mitteret
1751 1581 2023 1665 legatos,
2070 1581 2187 1646 sed
2210 1581 2379 1645 illud
2410 1581 2737 1656 discrimen,

457 1691 633 1775 quod
691 1701 912 1776 postea
959 1687 1347 1777 reperimus,
1417 1700 1492 1754 ut
1539 1689 1699 1754 aliae
1750 1691 2121 1755 consulares
2140 1737 2159 1767 ,
2224 1690 2385 1754 aliae
2432 1689 2741 1775 praetorios

457 1810 738 1864 rectores
799 1800 1192 1885 acciperent,
1263 1799 1554 1863 nondum
1622 1797 2105 1863 observabatur.
2214 1798 2381 1863 Nam
2449 1799 2513 1861 in
2571 1797 2743 1881 ipsam

460 1904 736 1990 Syriam,
782 1929 912 1990 qua
952 1908 1132 1971 nulla
1171 1907 1505 1991 provincia
1550 1916 1662 1971 aut
1700 1907 1905 1971 maior
1942 1921 2054 1970 aut
2088 1906 2455 1992 opulentior
2491 1915 2595 1970 aut
2626 1905 2744 1989 plu-

455 2013 638 2077 ribus
680 2024 836 2078 tunc
871 2015 1139 2096 quidem
1183 2012 1553 2097 legionibus
1596 2014 1913 2078 instructa
1946 2026 2103 2090 erat,
2146 2025 2356 2078 tamen
2390 2011 2747 2096 aliquamdiu
2844 2079 2846 2082 Α

455 2120 806 2206 praetorios
847 2120 1080 2184 missos
1125 2143 1268 2185 esse
1309 2120 1653 2186 docuimus
1699 2122 1767 2185 in
1808 2133 2145 2186 comment.
2174 2120 2510 2207 epigraph.
2542 2119 2749 2186 Vol.II

457 2250 520 2313 p.
558 2228 660 2293 76.
743 2227 798 2291 N
807 2249 882 2292 ec
921 2228 990 2290 in
1035 2225 1250 2292 Gallia
1291 2229 1402 2312 qui
1451 2229 1643 2312 primi
1686 2229 2031 2315 imperium
2074 2239 2445 2307 tenuerunt,
2486 2229 2749 2292 videntur

457 2335 780 2400 consulari
821 2334 1134 2420 dignitate
1169 2335 1393 2401 fuisse.
1482 2337 1648 2402 Nam
1678 2337 1775 2402 Μ.
1806 2337 2105 2402 Vinicius
2135 2337 2213 2400 P.
2238 2339 2305 2413 f.‚
2350 2338 2468 2422 qui
2505 2361 2543 2402 a
2569 2335 2750 2401 Dione
2844 2351 2846 2424 j

457 2443 644 2520 LIII,
672 2443 754 2508 26
798 2465 966 2508 anno
1007 2443 1088 2508 25
1129 2455 1426 2509 narratur
1451 2443 1815 2510 Germanos
1858 2446 2197 2530 quosdam,
2241 2446 2354 2530 qui
2401 2455 2747 2510 mercatores

458 2551 784 2616 Romanos
827 2551 1256 2627 trucidarant,
1315 2552 1585 2627 vicisse,
1638 2564 1809 2617 certe
1854 2553 2261 2618 consulatum
2300 2553 2591 2617 nondum
2628 2573 2746 2637 ges-
2845 2621 2846 2644 ἶ

461 2668 659 2734 serat,
705 2680 852 2722 cum
896 2657 1146 2724 Galliae
1186 2671 1533 2744 praeesset.
1614 2661 1785 2724 Eum
1830 2661 2001 2726 enim
2044 2683 2123 2725 ex
2164 2658 2305 2725 Cal.
2350 2661 2481 2726 Iul.
2522 2661 2661 2726 anni
2698 2658 2749 2721 19
2845 2663 2846 2724 ξ

459 2791 518 2832 a.
558 2764 715 2831 Chr.
765 2768 1096 2831 consulem
1139 2768 1344 2833 fuisse
1390 2791 1471 2831 ex
1517 2769 1875 2850 fragmento
1922 2765 2259 2832 Colotiano
2308 2769 2750 2854 cognoscimus,
2845 2801 2846 2804 ¹

459 2874 762 2959 idemque
801 2889 1338 2941 commemoratur
1371 2877 1547 2962 apud
1576 2876 1809 2943 Vellei.
1832 2877 1923 2952 Π,
1956 2876 2095 2954 104,
2130 2899 2259 2961 quo
2289 2878 2437 2943 loco
2466 2877 2753 2962 insignem

460 2984 804 3049 verborum
838 2986 1263 3068 corruptelam
1307 2985 1691 3050 sustulimus
1726 2985 1793 3049 in
1821 2995 2157 3050 comment.
2184 2986 2518 3072 epig-raph.
2541 2986 2576 3049 I
2602 3008 2657 3069 p.
2674 2983 2751 3048 38.

461 3089 596 3156 Sed
638 3114 756 3156 nec
797 3093 1106 3176 quamdiu
1151 3116 1272 3158 nec
1311 3116 1507 3177 quam
1551 3093 1809 3156 omnino
1853 3093 2253 3176 provinciam
2298 3095 2606 3170 tenuerit,
2652 3103 2754 3156 tra-

459 3202 666 3277 ditur,
729 3223 1119 3286 quamquam
1137 3247 1154 3277 ,
1224 3201 1529 3285 quoniam
1577 3200 1912 3285 Belgicam
1974 3211 2132 3266 tunc
2188 3225 2444 3268 omnem
2502 3201 2754 3267 barbaris

458 3308 732 3374 vicinam
779 3318 1011 3372 terram
1059 3307 1625 3394 comprehendisse
1672 3308 2099 3392 suspicamur,
2144 3310 2313 3375 hanc
2355 3334 2556 3396 quam
2598 3312 2755 3395 Lug·
2844 3375 2846 3392 ,

399 3431 419 3440 “
459 3416 818 3480 dunensem
869 3416 929 3480 ei
980 3417 1270 3501 paruisse
1325 3415 1725 3500 probabilius
1784 3431 1899 3480 est.
2002 3417 2285 3482 Taoetur
2338 3418 2643 3506 deinceps
2688 3417 2749 3480 de
2845 3413 2846 3418 ’

460 3522 714 3600 Galliis,
757 3522 884 3588 nisi
923 3524 1098 3608 quod
1139 3523 1270 3588 Dio
1310 3523 1494 3600 LIV,
1540 3524 1577 3588 4
1620 3546 1787 3588 anno
1833 3525 1915 3589 22
1961 3549 2015 3588 a.
2058 3523 2213 3590 Chr.
2298 3525 2743 3594 Narbonensem

457 3642 532 3695 ut
581 3641 868 3716 pacatam
925 3632 1014 3698 ait
1059 3632 1309 3696 senatui
1353 3633 1725 3716 populoque
1772 3634 2064 3698 Romano
2110 3656 2255 3700 esse
2302 3635 2653 3712 redditam,
2696 3641 2753 3697 ut

457 3749 680 3824 postea
732 3760 863 3802 non
917 3738 1115 3823 legati
1168 3738 1569 3823 principum,
1637 3739 1752 3804 sed
1806 3741 2224 3826 proconsules
2284 3743 2341 3808 ei
2392 3751 2755 3829 praeessent.

459 3845 596 3911 Sed
654 3857 785 3911 tres
844 3869 1008 3931 quae
1052 3847 1336 3930 reliquae
1377 3857 1561 3912 erant
1600 3846 1899 3913 Caesaris
1941 3849 2344 3934 provinciae,
2400 3852 2599 3936 paulo
2638 3857 2760 3935 post

459 3955 728 4018 traditae
791 3964 943 4018 sunt
993 3954 1088 4017 M.
1129 3953 1496 4040 Agrippae,
1559 3955 1640 4020 de
1702 3956 1888 4020 ouius
1944 3967 2263 4042 potestate
2306 3958 2759 4044 disputavimus

457 4062 524 4124 in
567 4073 904 4126 comment.
949 4062 1016 4127 Π
1057 4085 1120 4148 p.
1147 4062 1248 4128 82.
1323 4063 1392 4126 Is
1433 4062 1603 4126 enim
1634 4085 1801 4129 anno
1842 4064 1921 4129 23
1964 4065 2031 4128 in
2068 4065 2325 4150 Syriam
2367 4067 2609 4132 missus
2646 4075 2763 4130 erat

455 4169 712 4254 legatus
752 4170 1071 4252 Augusti,
1134 4170 1250 4235 sed
1304 4171 1653 4236 arcessitus
1712 4194 1881 4236 anno
1926 4172 1999 4236 21
2055 4172 2122 4236 in
2167 4173 2452 4239 Siciliam
2491 4170 2761 4260 Augusti
2845 4173 2846 4176 ’

459 4276 656 4342 filiam
703 4279 770 4342 in
814 4279 1290 4344 matrimonium
1334 4279 1583 4365 accepit
1624 4279 1973 4366 iussusque
2018 4293 2117 4348 est
2160 4305 2306 4347 cum
2351 4282 2625 4348 Romam
2674 4302 2759 4345 se·
2845 4327 2846 4344 2

463 4384 814 4450 ditionibus
859 4385 1298 4472 perturbatam
1341 4409 1751 4473 componere,
1822 4398 1960 4452 tum
2006 4388 2251 4455 Gallias
2298 4391 2759 4478 Hispaniasque
