2917 5017
471 360 548 426 18
1135 360 1218 408 De
1255 355 1424 408 Gallia
1457 355 1813 404 Romanorum
1844 350 2117 416 provincia.

467 525 913 592 necessitatem
953 523 1151 588 ullam
1209 518 1535 586 sancitam.
1622 513 1955 587 Permisit,
2010 512 2273 597 opinor,
2326 505 2405 572 C.
2452 503 2796 572 Gracchus

469 634 720 700 senatui
774 632 1144 719 populoque
1209 629 1501 694 Romano
1517 669 1534 701 ,
1606 622 1661 686 si
1724 643 1827 686 res
1895 620 1985 684 ita
2044 620 2269 693 ferret,
2336 625 2669 701 praetores
2730 611 2799 674 in

467 740 630 807 urbe
685 741 961 807 retinere
981 785 997 815 ,
1055 751 1193 801 tum
1250 746 1475 799 exacto
1518 730 1935 815 magistratus
1982 748 2149 792 anno
2204 723 2559 810 provinciis
2604 743 2801 806 prae-

467 849 702 925 ficere3
757 847 872 912 sed
931 844 1109 930 quod
1168 843 1439 907 licuerat
1478 839 1658 903 initio
1676 885 1693 914 ,
1756 836 1826 900 id
1888 844 2151 921 propter
2190 831 2597 918 negotiorum
2644 851 2803 913 pro-

469 957 954 1037 vinciarumque
1009 949 1487 1016 multitudinem
1542 946 1849 1032 paulatim
1892 944 1960 1009 in
2000 965 2149 1008 eum
2206 961 2447 1004 morem
2505 937 2665 1002 abiit
2684 983 2701 1012 ,
2768 959 2807 999 a

472 1086 602 1148 quo
645 1084 978 1146 nunquam
1019 1058 1450 1124 recederetur.
1532 1051 1667 1119 Sed
1723 1052 1881 1118 haec
1936 1061 2280 1136 postquam
2323 1048 2607 1113 breviter
2650 1045 2804 1110 att-i-

473 1172 722 1257 gimus,
789 1189 1054 1234 cursum
1118 1162 1572 1250 disputationis
1622 1171 1879 1227 nostrae
1934 1179 2418 1245 persequamur.
2523 1153 2807 1218 Biennio

469 1279 672 1364 igitur
708 1276 1104 1360 insequenti,
1161 1271 1338 1358 quod
1393 1281 1492 1336 est
1532 1269 1717 1335 annis
1764 1268 1884 1334 122
1945 1280 2009 1332 et
2057 1269 2165 1332 121
2216 1291 2271 1332 a.
2317 1263 2509 1342 Chr.,
2563 1263 2806 1328 alteros

473 1409 554 1452 ex
621 1383 1026 1460 oonsulibus,
1091 1381 1214 1446 Cn.
1266 1379 1631 1445 Domitium
1688 1375 2195 1442 Ahenobarbum
2263 1386 2327 1438 et
2380 1373 2467 1456 Q.
2522 1372 2809 1437 Fabium

471 1494 836 1559 Maximum
879 1490 1394 1576 Allobrogicum,
1435 1487 1505 1550 in
1551 1485 1766 1551 Gallia
1804 1484 2231 1570 Transalpina
2268 1503 2601 1568 pugnasse
2648 1502 2808 1544 con-

477 1612 602 1666 stat
645 1597 818 1684 (Cic.
867 1623 931 1686 p.
969 1598 1242 1663 Fonteio
1289 1619 1343 1661 c.
1380 1595 1510 1679 12),
1552 1595 1835 1680 collegas
1881 1615 2125 1669 eorum,
2173 1588 2251 1657 C.
2274 1589 2598 1654 Fannium
2620 1586 2810 1652 Stra-

477 1707 704 1774 bonem
749 1718 813 1772 et
839 1707 919 1771 L.
953 1706 1288 1791 Opimium
1325 1705 1392 1768 in
1443 1701 1607 1768 urbe
1652 1713 1975 1778 versatos3
2018 1699 2133 1765 sed
2176 1699 2331 1784 quia
2366 1708 2623 1784 praeter
2674 1718 2810 1771 eos,

473 1839 638 1901 quos
683 1816 752 1879 in
795 1815 1010 1880 Gallia
1071 1815 1274 1879 fuisse
1331 1813 1522 1878 modo
1582 1811 1867 1875 diximus
1887 1855 1905 1885 ,
1960 1807 2202 1874 ibidem
2259 1805 2625 1891 superiores
2671 1827 2805 1869 cos.

474 1935 820 2010 prorogato
861 1922 1132 2008 imperio
1174 1931 1621 1986 remanserunt
1662 1922 1840 2005 (nam
1882 1939 2049 1983 anno
2101 1915 2219 1980 122
2261 1912 2339 1979 C.
2380 1913 2647 1978 Sextius
2692 1936 2812 1998 pro

477 2032 742 2096 consule
766 2052 1000 2095 novam
1023 2029 1336 2094 coloniam
1351 2031 1580 2114 Aquas
1607 2026 1861 2092 Sextias
1888 2023 2177 2090 condidit
2200 2022 2380 2108 (Liv.
2406 2023 2557 2109 epit.
2582 2023 2814 2106 LXI),

477 2161 641 2203 anno
701 2137 812 2202 121
865 2134 986 2201 Cn.
1028 2137 1353 2202 Domitius
1417 2158 1537 2222 pro
1596 2157 1726 2199 cos.
1776 2155 1925 2198 cum
1968 2130 2441 2218 Allobrogibus
2498 2153 2814 2217 prospere

476 2244 810 2309 dimicavit
863 2244 1042 2329 (Liv.
1104 2245 1254 2331 epit.
1298 2245 1502 2327 LXI)
1564 2254 1625 2306 et
1679 2241 1939 2327 demum
1996 2214 2167 2305 anno
2233 2241 2349 2304 118
2406 2239 2813 2325 triumphum

478 2352 674 2438 egit),
735 2375 816 2418 ne
862 2353 1016 2419 hinc
1057 2353 1320 2438 quidem
1369 2353 1570 2417 ullam
1615 2362 1772 2415 tunc
1814 2347 2229 2434 provinciam·
2272 2345 2551 2412 Galliam
2602 2348 2813 2413 fuisse

478 2460 878 2544 colligemus.
946 2461 1122 2525 Anni
1158 2461 1273 2525 120
1320 2483 1486 2545 quae
1536 2457 1909 2524 consulares
1956 2458 2329 2543 provinciae
2369 2457 2631 2534 fuerint,
2681 2478 2815 2520 non

476 2567 774 2645 traditur,
829 2568 946 2632 sed
997 2591 1146 2632 cum
1187 2567 1495 2652 deinceps
1542 2567 1707 2630 hanc
1747 2566 2130 2651 plerumque
2169 2565 2557 2630 divisionem
2600 2566 2813 2630 fuisse

477 2674 751 2751 videam,
795 2686 870 2739 ut
912 2698 1085 2740 unus
1133 2675 1471 2739 consulum
1520 2683 1845 2747 externam
1885 2674 2305 2760 provinciam,
2350 2674 2513 2738 alter
2552 2673 2815 2738 Italiam

477 2783 816 2868 acciperet,
853 2783 931 2848 P.
961 2783 1300 2847 Manilium
1343 2781 1559 2858 alicui,
1604 2781 1791 2846 cuius
1836 2803 2069 2846 nomen
2108 2782 2387 2867 perierit,
2433 2781 2813 2867 provinciae

479 2890 862 2975 praefuisse,
906 2887 984 2955 C.
1009 2890 1340 2977 Papirium
1387 2887 1756 2956 Carbonem
1798 2890 1867 2953 in
1893 2890 2083 2954 Italia
2120 2890 2435 2955 mansisse
2480 2889 2811 2974 suspicor-3

475 2998 652 3064 hunc
695 2999 864 3063 enim
889 3009 953 3063 et
993 2999 1060 3062 in
1096 2999 1240 3083 ipso
1281 2999 1664 3082 magistratu
1704 3021 1965 3064 causam
2002 3021 2117 3083 pro
2143 2998 2222 3063 L.
2252 2997 2516 3083 Opimio
2563 2999 2812 3064 dixisse

477 3103 651 3188 (Cic.
697 3105 780 3170 de
823 3115 979 3169 orat.
1014 3105 1108 3180 ΙΙ,
1149 3106 1260 3188 25)
1307 3117 1370 3170 et
1407 3128 1577 3170 anno
1626 3118 1775 3191 post
1816 3130 1964 3172 cum
2009 3107 2349 3172 consulatu
2391 3107 2809 3184 decessisset,

475 3234 516 3278 a
554 3210 636 3275 L.
661 3211 918 3275 Licinio
961 3209 1202 3277 Crasso
1244 3222 1621 3278 accusatum
1668 3234 1809 3276 esse
1855 3225 2124 3278 constat.
2200 3215 2391 3279 Anno
2424 3227 2639 3282 autem
2691 3218 2813 3281 119

479 3319 562 3384 L.
596 3316 946 3384 Caecilium
976 3318 1314 3384 Metellum
1341 3319 1783 3386 Delmaticum
1824 3343 1955 3388 cos.
1983 3323 2429 3400 Macedoniae,
2474 3324 2557 3388 L.
2588 3325 2813 3391 Aure-

475 3425 637 3490 lium
694 3423 983 3502 Cottam,
1049 3427 1360 3512 collegam
1417 3428 1593 3504 eius,
1653 3429 1874 3495 Italiae
1931 3431 2283 3516 imperasse
2336 3433 2677 3498 docuimus
2738 3436 2814 3499 in

478 3531 838 3599 Comment.
881 3532 1209 3618 epigraph.
1253 3535 1398 3600 Vol.
1439 3537 1510 3600 Π
1554 3562 1615 3622 p.
1655 3539 1773 3604 116
1816 3539 2223 3623 eundemque
2251 3537 2526 3616 Cottam,
2570 3563 2810 3626 quam—

478 3641 580 3707 vis
622 3639 846 3706 Italiae
904 3654 1264 3726 praeesset,
1320 3643 1388 3706 in
1435 3641 1651 3708 Gallia
1700 3656 1915 3709 tamen
1968 3644 2209 3712 bellum
2249 3649 2537 3734 gessisse
2577 3650 2809 3716 scribit

479 3750 649 3834 App.
681 3749 861 3832 myr.
889 3749 982 3810 10.
1044 3745 1481 3834 Similiterque
1526 3775 1695 3817 anno
1743 3754 1861 3819 118
1905 3754 2006 3818 Μ.
2021 3754 2297 3822 Porcius
2320 3755 2485 3822 Cato
2511 3757 2807 3824 Africam

477 3855 743 3920 sortitus
783 3865 883 3920 est
939 3854 1142 3941 (Gell.
1181 3856 1368 3922 Noct.
1419 3862 1552 3922 Att.
1592 3860 1799 3936 XIII,
1840 3863 1947 3938 19,
2004 3864 2141 3946 10),
2197 3862 2281 3945 Ω.
2330 3865 2622 3930 Marcius
2659 3867 2804 3932 Rex

472 3962 660 4026 Italia
701 3972 962 4048 accepta
1001 3963 1069 4027 in
1112 3962 1330 4031 Gallia
1372 3963 1681 4044 Stoenos,
1725 3979 1981 4051 gentem
2020 3970 2329 4056 Alpinam
2346 4019 2363 4050 ,
2421 3974 2579 4039 vicit
2620 3975 2801 4062 (Liv.

475 4069 627 4154 epit.
671 4069 931 4155 LXII).
1007 4071 1180 4137 Tum
1223 4097 1389 4138 anno
1428 4077 1541 4141 117
1592 4086 1865 4161 uterque
1910 4081 2250 4144 consulum
2293 4081 2361 4145 in
2383 4082 2572 4148 Italia
2615 4085 2800 4150 vide-

474 4186 582 4240 tur
638 4177 987 4254 mansisse3
1059 4202 1210 4244 nam
1266 4180 1347 4244 L.
1397 4179 1747 4249 Caecilium
1806 4185 2147 4252 Metellum
2205 4189 2671 4258 Diadematum
2731 4195 2801 4259 in

470 4281 660 4348 Italia
708 4284 882 4350 viam
945 4285 1256 4352 Salariam
1318 4290 1625 4356 refecisse
1683 4292 1871 4357 docet
1938 4295 2340 4382 Borghesius
2401 4300 2469 4363 in
2530 4301 2797 4368 Bullett.

470 4389 632 4457 Inst.
671 4394 846 4460 arch.
885 4395 1034 4460 anni
1083 4396 1242 4462 1833
1283 4421 1346 4482 p.
1396 4398 1536 4477 103,
1592 4422 1713 4465 nec
1756 4400 1840 4484 Ω.
1881 4401 2178 4470 Mucium
2222 4406 2600 4475 Scaevolam
2640 4434 2797 4498 pro-
