<?xml version="1.0" encoding="UTF-8"?>
<!DOCTYPE html PUBLIC "-//W3C//DTD XHTML 1.0 Transitional//EN"
    "http://www.w3.org/TR/xhtml1/DTD/xhtml1-transitional.dtd">
<html xmlns="http://www.w3.org/1999/xhtml" xml:lang="en" lang="en">
 <head>
  <title>
</title>
<meta http-equiv="Content-Type" content="text/html;charset=utf-8" />
  <meta name='ocr-system' content='tesseract 3.04.00' />
  <meta name='ocr-capabilities' content='ocr_page ocr_carea ocr_par ocr_line ocrx_word'/>
</head>
<body>
  <div class='ocr_page' id='page_1' title='image "augustiwilhelmi01unkngoog_0371.png"; bbox 0 0 2917 5017; ppageno 0'>
   <div class='ocr_carea' id='block_1_1' title="bbox 455 298 2153 369">
    <p class='ocr_par' dir='ltr' id='par_1_1' title="bbox 455 298 2153 369">
     <span class='ocr_line' id='line_1_1' title="bbox 455 298 2153 369; baseline -0.005 -13"><span class='ocrx_word' id='word_1_1' title='bbox 455 299 578 369; x_wconf 83' lang='grc'><strong>356</strong></span> <span class='ocrx_word' id='word_1_2' title='bbox 1077 299 1162 350; x_wconf 85' lang='lat' dir='ltr'><strong>De</strong></span> <span class='ocrx_word' id='word_1_3' title='bbox 1196 300 1571 364; x_wconf 68' lang='lat' dir='ltr'><strong>propagatione</strong></span> <span class='ocrx_word' id='word_1_4' title='bbox 1610 298 1829 349; x_wconf 74' lang='lat' dir='ltr'><strong>civitatis</strong></span> <span class='ocrx_word' id='word_1_5' title='bbox 1867 299 2153 349; x_wconf 85' lang='lat' dir='ltr'><strong>Romanae.</strong></span> 
     </span>
    </p>
   </div>
   <div class='ocr_carea' id='block_1_2' title="bbox 455 458 2763 551">
    <p class='ocr_par' dir='ltr' id='par_1_2' title="bbox 455 458 2763 551">
     <span class='ocr_line' id='line_1_2' title="bbox 455 458 2763 551; baseline -0.003 -20"><span class='ocrx_word' id='word_1_6' title='bbox 455 465 524 531; x_wconf 88' lang='lat' dir='ltr'><strong>in</strong></span> <span class='ocrx_word' id='word_1_7' title='bbox 583 486 862 551; x_wconf 85' lang='lat' dir='ltr'><strong>quorum</strong></span> <span class='ocrx_word' id='word_1_8' title='bbox 909 471 1098 527; x_wconf 88' lang='lat' dir='ltr'><strong>antea</strong></span> <span class='ocrx_word' id='word_1_9' title='bbox 1149 460 1433 537; x_wconf 89' lang='lat' dir='ltr'><strong>fuerunt,</strong></span> <span class='ocrx_word' id='word_1_10' title='bbox 1498 458 1839 546; x_wconf 77' lang='lat' dir='ltr'><strong>mancipiO,</strong></span> <span class='ocrx_word' id='word_1_11' title='bbox 1898 482 2115 537; x_wconf 87' lang='lat' dir='ltr'><strong>manu,</strong></span> <span class='ocrx_word' id='word_1_12' title='bbox 2161 468 2475 547; x_wconf 78' lang='lat' dir='ltr'>potestate</span> <span class='ocrx_word' id='word_1_13' title='bbox 2532 482 2763 523; x_wconf 82' lang='lat' dir='ltr'><strong>manere</strong></span> 
     </span>
    </p>
   </div>
   <div class='ocr_carea' id='block_1_3' title="bbox 463 568 2838 653">
    <p class='ocr_par' dir='ltr' id='par_1_3' title="bbox 463 568 2838 653">
     <span class='ocr_line' id='line_1_3' title="bbox 463 568 2838 653; baseline -0.001 -16"><span class='ocrx_word' id='word_1_14' title='bbox 463 572 792 649; x_wconf 87' lang='lat' dir='ltr'><strong>iubentur,</strong></span> <span class='ocrx_word' id='word_1_15' title='bbox 861 592 1130 637; x_wconf 86' lang='lat' dir='ltr'><strong>necesse</strong></span> <span class='ocrx_word' id='word_1_16' title='bbox 1199 579 1296 633; x_wconf 89' lang='lat' dir='ltr'><strong>est</strong></span> <span class='ocrx_word' id='word_1_17' title='bbox 1358 568 1424 633; x_wconf 87' lang='lat' dir='ltr'><strong>in</strong></span> <span class='ocrx_word' id='word_1_18' title='bbox 1486 568 1695 653; x_wconf 86' lang='lat' dir='ltr'><strong>capite</strong></span> <span class='ocrx_word' id='word_1_19' title='bbox 1750 569 2045 653; x_wconf 88' lang='lat' dir='ltr'><strong>proximo</strong></span> <span class='ocrx_word' id='word_1_20' title='bbox 2108 568 2517 634; x_wconf 80' lang='lat' dir='ltr'><strong>antecedenti</strong></span> <span class='ocrx_word' id='word_1_21' title='bbox 2570 568 2649 633; x_wconf 86' lang='lat' dir='ltr'><strong>de</strong></span> <span class='ocrx_word' id='word_1_22' title='bbox 2698 568 2763 634; x_wconf 80' lang='lat' dir='ltr'><strong>iis</strong></span> <span class='ocrx_word' id='word_1_23' title='bbox 2836 580 2838 645; x_wconf 68' lang='grc' dir='ltr'>ᾗ</span> 
     </span>
    </p>
   </div>
   <div class='ocr_carea' id='block_1_4' title="bbox 457 676 2767 1305">
    <p class='ocr_par' dir='ltr' id='par_1_4' title="bbox 457 676 2767 1305">
     <span class='ocr_line' id='line_1_4' title="bbox 461 676 2763 768; baseline -0.003 -21"><span class='ocrx_word' id='word_1_24' title='bbox 461 682 770 768; x_wconf 85' lang='lat' dir='ltr'><strong>seriptum</strong></span> <span class='ocrx_word' id='word_1_25' title='bbox 827 680 1044 755; x_wconf 85' lang='lat' dir='ltr'><strong>fuerit,</strong></span> <span class='ocrx_word' id='word_1_26' title='bbox 1085 678 1198 762; x_wconf 89' lang='lat' dir='ltr'><strong>qui</strong></span> <span class='ocrx_word' id='word_1_27' title='bbox 1244 676 1567 743; x_wconf 88' lang='lat' dir='ltr'><strong>civitatem</strong></span> <span class='ocrx_word' id='word_1_28' title='bbox 1615 687 2123 761; x_wconf 80' lang='lat' dir='ltr'><strong>consequantur:</strong></span> <span class='ocrx_word' id='word_1_29' title='bbox 2172 678 2380 765; x_wconf 85' lang='lat' dir='ltr'><strong>potuit</strong></span> <span class='ocrx_word' id='word_1_30' title='bbox 2422 678 2619 743; x_wconf 89' lang='lat' dir='ltr'><strong>etiam</strong></span> <span class='ocrx_word' id='word_1_31' title='bbox 2666 678 2763 741; x_wconf 88' lang='lat' dir='ltr'><strong>ali-</strong></span> 
     </span>
     <span class='ocr_line' id='line_1_5' title="bbox 457 780 2765 873; baseline -0.002 -20"><span class='ocrx_word' id='word_1_32' title='bbox 457 811 588 872; x_wconf 91' lang='lat' dir='ltr'><strong>quo</strong></span> <span class='ocrx_word' id='word_1_33' title='bbox 633 788 780 866; x_wconf 86' lang='lat' dir='ltr'><strong>alio,</strong></span> <span class='ocrx_word' id='word_1_34' title='bbox 833 788 1010 873; x_wconf 90' lang='lat' dir='ltr'><strong>quod</strong></span> <span class='ocrx_word' id='word_1_35' title='bbox 1055 785 1423 851; x_wconf 75' lang='lat' dir='ltr'><strong>antecessit.</strong></span> <span class='ocrx_word' id='word_1_36' title='bbox 1506 780 1641 848; x_wconf 85' lang='lat' dir='ltr'><strong>Sed</strong></span> <span class='ocrx_word' id='word_1_37' title='bbox 1699 784 1861 869; x_wconf 90' lang='lat' dir='ltr'><strong>quid</strong></span> <span class='ocrx_word' id='word_1_38' title='bbox 1906 786 2165 850; x_wconf 87' lang='lat' dir='ltr'><strong>tandem</strong></span> <span class='ocrx_word' id='word_1_39' title='bbox 2206 808 2328 851; x_wconf 88' lang='lat' dir='ltr'><strong>nos</strong></span> <span class='ocrx_word' id='word_1_40' title='bbox 2382 786 2456 849; x_wconf 89' lang='lat' dir='ltr'><strong>in</strong></span> <span class='ocrx_word' id='word_1_41' title='bbox 2506 808 2582 850; x_wconf 88' lang='lat' dir='ltr'><strong>ea</strong></span> <span class='ocrx_word' id='word_1_42' title='bbox 2624 808 2765 870; x_wconf 84' lang='lat' dir='ltr'><strong>quae</strong></span> 
     </span>
     <span class='ocr_line' id='line_1_6' title="bbox 457 891 2767 983; baseline -0.002 -24"><span class='ocrx_word' id='word_1_43' title='bbox 457 896 646 983; x_wconf 88' lang='lat' dir='ltr'><strong>periit</strong></span> <span class='ocrx_word' id='word_1_44' title='bbox 703 895 928 981; x_wconf 89' lang='lat' dir='ltr'><strong>capitis</strong></span> <span class='ocrx_word' id='word_1_45' title='bbox 975 904 1156 981; x_wconf 86' lang='lat' dir='ltr'><strong>parte</strong></span> <span class='ocrx_word' id='word_1_46' title='bbox 1199 893 1404 959; x_wconf 85' lang='lat' dir='ltr'><strong>fuisse</strong></span> <span class='ocrx_word' id='word_1_47' title='bbox 1459 891 1971 958; x_wconf 80' lang='lat' dir='ltr'><strong>existimabimus</strong></span> <span class='ocrx_word' id='word_1_48' title='bbox 1988 894 2018 956; x_wconf 71' lang='grc' dir='ltr'><strong>’ἓ</strong></span> <span class='ocrx_word' id='word_1_49' title='bbox 2086 893 2376 959; x_wconf 88' lang='lat' dir='ltr'><strong>Difficile</strong></span> <span class='ocrx_word' id='word_1_50' title='bbox 2420 893 2587 957; x_wconf 87' lang='lat' dir='ltr'><strong>illud</strong></span> <span class='ocrx_word' id='word_1_51' title='bbox 2642 892 2767 977; x_wconf 84' lang='lat' dir='ltr'><strong>qui-</strong></span> 
     </span>
     <span class='ocr_line' id='line_1_7' title="bbox 461 999 2765 1086; baseline -0.002 -18"><span class='ocrx_word' id='word_1_52' title='bbox 461 1005 610 1068; x_wconf 88' lang='lat' dir='ltr'><strong>dem</strong></span> <span class='ocrx_word' id='word_1_53' title='bbox 655 1015 753 1068; x_wconf 90' lang='lat' dir='ltr'><strong>est</strong></span> <span class='ocrx_word' id='word_1_54' title='bbox 799 1002 1014 1068; x_wconf 88' lang='lat' dir='ltr'><strong>dicere</strong></span> <span class='ocrx_word' id='word_1_55' title='bbox 1069 1023 1190 1067; x_wconf 89' lang='lat' dir='ltr'><strong>neo</strong></span> <span class='ocrx_word' id='word_1_56' title='bbox 1235 1011 1444 1086; x_wconf 88' lang='lat' dir='ltr'><strong>potest</strong></span> <span class='ocrx_word' id='word_1_57' title='bbox 1502 999 1763 1065; x_wconf 89' lang='lat' dir='ltr'><strong>omnino</strong></span> <span class='ocrx_word' id='word_1_58' title='bbox 1806 1000 1935 1066; x_wconf 89' lang='lat' dir='ltr'><strong>dici</strong></span> <span class='ocrx_word' id='word_1_59' title='bbox 1982 1002 2107 1065; x_wconf 87' lang='lat' dir='ltr'><strong>nisi</strong></span> <span class='ocrx_word' id='word_1_60' title='bbox 2156 1003 2239 1067; x_wconf 89' lang='lat' dir='ltr'><strong>de</strong></span> <span class='ocrx_word' id='word_1_61' title='bbox 2286 1026 2364 1067; x_wconf 87' lang='lat' dir='ltr'><strong>ea</strong></span> <span class='ocrx_word' id='word_1_62' title='bbox 2405 1002 2765 1075; x_wconf 78' lang='lat' dir='ltr'><strong>coniectura,</strong></span> 
     </span>
     <span class='ocr_line' id='line_1_8' title="bbox 459 1108 2765 1196; baseline -0.001 -21"><span class='ocrx_word' id='word_1_63' title='bbox 459 1134 626 1196; x_wconf 89' lang='lat' dir='ltr'><strong>quae</strong></span> <span class='ocrx_word' id='word_1_64' title='bbox 663 1111 1014 1177; x_wconf 84' lang='lat' dir='ltr'><strong>admodum</strong></span> <span class='ocrx_word' id='word_1_65' title='bbox 1051 1110 1298 1175; x_wconf 85' lang='lat' dir='ltr'><strong>incerta</strong></span> <span class='ocrx_word' id='word_1_66' title='bbox 1339 1109 1442 1185; x_wconf 87' lang='lat' dir='ltr'><strong>sit,</strong></span> <span class='ocrx_word' id='word_1_67' title='bbox 1490 1108 1605 1173; x_wconf 86' lang='lat' dir='ltr'><strong>sed</strong></span> <span class='ocrx_word' id='word_1_68' title='bbox 1646 1108 1701 1173; x_wconf 86' lang='lat' dir='ltr'><strong>si</strong></span> <span class='ocrx_word' id='word_1_69' title='bbox 1740 1109 1901 1194; x_wconf 89' lang='lat' dir='ltr'><strong>quid</strong></span> <span class='ocrx_word' id='word_1_70' title='bbox 1942 1120 2043 1175; x_wconf 89' lang='lat' dir='ltr'><strong>est</strong></span> <span class='ocrx_word' id='word_1_71' title='bbox 2081 1110 2456 1189; x_wconf 87' lang='lat' dir='ltr'><strong>dicendum,</strong></span> <span class='ocrx_word' id='word_1_72' title='bbox 2502 1110 2583 1173; x_wconf 89' lang='lat' dir='ltr'><strong>de</strong></span> <span class='ocrx_word' id='word_1_73' title='bbox 2612 1110 2765 1173; x_wconf 86' lang='lat' dir='ltr'><strong>inco-</strong></span> 
     </span>
     <span class='ocr_line' id='line_1_9' title="bbox 457 1217 2767 1305; baseline -0.003 -20"><span class='ocrx_word' id='word_1_74' title='bbox 457 1220 540 1285; x_wconf 89' lang='lat' dir='ltr'><strong>lis</strong></span> <span class='ocrx_word' id='word_1_75' title='bbox 601 1221 910 1305; x_wconf 89' lang='lat' dir='ltr'><strong>scriptum</strong></span> <span class='ocrx_word' id='word_1_76' title='bbox 965 1220 1170 1284; x_wconf 89' lang='lat' dir='ltr'><strong>fuisse</strong></span> <span class='ocrx_word' id='word_1_77' title='bbox 1225 1217 1667 1284; x_wconf 82' lang='lat' dir='ltr'><strong>existimamus</strong></span> <span class='ocrx_word' id='word_1_78' title='bbox 1716 1218 1801 1281; x_wconf 86' lang='lat' dir='ltr'><strong>ad</strong></span> <span class='ocrx_word' id='word_1_79' title='bbox 1858 1218 2133 1285; x_wconf 88' lang='lat' dir='ltr'><strong>honores</strong></span> <span class='ocrx_word' id='word_1_80' title='bbox 2192 1218 2622 1304; x_wconf 80' lang='lat' dir='ltr'><strong>municipales</strong></span> <span class='ocrx_word' id='word_1_81' title='bbox 2670 1217 2767 1280; x_wconf 83' lang='lat' dir='ltr'><strong>ad-</strong></span> 
     </span>
    </p>
   </div>
   <div class='ocr_carea' id='block_1_5' title="bbox 459 1325 2838 1412">
    <p class='ocr_par' dir='ltr' id='par_1_5' title="bbox 459 1325 2838 1412">
     <span class='ocr_line' id='line_1_10' title="bbox 459 1325 2838 1412; baseline -0.002 -19"><span class='ocrx_word' id='word_1_82' title='bbox 459 1328 787 1393; x_wconf 79' lang='lat' dir='ltr'><strong>mittendis</strong></span> <span class='ocrx_word' id='word_1_83' title='bbox 829 1328 932 1393; x_wconf 89' lang='lat' dir='ltr'><strong>vel</strong></span> <span class='ocrx_word' id='word_1_84' title='bbox 969 1326 1301 1411; x_wconf 85' lang='lat' dir='ltr'><strong>cogendis.</strong></span> <span class='ocrx_word' id='word_1_85' title='bbox 1370 1325 1535 1391; x_wconf 88' lang='lat' dir='ltr'><strong>Nam</strong></span> <span class='ocrx_word' id='word_1_86' title='bbox 1577 1326 1767 1390; x_wconf 85' lang='lat' dir='ltr'><strong>etiam</strong></span> <span class='ocrx_word' id='word_1_87' title='bbox 1804 1325 1968 1390; x_wconf 88' lang='lat' dir='ltr'><strong>illud</strong></span> <span class='ocrx_word' id='word_1_88' title='bbox 2011 1326 2113 1391; x_wconf 91' lang='lat' dir='ltr'><strong>his</strong></span> <span class='ocrx_word' id='word_1_89' title='bbox 2156 1326 2415 1411; x_wconf 87' lang='lat' dir='ltr'><strong>legibus</strong></span> <span class='ocrx_word' id='word_1_90' title='bbox 2450 1326 2767 1412; x_wconf 85' lang='lat' dir='ltr'><strong>provisum</strong></span> <span class='ocrx_word' id='word_1_91' title='bbox 2837 1358 2838 1361; x_wconf 35' lang='lat'>¹</span> 
     </span>
    </p>
   </div>
   <div class='ocr_carea' id='block_1_6' title="bbox 451 1432 2777 2603">
    <p class='ocr_par' dir='ltr' id='par_1_6' title="bbox 451 1432 2777 2603">
     <span class='ocr_line' id='line_1_11' title="bbox 463 1432 2771 1519; baseline -0.003 -18"><span class='ocrx_word' id='word_1_92' title='bbox 463 1458 630 1513; x_wconf 90' lang='lat' dir='ltr'><strong>esse,</strong></span> <span class='ocrx_word' id='word_1_93' title='bbox 697 1445 770 1499; x_wconf 88' lang='lat' dir='ltr'><strong>ut</strong></span> <span class='ocrx_word' id='word_1_94' title='bbox 833 1435 1106 1500; x_wconf 88' lang='lat' dir='ltr'><strong>idoneus</strong></span> <span class='ocrx_word' id='word_1_95' title='bbox 1167 1457 1409 1510; x_wconf 88' lang='lat' dir='ltr'><strong>eorum,</strong></span> <span class='ocrx_word' id='word_1_96' title='bbox 1477 1455 1559 1498; x_wconf 89' lang='lat' dir='ltr'><strong>ex</strong></span> <span class='ocrx_word' id='word_1_97' title='bbox 1622 1432 1861 1517; x_wconf 89' lang='lat' dir='ltr'><strong>quibus</strong></span> <span class='ocrx_word' id='word_1_98' title='bbox 1920 1433 2335 1519; x_wconf 84' lang='lat' dir='ltr'><strong>magistratus</strong></span> <span class='ocrx_word' id='word_1_99' title='bbox 2396 1444 2771 1507; x_wconf 86' lang='lat' dir='ltr'><strong>crearentur,</strong></span> 
     </span>
     <span class='ocr_line' id='line_1_12' title="bbox 461 1542 2769 1628; baseline -0.001 -20"><span class='ocrx_word' id='word_1_100' title='bbox 461 1565 772 1609; x_wconf 88' lang='lat' dir='ltr'><strong>numerus</strong></span> <span class='ocrx_word' id='word_1_101' title='bbox 823 1553 1013 1620; x_wconf 87' lang='lat' dir='ltr'><strong>esset,</strong></span> <span class='ocrx_word' id='word_1_102' title='bbox 1057 1543 1224 1628; x_wconf 87' lang='lat' dir='ltr'><strong>legis</strong></span> <span class='ocrx_word' id='word_1_103' title='bbox 1277 1542 1703 1607; x_wconf 86' lang='lat' dir='ltr'><strong>Malacitanae</strong></span> <span class='ocrx_word' id='word_1_104' title='bbox 1750 1564 1887 1627; x_wconf 90' lang='lat' dir='ltr'><strong>cap.</strong></span> <span class='ocrx_word' id='word_1_105' title='bbox 1927 1542 2025 1606; x_wconf 91' lang='lat' dir='ltr'><strong>LI</strong></span> <span class='ocrx_word' id='word_1_106' title='bbox 2078 1542 2285 1619; x_wconf 89' lang='lat' dir='ltr'><strong>docet,</strong></span> <span class='ocrx_word' id='word_1_107' title='bbox 2328 1543 2485 1607; x_wconf 87' lang='lat' dir='ltr'><strong>item</strong></span> <span class='ocrx_word' id='word_1_108' title='bbox 2536 1552 2769 1607; x_wconf 86' lang='lat' dir='ltr'><strong>cautum</strong></span> 
     </span>
     <span class='ocr_line' id='line_1_13' title="bbox 461 1650 2771 1737; baseline -0.002 -20"><span class='ocrx_word' id='word_1_109' title='bbox 461 1676 604 1719; x_wconf 89' lang='lat' dir='ltr'><strong>esse</strong></span> <span class='ocrx_word' id='word_1_110' title='bbox 654 1652 738 1717; x_wconf 92' lang='lat' dir='ltr'><strong>de</strong></span> <span class='ocrx_word' id='word_1_111' title='bbox 781 1674 858 1717; x_wconf 89' lang='lat' dir='ltr'><strong>eo</strong></span> <span class='ocrx_word' id='word_1_112' title='bbox 907 1674 1142 1737; x_wconf 82' lang='lat' dir='ltr'><strong>genere</strong></span> <span class='ocrx_word' id='word_1_113' title='bbox 1181 1650 1514 1716; x_wconf 87' lang='lat' dir='ltr'><strong>hominum</strong></span> <span class='ocrx_word' id='word_1_114' title='bbox 1556 1650 2008 1736; x_wconf 86' lang='lat' dir='ltr'><strong>ingenuorum,</strong></span> <span class='ocrx_word' id='word_1_115' title='bbox 2048 1673 2325 1735; x_wconf 88' lang='lat' dir='ltr'><strong>quorum</strong></span> <span class='ocrx_word' id='word_1_116' title='bbox 2366 1650 2649 1716; x_wconf 84' lang='lat' dir='ltr'><strong>comitiis</strong></span> <span class='ocrx_word' id='word_1_117' title='bbox 2686 1673 2771 1713; x_wconf 87' lang='lat' dir='ltr'><strong>ra-</strong></span> 
     </span>
     <span class='ocr_line' id='line_1_14' title="bbox 460 1756 2771 1845; baseline -0.001 -21"><span class='ocrx_word' id='word_1_118' title='bbox 460 1761 698 1825; x_wconf 87' lang='lat' dir='ltr'><strong>tionem</strong></span> <span class='ocrx_word' id='word_1_119' title='bbox 744 1760 963 1826; x_wconf 87' lang='lat' dir='ltr'><strong>haberi</strong></span> <span class='ocrx_word' id='word_1_120' title='bbox 1005 1761 1248 1836; x_wconf 88' lang='lat' dir='ltr'><strong>liceret,</strong></span> <span class='ocrx_word' id='word_1_121' title='bbox 1291 1781 1430 1845; x_wconf 86' lang='lat' dir='ltr'><strong>cap.</strong></span> <span class='ocrx_word' id='word_1_122' title='bbox 1464 1756 1647 1822; x_wconf 71' lang='lat' dir='ltr'><strong>LIV,</strong></span> <span class='ocrx_word' id='word_1_123' title='bbox 1712 1758 1893 1840; x_wconf 83' lang='lat' dir='ltr'><strong>Quid</strong></span> <span class='ocrx_word' id='word_1_124' title='bbox 1938 1757 2181 1843; x_wconf 81' lang='lat' dir='ltr'><strong>igitur?</strong></span> <span class='ocrx_word' id='word_1_125' title='bbox 2232 1759 2466 1825; x_wconf 87' lang='lat' dir='ltr'><strong>Nonne</strong></span> <span class='ocrx_word' id='word_1_126' title='bbox 2522 1760 2617 1823; x_wconf 87' lang='lat' dir='ltr'><strong>sic</strong></span> <span class='ocrx_word' id='word_1_127' title='bbox 2658 1759 2771 1823; x_wconf 84' lang='lat' dir='ltr'><strong>fere</strong></span> 
     </span>
     <span class='ocr_line' id='line_1_15' title="bbox 461 1868 2777 1955; baseline -0.003 -20"><span class='ocrx_word' id='word_1_128' title='bbox 461 1892 604 1935; x_wconf 84' lang='lat' dir='ltr'><strong>esse</strong></span> <span class='ocrx_word' id='word_1_129' title='bbox 648 1880 932 1955; x_wconf 79' lang='lat' dir='ltr'><strong>poterat:</strong></span> <span class='ocrx_word' id='word_1_130' title='bbox 979 1872 1356 1942; x_wconf 77' lang='lat' dir='ltr'><strong>lucatur-am,</strong></span> <span class='ocrx_word' id='word_1_131' title='bbox 1405 1872 1519 1948; x_wconf 78' lang='lat' dir='ltr'><strong>qui</strong></span> <span class='ocrx_word' id='word_1_132' title='bbox 1559 1872 1791 1931; x_wconf 74' lang='lat' dir='ltr'><strong>Latini</strong></span> <span class='ocrx_word' id='word_1_133' title='bbox 1826 1879 2033 1945; x_wconf 76' lang='lat' dir='ltr'><strong>erunt,</strong></span> <span class='ocrx_word' id='word_1_134' title='bbox 2068 1872 2331 1953; x_wconf 55' lang='lat' dir='ltr'><strong>comitti}</strong></span> <span class='ocrx_word' id='word_1_135' title='bbox 2368 1873 2545 1931; x_wconf 78' lang='lat' dir='ltr'><strong>ratio</strong></span> <span class='ocrx_word' id='word_1_136' title='bbox 2586 1868 2777 1929; x_wconf 78' lang='lat' dir='ltr'><strong>habeti</strong></span> 
     </span>
     <span class='ocr_line' id='line_1_16' title="bbox 451 1976 2769 2060; baseline -0.003 -19"><span class='ocrx_word' id='word_1_137' title='bbox 451 1983 707 2060; x_wconf 83' lang='lat' dir='ltr'><strong>poterit,</strong></span> <span class='ocrx_word' id='word_1_138' title='bbox 761 1983 820 2041; x_wconf 77' lang='lat' dir='ltr'><strong>si</strong></span> <span class='ocrx_word' id='word_1_139' title='bbox 877 1982 946 2041; x_wconf 80' lang='lat' dir='ltr'><strong>in</strong></span> <span class='ocrx_word' id='word_1_140' title='bbox 1000 1981 1410 2058; x_wconf 78' lang='lat' dir='ltr'><strong>manicipium</strong></span> <span class='ocrx_word' id='word_1_141' title='bbox 1470 1979 1761 2039; x_wconf 74' lang='lat' dir='ltr'><strong>Flavium</strong></span> <span class='ocrx_word' id='word_1_142' title='bbox 1807 1978 2265 2056; x_wconf 81' lang='lat' dir='ltr'><strong>Salpeman-um</strong></span> <span class='ocrx_word' id='word_1_143' title='bbox 2318 1976 2597 2039; x_wconf 77' lang='lat' dir='ltr'><strong>abierint</strong></span> <span class='ocrx_word' id='word_1_144' title='bbox 2652 1997 2769 2037; x_wconf 78' lang='lat' dir='ltr'><strong>cum</strong></span> 
     </span>
     <span class='ocr_line' id='line_1_17' title="bbox 454 2082 2765 2170; baseline -0.001 -22"><span class='ocrx_word' id='word_1_145' title='bbox 454 2087 816 2166; x_wconf 78' lang='lat' dir='ltr'><strong>parentibus</strong></span> <span class='ocrx_word' id='word_1_146' title='bbox 873 2096 1014 2162; x_wconf 68' lang='lat' dir='ltr'><strong>cet„</strong></span> <span class='ocrx_word' id='word_1_147' title='bbox 1075 2086 1380 2151; x_wconf 88' lang='lat' dir='ltr'><strong>nimirum</strong></span> <span class='ocrx_word' id='word_1_148' title='bbox 1433 2084 1489 2148; x_wconf 92' lang='lat' dir='ltr'><strong>si</strong></span> <span class='ocrx_word' id='word_1_149' title='bbox 1550 2104 1701 2147; x_wconf 90' lang='lat' dir='ltr'><strong>cum</strong></span> <span class='ocrx_word' id='word_1_150' title='bbox 1755 2093 1889 2148; x_wconf 87' lang='lat' dir='ltr'><strong>tota</strong></span> <span class='ocrx_word' id='word_1_151' title='bbox 1942 2083 2183 2149; x_wconf 85' lang='lat' dir='ltr'><strong>familia</strong></span> <span class='ocrx_word' id='word_1_152' title='bbox 2232 2106 2353 2149; x_wconf 87' lang='lat' dir='ltr'><strong>sua</strong></span> <span class='ocrx_word' id='word_1_153' title='bbox 2410 2082 2765 2170; x_wconf 82' lang='lat' dir='ltr'><strong>Salpensam</strong></span> 
     </span>
     <span class='ocr_line' id='line_1_18' title="bbox 463 2189 2769 2279; baseline -0.002 -23"><span class='ocrx_word' id='word_1_154' title='bbox 463 2192 966 2279; x_wconf 81' lang='lat' dir='ltr'><strong>commigrarint,</strong></span> <span class='ocrx_word' id='word_1_155' title='bbox 1021 2216 1150 2279; x_wconf 89' lang='lat' dir='ltr'><strong>qua</strong></span> <span class='ocrx_word' id='word_1_156' title='bbox 1205 2193 1274 2256; x_wconf 90' lang='lat' dir='ltr'><strong>in</strong></span> <span class='ocrx_word' id='word_1_157' title='bbox 1327 2214 1398 2256; x_wconf 90' lang='lat' dir='ltr'><strong>re</strong></span> <span class='ocrx_word' id='word_1_158' title='bbox 1453 2201 1793 2278; x_wconf 88' lang='lat' dir='ltr'><strong>parentum</strong></span> <span class='ocrx_word' id='word_1_159' title='bbox 1839 2211 2117 2277; x_wconf 87' lang='lat' dir='ltr'><strong>quoque,</strong></span> <span class='ocrx_word' id='word_1_160' title='bbox 2176 2214 2256 2255; x_wconf 88' lang='lat' dir='ltr'><strong>ex</strong></span> <span class='ocrx_word' id='word_1_161' title='bbox 2308 2191 2555 2275; x_wconf 88' lang='lat' dir='ltr'><strong>quibus</strong></span> <span class='ocrx_word' id='word_1_162' title='bbox 2601 2189 2769 2275; x_wconf 85' lang='lat' dir='ltr'><strong>patri-</strong></span> 
     </span>
     <span class='ocr_line' id='line_1_19' title="bbox 461 2298 2767 2386; baseline -0.002 -20"><span class='ocrx_word' id='word_1_163' title='bbox 461 2302 746 2366; x_wconf 87' lang='lat' dir='ltr'><strong>monium</strong></span> <span class='ocrx_word' id='word_1_164' title='bbox 807 2300 890 2366; x_wconf 90' lang='lat' dir='ltr'><strong>ad</strong></span> <span class='ocrx_word' id='word_1_165' title='bbox 942 2308 1210 2366; x_wconf 84' lang='lat' dir='ltr'><strong>munera</strong></span> <span class='ocrx_word' id='word_1_166' title='bbox 1263 2298 1565 2365; x_wconf 89' lang='lat' dir='ltr'><strong>obeunda</strong></span> <span class='ocrx_word' id='word_1_167' title='bbox 1618 2301 2053 2365; x_wconf 87' lang='lat' dir='ltr'><strong>necessarium</strong></span> <span class='ocrx_word' id='word_1_168' title='bbox 2098 2299 2356 2386; x_wconf 87' lang='lat' dir='ltr'><strong>pendet,</strong></span> <span class='ocrx_word' id='word_1_169' title='bbox 2402 2298 2767 2363; x_wconf 77' lang='lat' dir='ltr'><strong>mentionem</strong></span> 
     </span>
     <span class='ocr_line' id='line_1_20' title="bbox 465 2406 2771 2495; baseline -0.003 -22"><span class='ocrx_word' id='word_1_170' title='bbox 465 2409 607 2474; x_wconf 86' lang='lat' dir='ltr'><strong>fieri</strong></span> <span class='ocrx_word' id='word_1_171' title='bbox 649 2431 778 2473; x_wconf 90' lang='lat' dir='ltr'><strong>non</strong></span> <span class='ocrx_word' id='word_1_172' title='bbox 823 2408 1184 2474; x_wconf 89' lang='lat' dir='ltr'><strong>absurdum</strong></span> <span class='ocrx_word' id='word_1_173' title='bbox 1225 2418 1342 2473; x_wconf 88' lang='lat' dir='ltr'><strong>est.</strong></span> <span class='ocrx_word' id='word_1_174' title='bbox 1413 2406 1563 2472; x_wconf 87' lang='lat' dir='ltr'><strong>Non</strong></span> <span class='ocrx_word' id='word_1_175' title='bbox 1608 2406 1807 2473; x_wconf 86' lang='lat' dir='ltr'><strong>verba</strong></span> <span class='ocrx_word' id='word_1_176' title='bbox 1850 2410 1995 2493; x_wconf 87' lang='lat' dir='ltr'><strong>ipsa</strong></span> <span class='ocrx_word' id='word_1_177' title='bbox 2033 2432 2199 2495; x_wconf 88' lang='lat' dir='ltr'><strong>quae</strong></span> <span class='ocrx_word' id='word_1_178' title='bbox 2238 2410 2305 2473; x_wconf 87' lang='lat' dir='ltr'><strong>in</strong></span> <span class='ocrx_word' id='word_1_179' title='bbox 2344 2409 2495 2494; x_wconf 88' lang='lat' dir='ltr'><strong>lege</strong></span> <span class='ocrx_word' id='word_1_180' title='bbox 2534 2407 2771 2479; x_wconf 88' lang='lat' dir='ltr'><strong>fuerint,</strong></span> 
     </span>
     <span class='ocr_line' id='line_1_21' title="bbox 462 2514 2770 2603; baseline -0.002 -21"><span class='ocrx_word' id='word_1_181' title='bbox 462 2528 864 2603; x_wconf 85' lang='lat' dir='ltr'><strong>praestamus</strong></span> <span class='ocrx_word' id='word_1_182' title='bbox 911 2539 1032 2583; x_wconf 91' lang='lat' dir='ltr'><strong>nec</strong></span> <span class='ocrx_word' id='word_1_183' title='bbox 1075 2538 1240 2602; x_wconf 88' lang='lat' dir='ltr'><strong>quae</strong></span> <span class='ocrx_word' id='word_1_184' title='bbox 1279 2516 1691 2592; x_wconf 89' lang='lat' dir='ltr'><strong>coniecimus,</strong></span> <span class='ocrx_word' id='word_1_185' title='bbox 1736 2538 1816 2581; x_wconf 86' lang='lat' dir='ltr'><strong>ex</strong></span> <span class='ocrx_word' id='word_1_186' title='bbox 1860 2517 2234 2603; x_wconf 87' lang='lat' dir='ltr'><strong>municipali</strong></span> <span class='ocrx_word' id='word_1_187' title='bbox 2278 2516 2529 2581; x_wconf 85' lang='lat' dir='ltr'><strong>ratione</strong></span> <span class='ocrx_word' id='word_1_188' title='bbox 2565 2514 2770 2601; x_wconf 85' lang='lat' dir='ltr'><strong>proba-</strong></span> 
     </span>
    </p>
   </div>
   <div class='ocr_carea' id='block_1_7' title="bbox 466 2624 2838 2713">
    <p class='ocr_par' dir='ltr' id='par_1_7' title="bbox 466 2624 2838 2713">
     <span class='ocr_line' id='line_1_22' title="bbox 466 2624 2838 2713; baseline -0.003 -22"><span class='ocrx_word' id='word_1_189' title='bbox 466 2625 621 2691; x_wconf 86' lang='lat' dir='ltr'><strong>bilia</strong></span> <span class='ocrx_word' id='word_1_190' title='bbox 677 2648 820 2691; x_wconf 87' lang='lat' dir='ltr'><strong>esse</strong></span> <span class='ocrx_word' id='word_1_191' title='bbox 865 2625 1246 2691; x_wconf 87' lang='lat' dir='ltr'><strong>docebimus</strong></span> <span class='ocrx_word' id='word_1_192' title='bbox 1289 2626 1706 2713; x_wconf 86' lang='lat' dir='ltr'><strong>(quamquam</strong></span> <span class='ocrx_word' id='word_1_193' title='bbox 1763 2636 1977 2711; x_wconf 88' lang='lat' dir='ltr'><strong>potest</strong></span> <span class='ocrx_word' id='word_1_194' title='bbox 2022 2646 2150 2689; x_wconf 85' lang='lat' dir='ltr'><strong>non</strong></span> <span class='ocrx_word' id='word_1_195' title='bbox 2208 2624 2477 2690; x_wconf 86' lang='lat' dir='ltr'><strong>difficile</strong></span> <span class='ocrx_word' id='word_1_196' title='bbox 2528 2625 2770 2688; x_wconf 88' lang='lat' dir='ltr'><strong>demon·</strong></span> <span class='ocrx_word' id='word_1_197' title='bbox 2837 2678 2838 2713; x_wconf 33' lang='lat'>3</span> 
     </span>
    </p>
   </div>
   <div class='ocr_carea' id='block_1_8' title="bbox 463 2730 2767 3036">
    <p class='ocr_par' dir='ltr' id='par_1_8' title="bbox 463 2730 2767 3036">
     <span class='ocr_line' id='line_1_23' title="bbox 467 2730 2767 2819; baseline -0.003 -21"><span class='ocrx_word' id='word_1_198' title='bbox 467 2734 674 2811; x_wconf 80' lang='lat' dir='ltr'><strong>strati,</strong></span> <span class='ocrx_word' id='word_1_199' title='bbox 722 2733 838 2798; x_wconf 91' lang='lat' dir='ltr'><strong>sed</strong></span> <span class='ocrx_word' id='word_1_200' title='bbox 881 2733 963 2797; x_wconf 88' lang='lat' dir='ltr'><strong>ab</strong></span> <span class='ocrx_word' id='word_1_201' title='bbox 1007 2734 1128 2799; x_wconf 85' lang='lat' dir='ltr'><strong>hac</strong></span> <span class='ocrx_word' id='word_1_202' title='bbox 1171 2732 1545 2817; x_wconf 89' lang='lat' dir='ltr'><strong>quaestione</strong></span> <span class='ocrx_word' id='word_1_203' title='bbox 1590 2756 1667 2797; x_wconf 89' lang='lat' dir='ltr'><strong>ea</strong></span> <span class='ocrx_word' id='word_1_204' title='bbox 1694 2733 2045 2819; x_wconf 87' lang='lat' dir='ltr'><strong>disputatio</strong></span> <span class='ocrx_word' id='word_1_205' title='bbox 2084 2734 2293 2799; x_wconf 87' lang='lat' dir='ltr'><strong>aliena</strong></span> <span class='ocrx_word' id='word_1_206' title='bbox 2326 2732 2475 2817; x_wconf 88' lang='lat' dir='ltr'><strong>est),</strong></span> <span class='ocrx_word' id='word_1_207' title='bbox 2524 2732 2641 2797; x_wconf 88' lang='lat' dir='ltr'><strong>sed</strong></span> <span class='ocrx_word' id='word_1_208' title='bbox 2670 2730 2767 2793; x_wconf 87' lang='lat' dir='ltr'><strong>hoc</strong></span> 
     </span>
     <span class='ocr_line' id='line_1_24' title="bbox 471 2840 2762 2937; baseline -0.003 -30"><span class='ocrx_word' id='word_1_209' title='bbox 471 2841 922 2927; x_wconf 87' lang='lat' dir='ltr'><strong>sequebamur,</strong></span> <span class='ocrx_word' id='word_1_210' title='bbox 965 2852 1040 2907; x_wconf 85' lang='lat' dir='ltr'><strong>ut</strong></span> <span class='ocrx_word' id='word_1_211' title='bbox 1080 2864 1245 2925; x_wconf 90' lang='lat' dir='ltr'><strong>quae</strong></span> <span class='ocrx_word' id='word_1_212' title='bbox 1285 2841 1545 2919; x_wconf 86' lang='lat' dir='ltr'><strong>desunt,</strong></span> <span class='ocrx_word' id='word_1_213' title='bbox 1590 2842 1681 2907; x_wconf 86' lang='lat' dir='ltr'><strong>ita</strong></span> <span class='ocrx_word' id='word_1_214' title='bbox 1726 2842 2015 2928; x_wconf 88' lang='lat' dir='ltr'><strong>suppleri</strong></span> <span class='ocrx_word' id='word_1_215' title='bbox 2045 2864 2239 2937; x_wconf 84' lang='lat' dir='ltr'><strong>posse</strong></span> <span class='ocrx_word' id='word_1_216' title='bbox 2272 2840 2762 2912; x_wconf 83' lang='lat' dir='ltr'><strong>ostenderemus,</strong></span> 
     </span>
     <span class='ocr_line' id='line_1_25' title="bbox 463 2950 2767 3036; baseline -0.003 -21"><span class='ocrx_word' id='word_1_217' title='bbox 463 2962 541 3015; x_wconf 88' lang='lat' dir='ltr'><strong>ut</strong></span> <span class='ocrx_word' id='word_1_218' title='bbox 581 2950 740 3015; x_wconf 90' lang='lat' dir='ltr'><strong>nihil</strong></span> <span class='ocrx_word' id='word_1_219' title='bbox 779 2950 1068 3017; x_wconf 86' lang='lat' dir='ltr'><strong>inusitati</strong></span> <span class='ocrx_word' id='word_1_220' title='bbox 1109 2962 1220 3015; x_wconf 89' lang='lat' dir='ltr'><strong>aut</strong></span> <span class='ocrx_word' id='word_1_221' title='bbox 1261 2950 1589 3036; x_wconf 83' lang='lat' dir='ltr'><strong>singulare</strong></span> <span class='ocrx_word' id='word_1_222' title='bbox 1628 2960 2048 3016; x_wconf 77' lang='lat' dir='ltr'><strong>statueretur:</strong></span> <span class='ocrx_word' id='word_1_223' title='bbox 2096 2950 2285 3015; x_wconf 87' lang='lat' dir='ltr'><strong>etiam</strong></span> <span class='ocrx_word' id='word_1_224' title='bbox 2327 2950 2454 3015; x_wconf 91' lang='lat' dir='ltr'><strong>hoc</strong></span> <span class='ocrx_word' id='word_1_225' title='bbox 2490 2950 2767 3015; x_wconf 85' lang='lat' dir='ltr'><strong>videmur</strong></span> 
     </span>
    </p>
   </div>
   <div class='ocr_carea' id='block_1_9' title="bbox 463 3057 2838 3144">
    <p class='ocr_par' dir='ltr' id='par_1_9' title="bbox 463 3057 2838 3144">
     <span class='ocr_line' id='line_1_26' title="bbox 463 3057 2838 3144; baseline -0.003 -21"><span class='ocrx_word' id='word_1_226' title='bbox 463 3080 606 3123; x_wconf 91' lang='lat' dir='ltr'><strong>esse</strong></span> <span class='ocrx_word' id='word_1_227' title='bbox 659 3059 960 3135; x_wconf 88' lang='lat' dir='ltr'><strong>assecuti,</strong></span> <span class='ocrx_word' id='word_1_228' title='bbox 1015 3068 1092 3123; x_wconf 92' lang='lat' dir='ltr'><strong>ut</strong></span> <span class='ocrx_word' id='word_1_229' title='bbox 1134 3059 1312 3144; x_wconf 87' lang='lat' dir='ltr'><strong>quod</strong></span> <span class='ocrx_word' id='word_1_230' title='bbox 1355 3058 1827 3124; x_wconf 87' lang='lat' dir='ltr'><strong>Mommsenius</strong></span> <span class='ocrx_word' id='word_1_231' title='bbox 1883 3058 2149 3135; x_wconf 86' lang='lat' dir='ltr'><strong>invenit,</strong></span> <span class='ocrx_word' id='word_1_232' title='bbox 2206 3058 2599 3140; x_wconf 78' lang='lat' dir='ltr'><strong>Huschkius</strong></span> <span class='ocrx_word' id='word_1_233' title='bbox 2652 3057 2761 3120; x_wconf 87' lang='lat' dir='ltr'><strong>fere</strong></span> <span class='ocrx_word' id='word_1_234' title='bbox 2837 3070 2838 3075; x_wconf 74' lang='grc'>’</span> 
     </span>
    </p>
   </div>
   <div class='ocr_carea' id='block_1_10' title="bbox 461 3164 2762 4441">
    <p class='ocr_par' dir='ltr' id='par_1_10' title="bbox 461 3164 2762 4441">
     <span class='ocr_line' id='line_1_27' title="bbox 467 3164 2762 3253; baseline -0.003 -22"><span class='ocrx_word' id='word_1_235' title='bbox 467 3167 782 3253; x_wconf 86' lang='lat' dir='ltr'><strong>probavit,</strong></span> <span class='ocrx_word' id='word_1_236' title='bbox 828 3167 1230 3233; x_wconf 87' lang='lat' dir='ltr'><strong>Laboulaius</strong></span> <span class='ocrx_word' id='word_1_237' title='bbox 1277 3177 1501 3231; x_wconf 87' lang='lat' dir='ltr'><strong>contra</strong></span> <span class='ocrx_word' id='word_1_238' title='bbox 1540 3166 1643 3231; x_wconf 87' lang='lat' dir='ltr'><strong>ius</strong></span> <span class='ocrx_word' id='word_1_239' title='bbox 1690 3188 1765 3231; x_wconf 88' lang='lat' dir='ltr'><strong>ac</strong></span> <span class='ocrx_word' id='word_1_240' title='bbox 1810 3189 2053 3233; x_wconf 90' lang='lat' dir='ltr'><strong>morem</strong></span> <span class='ocrx_word' id='word_1_241' title='bbox 2094 3168 2457 3231; x_wconf 86' lang='lat' dir='ltr'><strong>Romanum</strong></span> <span class='ocrx_word' id='word_1_242' title='bbox 2502 3187 2644 3230; x_wconf 87' lang='lat' dir='ltr'><strong>esse</strong></span> <span class='ocrx_word' id='word_1_243' title='bbox 2682 3164 2762 3225; x_wconf 85' lang='lat' dir='ltr'><strong>in·-</strong></span> 
     </span>
     <span class='ocr_line' id='line_1_28' title="bbox 464 3272 2759 3360; baseline -0.003 -21"><span class='ocrx_word' id='word_1_244' title='bbox 464 3275 728 3350; x_wconf 83' lang='lat' dir='ltr'><strong>tellexit,</strong></span> <span class='ocrx_word' id='word_1_245' title='bbox 774 3275 952 3339; x_wconf 91' lang='lat' dir='ltr'><strong>nullo</strong></span> <span class='ocrx_word' id='word_1_246' title='bbox 1007 3275 1200 3339; x_wconf 90' lang='lat' dir='ltr'><strong>modo</strong></span> <span class='ocrx_word' id='word_1_247' title='bbox 1255 3276 1405 3339; x_wconf 89' lang='lat' dir='ltr'><strong>ferri</strong></span> <span class='ocrx_word' id='word_1_248' title='bbox 1450 3296 1643 3360; x_wconf 88' lang='lat' dir='ltr'><strong>posse</strong></span> <span class='ocrx_word' id='word_1_249' title='bbox 1700 3275 2306 3340; x_wconf 87' lang='lat' dir='ltr'><strong>demonstraremus.</strong></span> <span class='ocrx_word' id='word_1_250' title='bbox 2388 3272 2527 3339; x_wconf 90' lang='lat' dir='ltr'><strong>Sed</strong></span> <span class='ocrx_word' id='word_1_251' title='bbox 2568 3274 2644 3337; x_wconf 92' lang='lat' dir='ltr'><strong>de</strong></span> <span class='ocrx_word' id='word_1_252' title='bbox 2680 3292 2759 3345; x_wconf 90' lang='lat' dir='ltr'><strong>eo,</strong></span> 
     </span>
     <span class='ocr_line' id='line_1_29' title="bbox 469 3378 2760 3468; baseline -0.001 -22"><span class='ocrx_word' id='word_1_253' title='bbox 469 3381 646 3447; x_wconf 88' lang='lat' dir='ltr'><strong>unde</strong></span> <span class='ocrx_word' id='word_1_254' title='bbox 691 3382 938 3468; x_wconf 87' lang='lat' dir='ltr'><strong>egressi</strong></span> <span class='ocrx_word' id='word_1_255' title='bbox 985 3404 1232 3459; x_wconf 90' lang='lat' dir='ltr'><strong>sumus,</strong></span> <span class='ocrx_word' id='word_1_256' title='bbox 1296 3383 1456 3467; x_wconf 90' lang='lat' dir='ltr'><strong>quid</strong></span> <span class='ocrx_word' id='word_1_257' title='bbox 1503 3382 2061 3449; x_wconf 85' lang='lat' dir='ltr'><strong>existimabimus?</strong></span> <span class='ocrx_word' id='word_1_258' title='bbox 2144 3384 2363 3448; x_wconf 86' lang='lat' dir='ltr'><strong>Latini</strong></span> <span class='ocrx_word' id='word_1_259' title='bbox 2420 3382 2531 3466; x_wconf 87' lang='lat' dir='ltr'><strong>qui</strong></span> <span class='ocrx_word' id='word_1_260' title='bbox 2584 3378 2760 3464; x_wconf 82' lang='lat' dir='ltr'><strong>magi-</strong></span> 
     </span>
     <span class='ocr_line' id='line_1_30' title="bbox 465 3485 2759 3577; baseline -0.003 -22"><span class='ocrx_word' id='word_1_261' title='bbox 465 3501 734 3555; x_wconf 87' lang='lat' dir='ltr'><strong>stratum</strong></span> <span class='ocrx_word' id='word_1_262' title='bbox 771 3491 1220 3577; x_wconf 87' lang='lat' dir='ltr'><strong>municipalem</strong></span> <span class='ocrx_word' id='word_1_263' title='bbox 1263 3490 1793 3576; x_wconf 86' lang='lat' dir='ltr'><strong>assequebantur,</strong></span> <span class='ocrx_word' id='word_1_264' title='bbox 1842 3504 2058 3556; x_wconf 89' lang='lat' dir='ltr'><strong>utrum</strong></span> <span class='ocrx_word' id='word_1_265' title='bbox 2100 3492 2314 3557; x_wconf 86' lang='lat' dir='ltr'><strong>statim</strong></span> <span class='ocrx_word' id='word_1_266' title='bbox 2346 3514 2425 3555; x_wconf 89' lang='lat' dir='ltr'><strong>an</strong></span> <span class='ocrx_word' id='word_1_267' title='bbox 2472 3485 2759 3575; x_wconf 85' lang='lat' dir='ltr'><strong>perfuncti</strong></span> 
     </span>
     <span class='ocr_line' id='line_1_31' title="bbox 465 3594 2754 3685; baseline 0 -23"><span class='ocrx_word' id='word_1_268' title='bbox 465 3598 726 3663; x_wconf 89' lang='lat' dir='ltr'><strong>demum</strong></span> <span class='ocrx_word' id='word_1_269' title='bbox 770 3598 1012 3664; x_wconf 88' lang='lat' dir='ltr'><strong>honore</strong></span> <span class='ocrx_word' id='word_1_270' title='bbox 1057 3599 1234 3664; x_wconf 86' lang='lat' dir='ltr'><strong>cives</strong></span> <span class='ocrx_word' id='word_1_271' title='bbox 1275 3599 1551 3665; x_wconf 85' lang='lat' dir='ltr'><strong>Romani</strong></span> <span class='ocrx_word' id='word_1_272' title='bbox 1594 3598 1877 3664; x_wconf 87' lang='lat' dir='ltr'><strong>fiebant?</strong></span> <span class='ocrx_word' id='word_1_273' title='bbox 1948 3598 2313 3685; x_wconf 84' lang='lat' dir='ltr'><strong>Scriptores</strong></span> <span class='ocrx_word' id='word_1_274' title='bbox 2358 3598 2635 3683; x_wconf 86' lang='lat' dir='ltr'><strong>quidem,</strong></span> <span class='ocrx_word' id='word_1_275' title='bbox 2666 3594 2754 3680; x_wconf 78' lang='lat' dir='ltr'><strong>qui</strong></span> 
     </span>
     <span class='ocr_line' id='line_1_32' title="bbox 465 3706 2753 3794; baseline -0.002 -24"><span class='ocrx_word' id='word_1_276' title='bbox 465 3706 546 3771; x_wconf 89' lang='lat' dir='ltr'><strong>de</strong></span> <span class='ocrx_word' id='word_1_277' title='bbox 592 3707 732 3771; x_wconf 88' lang='lat' dir='ltr'><strong>iure</strong></span> <span class='ocrx_word' id='word_1_278' title='bbox 771 3707 1057 3781; x_wconf 82' lang='lat' dir='ltr'><strong>tradunt,</strong></span> <span class='ocrx_word' id='word_1_279' title='bbox 1107 3707 1162 3771; x_wconf 92' lang='lat' dir='ltr'><strong>si</strong></span> <span class='ocrx_word' id='word_1_280' title='bbox 1201 3720 1500 3773; x_wconf 86' lang='lat' dir='ltr'><strong>accurate</strong></span> <span class='ocrx_word' id='word_1_281' title='bbox 1540 3708 1959 3794; x_wconf 88' lang='lat' dir='ltr'><strong>explicentur,</strong></span> <span class='ocrx_word' id='word_1_282' title='bbox 2002 3709 2069 3772; x_wconf 88' lang='lat' dir='ltr'><strong>in</strong></span> <span class='ocrx_word' id='word_1_283' title='bbox 2095 3709 2263 3774; x_wconf 88' lang='lat' dir='ltr'><strong>hanc</strong></span> <span class='ocrx_word' id='word_1_284' title='bbox 2297 3708 2517 3794; x_wconf 89' lang='lat' dir='ltr'><strong>potius</strong></span> <span class='ocrx_word' id='word_1_285' title='bbox 2544 3716 2753 3793; x_wconf 85' lang='lat' dir='ltr'><strong>partem</strong></span> 
     </span>
     <span class='ocr_line' id='line_1_33' title="bbox 465 3813 2749 3902; baseline -0.002 -23"><span class='ocrx_word' id='word_1_286' title='bbox 465 3815 806 3881; x_wconf 87' lang='lat' dir='ltr'><strong>videantur</strong></span> <span class='ocrx_word' id='word_1_287' title='bbox 833 3837 978 3879; x_wconf 90' lang='lat' dir='ltr'><strong>esse</strong></span> <span class='ocrx_word' id='word_1_288' title='bbox 1003 3815 1383 3902; x_wconf 86' lang='lat' dir='ltr'><strong>accipiendi,</strong></span> <span class='ocrx_word' id='word_1_289' title='bbox 1418 3827 1494 3880; x_wconf 90' lang='lat' dir='ltr'><strong>ut</strong></span> <span class='ocrx_word' id='word_1_290' title='bbox 1530 3838 1677 3881; x_wconf 90' lang='lat' dir='ltr'><strong>cum</strong></span> <span class='ocrx_word' id='word_1_291' title='bbox 1714 3816 1857 3902; x_wconf 89' lang='lat' dir='ltr'><strong>ipso</strong></span> <span class='ocrx_word' id='word_1_292' title='bbox 1896 3818 2279 3901; x_wconf 82' lang='lat' dir='ltr'><strong>magistratu</strong></span> <span class='ocrx_word' id='word_1_293' title='bbox 2312 3816 2629 3881; x_wconf 86' lang='lat' dir='ltr'><strong>civitatem</strong></span> <span class='ocrx_word' id='word_1_294' title='bbox 2654 3813 2749 3876; x_wconf 89' lang='lat' dir='ltr'><strong>im-</strong></span> 
     </span>
     <span class='ocr_line' id='line_1_34' title="bbox 461 3918 2749 4012; baseline -0.003 -23"><span class='ocrx_word' id='word_1_295' title='bbox 461 3924 699 4009; x_wconf 90' lang='lat' dir='ltr'><strong>petrari</strong></span> <span class='ocrx_word' id='word_1_296' title='bbox 749 3922 984 3988; x_wconf 86' lang='lat' dir='ltr'><strong>dicant.</strong></span> <span class='ocrx_word' id='word_1_297' title='bbox 1053 3924 1219 3988; x_wconf 89' lang='lat' dir='ltr'><strong>Nam</strong></span> <span class='ocrx_word' id='word_1_298' title='bbox 1265 3924 1386 3989; x_wconf 89' lang='lat' dir='ltr'><strong>etsi</strong></span> <span class='ocrx_word' id='word_1_299' title='bbox 1428 3924 1605 4009; x_wconf 93' lang='lat' dir='ltr'><strong>quod</strong></span> <span class='ocrx_word' id='word_1_300' title='bbox 1648 3924 1715 3988; x_wconf 90' lang='lat' dir='ltr'><strong>in</strong></span> <span class='ocrx_word' id='word_1_301' title='bbox 1750 3924 1937 3989; x_wconf 90' lang='lat' dir='ltr'><strong>titulo</strong></span> <span class='ocrx_word' id='word_1_302' title='bbox 1962 3924 2351 4012; x_wconf 86' lang='lat' dir='ltr'><strong>Tergestino</strong></span> <span class='ocrx_word' id='word_1_303' title='bbox 2384 3924 2558 4011; x_wconf 89' lang='lat' dir='ltr'><strong>apud</strong></span> <span class='ocrx_word' id='word_1_304' title='bbox 2584 3918 2749 3987; x_wconf 86' lang='lat' dir='ltr'><strong>Orell.</strong></span> 
     </span>
     <span class='ocr_line' id='line_1_35' title="bbox 461 4032 2747 4114; baseline -0.002 -19"><span class='ocrx_word' id='word_1_305' title='bbox 461 4055 526 4095; x_wconf 87' lang='lat' dir='ltr'><strong>n.</strong></span> <span class='ocrx_word' id='word_1_306' title='bbox 569 4032 734 4096; x_wconf 85' lang='lat'>4040</span> <span class='ocrx_word' id='word_1_307' title='bbox 788 4042 888 4095; x_wconf 92' lang='lat' dir='ltr'><strong>est</strong></span> <span class='ocrx_word' id='word_1_308' title='bbox 942 4036 1354 4114; x_wconf 75' lang='lat' dir='ltr'><strong>impetranda,</strong></span> <span class='ocrx_word' id='word_1_309' title='bbox 1407 4044 1484 4096; x_wconf 77' lang='lat' dir='ltr'><strong>ut</strong></span> <span class='ocrx_word' id='word_1_310' title='bbox 1532 4036 1804 4113; x_wconf 81' lang='lat' dir='ltr'><strong>(Car)m‘</strong></span> <span class='ocrx_word' id='word_1_311' title='bbox 1856 4035 2179 4113; x_wconf 78' lang='lat' dir='ltr'><strong>Catalique</strong></span> <span class='ocrx_word' id='word_1_312' title='bbox 2222 4034 2521 4097; x_wconf 79' lang='lat' dir='ltr'><strong>attributi</strong></span> <span class='ocrx_word' id='word_1_313' title='bbox 2566 4058 2605 4097; x_wconf 88' lang='lat' dir='ltr'><strong>a</strong></span> <span class='ocrx_word' id='word_1_314' title='bbox 2642 4034 2747 4095; x_wconf 75' lang='lat' dir='ltr'><strong>divo</strong></span> 
     </span>
     <span class='ocr_line' id='line_1_36' title="bbox 465 4141 2748 4223; baseline -0.002 -20"><span class='ocrx_word' id='word_1_315' title='bbox 465 4145 742 4221; x_wconf 77' lang='lat' dir='ltr'><strong>Augusto</strong></span> <span class='ocrx_word' id='word_1_316' title='bbox 800 4144 898 4203; x_wconf 79' lang='lat' dir='ltr'><strong>rei</strong></span> <span class='ocrx_word' id='word_1_317' title='bbox 955 4141 1302 4221; x_wconf 61' lang='lat' dir='ltr'><strong>(publissae</strong></span> <span class='ocrx_word' id='word_1_318' title='bbox 1341 4151 1607 4215; x_wconf 74' lang='lat' dir='ltr'><strong>nostrae,</strong></span> <span class='ocrx_word' id='word_1_319' title='bbox 1640 4149 1839 4223; x_wconf 81' lang='lat' dir='ltr'><strong>prout</strong></span> <span class='ocrx_word' id='word_1_320' title='bbox 1886 4146 1999 4223; x_wconf 80' lang='lat' dir='ltr'><strong>qui</strong></span> <span class='ocrx_word' id='word_1_321' title='bbox 2048 4146 2365 4205; x_wconf 77' lang='lat' dir='ltr'><strong>meruisset</strong></span> <span class='ocrx_word' id='word_1_322' title='bbox 2420 4147 2552 4205; x_wconf 79' lang='lat' dir='ltr'><strong>vita</strong></span> <span class='ocrx_word' id='word_1_323' title='bbox 2604 4151 2748 4221; x_wconf 83' lang='lat' dir='ltr'><strong>atque</strong></span> 
     </span>
     <span class='ocr_line' id='line_1_37' title="bbox 462 4250 2744 4331; baseline -0.001 -21"><span class='ocrx_word' id='word_1_324' title='bbox 462 4270 667 4325; x_wconf 82' lang='lat' dir='ltr'><strong>censu,</strong></span> <span class='ocrx_word' id='word_1_325' title='bbox 712 4269 832 4329; x_wconf 85' lang='lat' dir='ltr'><strong>per</strong></span> <span class='ocrx_word' id='word_1_326' title='bbox 883 4250 1222 4311; x_wconf 79' lang='lat' dir='ltr'><strong>aedilitatis</strong></span> <span class='ocrx_word' id='word_1_327' title='bbox 1255 4252 1531 4330; x_wconf 77' lang='lat' dir='ltr'><strong>gradum</strong></span> <span class='ocrx_word' id='word_1_328' title='bbox 1573 4254 1642 4311; x_wconf 76' lang='lat' dir='ltr'><strong>in</strong></span> <span class='ocrx_word' id='word_1_329' title='bbox 1700 4253 1943 4311; x_wconf 80' lang='lat' dir='ltr'><strong>cariam</strong></span> <span class='ocrx_word' id='word_1_330' title='bbox 1998 4260 2276 4312; x_wconf 80' lang='lat' dir='ltr'><strong>nostram</strong></span> <span class='ocrx_word' id='word_1_331' title='bbox 2330 4254 2567 4329; x_wconf 80' lang='lat' dir='ltr'><strong>admit(</strong></span> <span class='ocrx_word' id='word_1_332' title='bbox 2562 4262 2617 4313; x_wconf 86' lang='lat' dir='ltr'><strong>te</strong></span> <span class='ocrx_word' id='word_1_333' title='bbox 2609 4258 2744 4331; x_wconf 58' lang='grc' dir='ltr'><strong>γαπ·</strong></span> 
     </span>
     <span class='ocr_line' id='line_1_38' title="bbox 465 4356 2742 4441; baseline 0 -24"><span class='ocrx_word' id='word_1_334' title='bbox 465 4365 572 4418; x_wconf 79' lang='lat' dir='ltr'><strong>tm·</strong></span> <span class='ocrx_word' id='word_1_335' title='bbox 623 4378 700 4417; x_wconf 83' lang='lat' dir='ltr'><strong>ae</strong></span> <span class='ocrx_word' id='word_1_336' title='bbox 741 4376 862 4436; x_wconf 84' lang='lat' dir='ltr'><strong>per</strong></span> <span class='ocrx_word' id='word_1_337' title='bbox 917 4356 1031 4418; x_wconf 78' lang='lat' dir='ltr'><strong>hoc</strong></span> <span class='ocrx_word' id='word_1_338' title='bbox 1077 4359 1386 4419; x_wconf 76' lang='lat' dir='ltr'><strong>civitatem</strong></span> <span class='ocrx_word' id='word_1_339' title='bbox 1449 4360 1801 4421; x_wconf 79' lang='lat' dir='ltr'><strong>Romanam</strong></span> <span class='ocrx_word' id='word_1_340' title='bbox 1847 4360 2287 4441; x_wconf 72' lang='lat' dir='ltr'><strong>apiscerentur,</strong></span> <span class='ocrx_word' id='word_1_341' title='bbox 2344 4359 2467 4425; x_wconf 85' lang='lat' dir='ltr'><strong>etsi</strong></span> <span class='ocrx_word' id='word_1_342' title='bbox 2516 4357 2742 4424; x_wconf 85' lang='lat' dir='ltr'><strong>dubium</strong></span> 
     </span>
    </p>
   </div>
  </div>
 </body>
</html>
