2917 5017
637 343 720 392 De
757 340 931 392 Gallia
963 339 1316 390 Romanorum
1351 339 1612 405 provincia
1644 341 1919 406 appendix.
2314 337 2431 404 175

143 503 332 566 minus
376 512 582 567 tamen
625 512 798 567 recte
833 502 936 566 ius
971 500 1334 586 provinciae
1377 512 1440 564 et
1476 503 1797 568 exercitus
1836 503 2148 568 distinxit.
2234 501 2433 585 Quod

143 623 332 676 autem
363 611 442 674 de
485 611 850 696 provinciae
885 620 948 674 et
978 609 1296 674 exercitus
1337 610 1737 695 separatione
1768 611 2259 696 disputavimus,
2305 633 2433 676 non

143 741 265 783 esse
319 741 356 782 a
406 718 594 783 nobis
655 718 1119 804 excogitatum,
1187 717 1302 782 sed
1358 716 1576 783 multis
1632 720 1971 784 multorum
2030 721 2433 786 sermonibus

140 839 274 890 tunc
313 825 623 911 agitatum
661 849 769 903 ea,
839 849 1004 911 quae
1060 826 1182 891 sub
1233 827 1489 892 initium
1538 827 1689 892 belli
1742 851 1909 892 anno
1954 828 2033 893 49
2079 838 2221 894 acta
2262 838 2434 904 sunt,

139 934 482 998 ostendunt.
543 935 802 1002 Etenim
829 933 1072 1000 Caesar
1109 935 1251 1020 ipse
1293 958 1348 1000 c.
1392 937 1432 1000 2
1479 947 1739 1000 senatus
1782 937 2149 1001 consultum
2194 936 2435 1000 factum

139 1065 264 1108 esse
297 1040 536 1118 scribit,
569 1046 672 1104 uti
697 1053 841 1106 unte
885 1054 1116 1106 certam
1155 1047 1314 1106 daem
1343 1047 1569 1109 Caesar
1606 1049 1941 1108 exercitum
1982 1047 2278 1120 dimittat,
2320 1044 2435 1109 sed

139 1152 370 1236 plenius
417 1151 757 1234 exequitur
804 1149 932 1214 Dio
971 1151 1162 1227 XLI,
1210 1152 1246 1214 3
1293 1151 1624 1216 decretum
1668 1175 1845 1228 esse,
1886 1163 1960 1216 ut
2004 1149 2248 1217 Caesar
2284 1173 2436 1237 pro-

141 1259 397 1322 vinciam
443 1257 928 1324 successoribus
962 1259 1241 1324 traderet
1279 1271 1342 1324 et
1385 1261 1739 1324 exercitum
1784 1271 1929 1324 ante
1982 1271 2216 1326 certam
2266 1261 2438 1326 diem

139 1367 486 1430 dimitteret.
539 1367 616 1431 Id
653 1366 748 1430 sic
785 1366 892 1451 agi
933 1367 1281 1452 oportebat,
1332 1383 1406 1431 ut
1435 1369 1757 1433 exercitus
1802 1369 1979 1453 prius
2012 1369 2440 1434 dimitteretur

138 1499 305 1558 quam
345 1497 757 1540 successores
799 1476 864 1538 in
913 1475 1308 1560 provinciam
1352 1476 1681 1552 venirent3
1726 1499 1934 1560 neque
1976 1476 2145 1542 enim
2190 1478 2435 1542 alienus

139 1584 430 1648 exercitus
477 1584 544 1647 in
585 1583 932 1668 provincia,
973 1606 1138 1667 quae
1180 1605 1350 1648 novo
1389 1586 1758 1669 proconsuli
1798 1596 2068 1669 pareret,
2108 1607 2437 1650 remanere

143 1703 374 1775 poterat.
433 1691 653 1773 Quem
684 1692 854 1756 diem
893 1702 1151 1756 senatus
1185 1691 1549 1757 dimittendi
1586 1694 1909 1758 exercitus
1934 1694 2438 1778 praescripserit,

151 1800 430 1877 nescitur3
502 1801 616 1865 sed
659 1800 828 1864 intra
873 1822 1156 1866 mensem
1201 1801 1338 1866 fere
1382 1801 1619 1864 dimitti
1660 1811 1953 1886 poterant
2000 1799 2298 1866 Caesaris
2342 1803 2437 1866 le-

64 1951 66 1986 {
144 1909 360 1988 giones,
403 1919 548 1972 tum
585 1929 996 1994 praecurrere
1037 1929 1352 1972 novorum
1381 1909 1841 1993 proconsulum
1880 1909 2097 1995 legati,
2137 1909 2248 1994 qui
2289 1931 2438 1994 pro-

64 2061 66 2068 .
143 2016 352 2081 vincias
387 2017 778 2102 acciperent.
833 2016 971 2101 Ipsi
1015 2017 1432 2101 proconsules
1474 2017 1725 2080 interim
1760 2016 2099 2082 dilectibus
2140 2039 2437 2101 novoque

140 2124 392 2190 exercitu
437 2125 872 2210 comparando
913 2125 1412 2210 occupabantur.
1502 2125 1635 2190 Sed
1681 2126 1981 2211 persequi
2026 2125 2185 2189 haec
2206 2171 2223 2200 ,
2270 2144 2437 2208 quae

139 2232 542 2298 demonstrari
588 2256 715 2298 non
753 2246 1026 2317 possunt
1065 2234 1344 2317 bellique
1381 2234 1663 2298 tumultu
1704 2231 2077 2318 perturbata
2125 2244 2294 2307 sunt,
2338 2233 2438 2296 in-

64 2419 66 2423 ·
137 2342 268 2406 utile
317 2353 443 2418 est3
504 2343 666 2406 illud
729 2352 900 2408 certe
946 2352 1239 2427 apparet,
1289 2342 1466 2425 quod
1509 2341 1679 2404 inter
1719 2341 2115 2426 provinciam
2172 2351 2237 2404 et
2274 2341 2440 2404 inter

66 2509 71 2514 .
137 2451 464 2514 exercitum
514 2451 860 2516 discrimen
907 2449 1136 2516 Cicero
1183 2449 1529 2536 significat,
1590 2448 1673 2512 de
1716 2471 1795 2513 eo
1836 2449 2027 2514 etiam
2072 2449 2213 2514 aliis
2256 2449 2438 2514 testi-

66 2605 70 2626 ;
137 2557 338 2623 moniis
383 2569 704 2624 constare.

66 2743 74 2748 ⁵
279 2667 722 2732 Veruntamen
775 2679 848 2731 ut
901 2667 986 2730 ad
1035 2666 1551 2731 Hofmannianas
1606 2665 1883 2730 rationes
1928 2665 2271 2747 locumque
2324 2660 2439 2728 Ci-

66 2853 68 2856 ‚
142 2776 360 2840 ceronis
421 2775 760 2862 paululum
805 2785 1232 2849 revertamur,
1284 2774 1348 2838 in
1389 2775 1469 2837 iis
1512 2795 1677 2858 quae
1720 2782 1871 2836 sunt
1908 2775 2243 2834 exercitum
2287 2775 2439 2832 reti-

145 2891 314 2945 nentis
337 2907 480 2946 cum
519 2889 669 2965 legis
701 2887 824 2947 dies
869 2888 1204 2959 transierit,
1256 2888 1557 2946 rationem
1590 2882 1803 2944 haberi
1816 2883 2072 2960 placet?
2110 2877 2442 2961 quaeritur

143 3013 277 3073 quae
337 2994 446 3058 lex
491 2991 766 3056 dicatur.
853 2990 998 3054 Non
1037 2990 1235 3054 dubie
1283 2990 1576 3076 Pompeii
1636 2999 1699 3053 et
1739 2985 1961 3052 Crassi
2004 2988 2251 3072 legem,
2312 3006 2443 3069 qua

68 3149 71 3184 3
144 3099 382 3164 alterum
425 3099 939 3185 quinquennium
987 3095 1250 3164 Caesari
1298 3099 1517 3163 datum
1564 3106 1681 3173 est,
1729 3094 2037 3180 intelligo·
2096 3091 2441 3158 Probabile

68 3267 74 3284 ,-
143 3205 194 3269 id
231 3231 368 3273 esse
413 3231 664 3295 negans
707 3207 1150 3284 Hofmannus‚
1195 3206 1566 3293 prohibere,
1610 3204 1840 3290 inquit,
1886 3199 2231 3267 Caesarem
2276 3201 2438 3286 peti·
2526 3247 2542 3260 .

68 3377 73 3382 .
147 3313 290 3380 tione
333 3339 504 3401 quae
548 3317 692 3400 lege
735 3316 972 3400 apertis
1012 3313 1228 3380 verbis
1273 3315 1331 3378 ei
1373 3314 1523 3378 data
1566 3325 1721 3390 erat,
1761 3336 1837 3378 ea
1879 3311 1962 3377 de
2006 3331 2218 3386 causa,
2262 3308 2439 3393 quod

70 3487 72 3490 ,
143 3422 283 3487 ultra
323 3425 690 3510 legitimum
748 3435 1000 3507 tempus
1061 3423 1415 3487 exercitum
1464 3420 1867 3494 retinuisset,
1946 3431 2101 3482 num
2156 3417 2281 3481 hoc
2342 3427 2441 3506 est

70 3595 72 3602 ,
144 3529 256 3593 iure
297 3555 494 3618 agere
535 3543 649 3596 aut
683 3531 1066 3616 aequitatem
1107 3529 1537 3594 conservare?
1619 3526 1883 3592 Leviter
1920 3524 2307 3590 inflectendo
2341 3535 2439 3588 to—

145 3646 248 3702 tam
267 3637 602 3706 Ciceronis
629 3639 1008 3706 sententiam
1039 3647 1421 3713 commutat3
1463 3657 1671 3720 neque
1710 3633 1875 3698 enim
1906 3633 2121 3698 hercle
2158 3653 2439 3708 causam,

70 3825 71 3828 Ἴ
145 3768 310 3828 quare
367 3745 670 3814 Caesaris
724 3749 886 3814 ratio
936 3769 1062 3812 non
1122 3745 1419 3810 habenda
1472 3745 1586 3820 sit,
1642 3740 1871 3807 Cicero
1922 3763 2061 3806 eam
2120 3763 2263 3806 esse
2331 3740 2438 3816 ait,

146 3857 292 3936 quod
333 3858 476 3922 <lies
533 3858 702 3942 legis
758 3854 1111 3922 transierit:
1177 3853 1246 3916 id
1299 3854 1713 3918 Hofmannus
1770 3849 2067 3934 subiicit,
2134 3850 2273 3933 ipse
2326 3848 2439 3933 qui

150 3959 466 4030 Caesarem
511 3987 658 4029 cum
713 3964 880 4048 legis
925 3963 1064 4027 dies
1109 3960 1465 4037 transierit,
1528 3960 1877 4026 exercitum
1922 3958 2299 4023 retinentem
2342 3957 2439 4020 fa-

153 4070 270 4147 ciat,
307 4095 434 4138 non
462 4075 568 4137 ait.
621 4071 716 4140 At
759 4073 888 4148 ille,
935 4072 1120 4156 quasi
1163 4069 1521 4136 certissima
1560 4068 1645 4132 sit
1688 4091 1806 4134 sua
1842 4065 2299 4152 interpretatio,
2346 4066 2441 4130 le·-

156 4201 276 4261 gem
310 4181 611 4264 intelligit
649 4177 1078 4257 tribuniciam,
1127 4201 1254 4264 qua
1297 4175 1561 4244 Caesari
1586 4176 1869 4243 ¹alterius
1908 4174 2281 4240 consulatus
2326 4194 2441 4258 pe·-

75 4347 77 4350 ι
157 4286 270 4351 titio
304 4289 449 4354 data
485 4299 603 4364 est,
647 4288 770 4354 hac
803 4287 950 4372 lege
993 4288 1107 4372 qui
1143 4309 1350 4352 annus
1381 4287 1487 4352 vel
1521 4286 1663 4350 dies
1690 4282 1981 4371 petitioni
2006 4280 2439 4367 praescriptus
