2917 5017
469 304 553 392 92
1135 331 1218 389 De
1255 328 1428 380 Gallia
1466 330 1815 380 Romanorum
1850 329 2127 394 provincia.

470 491 636 555 rium
683 490 918 558 habere
959 492 1302 556 voluerunt
1345 513 1422 555 ac
1461 489 1775 575 quicquid
1818 490 2013 556 armis
2060 501 2468 578 occuparant,
2510 492 2665 556 inter
2696 516 2751 557 se

467 599 646 684 ipsos
683 599 1062 664 diviserunt.
1123 599 1276 680 Qua
1307 600 1374 664 in
1412 598 1727 664 divisione
1752 595 1965 662 Gallia
2002 610 2067 664 et
2090 597 2421 685 Cisalpina
2454 608 2517 664 et
2538 598 2750 664 Trans-

467 707 680 792 alpina
725 717 976 793 praeter
1016 706 1503 773 Narbonensem
1552 715 1687 771 tota
1742 705 1837 770 M.
1876 706 2163 771 Antonio
2208 707 2450 772 tributa
2492 719 2616 783 est,
2664 707 2755 789 qui

471 837 618 880 cum
667 816 752 881 ad
795 814 1258 900 rempublicam
1297 814 1810 879 constituendam
1852 815 1921 878 in
1958 815 2211 879 Italiam
2255 815 2755 901 proficisceretur,

467 923 549 986 L.
585 922 857 989 Varium
903 920 1199 1008 Cotylam
1245 945 1396 987 cum
1441 945 1555 986 sex
1592 921 1960 1006 legionibus
2004 922 2071 985 in
2109 921 2535 1008 Transalpina
2574 921 2757 988 Gallia

467 1029 744 1114 reliquit.
807 1030 1290 1096 Narbonensem
1331 1039 1548 1096 autem
1590 1029 1983 1114 provinciam
2028 1052 2177 1094 cum
2210 1031 2519 1096 universa
2548 1031 2757 1116 Hispa-

465 1137 574 1204 nia
614 1137 708 1201 M.
732 1137 1028 1223 Lepidus
1072 1139 1320 1223 accepit
1365 1137 1528 1223 (Dio
1559 1136 1813 1214 XLVI,
1852 1137 1931 1201 55
1950 1161 1967 1214 3
2019 1137 2191 1224 App.
2227 1137 2375 1203 bell.
2397 1139 2521 1203 civ.
2552 1139 2662 1215 IV,
2685 1138 2757 1220 7).

469 1245 784 1310 Secutum
841 1257 940 1311 est
997 1246 1240 1311 bellum
1291 1245 1740 1331 Philippense,
1806 1269 1935 1330 quo
1996 1246 2285 1311 confecto
2341 1247 2447 1312 III
2506 1246 2624 1311 viri
2676 1247 2760 1310 vel

467 1354 794 1418 Antonius
839 1365 904 1418 et
949 1351 1345 1420 Octavianus
1391 1357 1568 1440 (nam
1614 1353 1707 1417 M.
1750 1353 1987 1439 Lepidi
2030 1376 2258 1439 parum
2302 1355 2469 1420 ratio
2512 1353 2757 1419 habeba-

467 1463 602 1548 tur)
658 1463 748 1526 ita
799 1462 1162 1547 provincias
1217 1462 1385 1526 inter
1443 1485 1585 1527 sese
1638 1462 2033 1538 diviserunt,
2098 1473 2171 1527 ut
2226 1463 2335 1527 ille
2392 1485 2553 1547 quas
2607 1471 2761 1526 antea

469 1579 762 1634 tenuerat
815 1569 1063 1634 Gallias
1126 1571 1463 1646 retineret,
1530 1592 1606 1634 ac
1668 1581 1995 1656 praeterea
2058 1581 2339 1636 veterem
2400 1569 2761 1655 provinciam

470 1677 783 1755 Africam,
824 1700 990 1762 quae
1016 1676 1254 1763 Lepidi
1287 1679 1517 1754 fuerat,
1556 1679 1893 1763 acciperet,
1931 1679 2037 1742 hic
2064 1679 2448 1763 Hispaniam
2476 1688 2538 1742 et
2562 1699 2763 1741 novam

467 1787 863 1871 provinciam
907 1785 1281 1852 Numidiam
1343 1797 1597 1870 regeret
1654 1787 1815 1870 (Dio
1852 1786 2187 1862 XLVIII,
2246 1790 2328 1866 1).
2434 1787 2530 1852 Ut
2580 1795 2764 1850 autem

469 1893 900 1970 Octavianus,
967 1894 1080 1979 qui
1125 1895 1194 1960 in
1237 1895 1424 1959 Italia
1469 1894 1739 1958 militum
1790 1895 2201 1958 emeritorum
2244 1893 2599 1959 commodis
2644 1914 2764 1976 pro-

471 2003 717 2087 spicere
761 2014 1095 2079 statuerat,
1140 2003 1426 2067 Antonio
1466 2012 1881 2086 aequaretur,
1930 2001 2121 2065 simul
2164 2001 2501 2067 decretum
2544 2011 2661 2076 est,
2706 2009 2765 2062 ut

472 2107 804 2195 Cisalpina
847 2107 1093 2186 Gallia,
1154 2133 1320 2194 quae
1364 2109 1515 2174 urbi
1551 2111 1795 2174 Romae
1834 2109 2025 2173 nimis
2069 2109 2403 2174 imminere
2450 2109 2762 2182 videretur,

469 2217 854 2282 liberaretur
895 2219 1097 2303 (App.
1141 2216 1290 2281 bell.
1337 2217 1460 2282 civ.
1501 2217 1585 2293 V,
1634 2217 1723 2302 3),
1782 2218 1825 2281 i.
1866 2240 1919 2282 e.
1962 2226 2034 2280 ut
2077 2226 2293 2282 vetere
2340 2240 2523 2282 more
2566 2238 2761 2280 rursus

473 2348 622 2390 cum
662 2326 850 2391 Italia
895 2327 1394 2413 coniungeret-ur
1433 2326 1621 2410 eique
1665 2333 1947 2410 pareret,
2006 2325 2119 2409 qui
2173 2325 2305 2413 ipsi
2343 2326 2568 2391 Italiae
2609 2346 2760 2410 prae-

471 2447 662 2499 esset.
747 2434 1038 2500 Tenebat
1093 2436 1262 2500 enim
1319 2457 1458 2500 eam
1514 2445 1671 2498 tunc
1727 2431 1811 2513 Q.
1856 2432 2087 2496 Fufius
2144 2431 2467 2511 Calenus,
2528 2431 2761 2498 Antonii

468 2543 755 2626 legatus,
810 2542 921 2626 qui
969 2553 1032 2607 et
1079 2539 1475 2627 Cisalpinam
1522 2541 1916 2626 provinciam
1956 2541 2246 2607 omittere
2292 2553 2355 2608 et
2398 2551 2640 2628 partem
2678 2561 2759 2603 co-

469 2648 720 2733 piarum
775 2671 1038 2715 suarum
1090 2649 1448 2715 Octaviano
1494 2650 1723 2714 cedere
1767 2648 1989 2714 iussus
2029 2663 2127 2714 est
2176 2651 2380 2737 (App.
2428 2652 2472 2716 l.
2510 2649 2601 2732 1.).
2684 2646 2759 2710 Αο
2848 2679 2850 2696 ÷

471 2777 619 2820 cum
665 2779 742 2820 eo
782 2755 1030 2823 Galliae
1074 2761 1454 2844 praefuerat
1478 2757 1669 2822 etiam
1715 2757 1797 2822 L.
1837 2757 2199 2834 Antonius,
2260 2758 2364 2823 ΙΙΙ
2410 2759 2537 2824 viri
2578 2757 2760 2826 frater,

469 2866 580 2949 qui
637 2865 796 2951 ipsis
840 2863 978 2930 Cal.
1017 2868 1154 2932 Ian.
1209 2866 1359 2931 anni
1401 2866 1475 2930 41
1530 2865 1925 2952 triumphum
1984 2888 2063 2930 ex
2113 2864 2395 2951 Alpibus
2454 2865 2588 2952 egit
2628 2861 2759 2946 (Dio
2848 2945 2850 2948 Α

469 2973 809 3051 XLVIII,
867 2976 953 3060 4).
1049 2973 1364 3040 Secutum
1422 2974 1681 3039 tandem
1746 2984 1844 3040 est
1900 2984 2046 3060 post
2103 2973 2337 3038 multas
2399 2988 2761 3060 magnasque
2848 2967 2850 2986 ⁹

471 3083 908 3147 dissensiones
951 3082 1182 3147 foedus
1228 3082 1719 3158 Brundisinum,
1777 3082 1867 3147 ita
1909 3082 2121 3146 diviso
2165 3083 2435 3166 imperio
2482 3082 2760 3148 Romano,

469 3202 574 3268 ut,
617 3191 926 3276 quicquid
972 3214 1011 3253 a
1051 3189 1332 3266 Scodra,
1380 3189 1623 3272 Illyrici
1660 3189 1895 3274 oppido
1918 3237 1936 3266 ,
1978 3189 2058 3254 ad
2104 3191 2415 3256 orientem
2462 3189 2760 3275 spectaret,

472 3300 776 3375 Antoni0,
817 3297 1130 3383 quicquid
1169 3298 1252 3362 ad
1289 3297 1711 3374 occidentem,
1754 3295 2113 3362 Octaviano
2158 3297 2423 3364 Caesari
2467 3298 2758 3377 obtempe-
2848 3373 2850 3382 Ι

469 3419 670 3482 raret,
731 3407 918 3472 Italia
979 3429 1126 3472 cum
1169 3405 1381 3472 Gallia
1420 3403 1753 3493 Cisalpina
1810 3406 2151 3490 utriusque
2208 3416 2381 3470 esset
2438 3397 2755 3471 communis
2848 3385 2850 3414 ³

472 3515 634 3598 (Dio
671 3515 997 3593 XLVIII,
1035 3516 1148 3592 283
1191 3516 1359 3600 App.
1400 3514 1549 3579 bell.
1584 3515 1705 3580 civ.
1733 3515 1815 3589 V,
1860 3513 1992 3596 65).
2075 3512 2177 3577 Ita
2220 3510 2433 3577 Gallia
2470 3511 2752 3578 universa,
2848 3559 2850 3588 Ξ

470 3647 668 3709 quam
722 3621 965 3689 Caesar
1016 3624 1143 3690 iam
1198 3634 1386 3687 antea
1446 3622 1599 3687 belli
1658 3623 1958 3688 Perusini
2022 3621 2359 3686 occasione
2418 3641 2648 3706 magna
2696 3633 2757 3676 ex

473 3741 652 3816 parte
711 3742 997 3816 ceperat,
1059 3730 1126 3793 i'n
1185 3730 1324 3796 eius
1385 3742 1763 3816 potestatem
1814 3731 1991 3795 venit
2039 3729 2107 3793 in
2160 3752 2363 3814 eaque
2410 3721 2757 3814 permansit3

473 3861 618 3904 nam
665 3839 903 3904 bellum
949 3837 1326 3914 Actiacum,
1385 3861 1515 3922 quo
1568 3838 1792 3903 civiles
1846 3838 2301 3903 dissensiones·
2342 3838 2556 3902 finitae
2613 3836 2758 3899 sunt,

391 4015 394 4019 ,
473 3949 558 4013 ad
603 3946 720 4012 has
763 3947 1062 4032 regiones
1108 3967 1236 4009 non
1273 3946 1583 4031 pervenit.
1680 3944 1899 4026 Quare
1952 3968 2033 4010 ex
2092 3945 2215 4012 hoc
2272 3959 2555 4032 tempore
2594 3933 2759 4026 anlO

475 4054 709 4120 certior
751 4053 1228 4141 provinciarum
1268 4055 1430 4120 ratio
1470 4053 1713 4120 servari
1752 4064 1975 4138 coepta
2022 4064 2139 4131 est,
2186 4077 2351 4139 quae
2394 4064 2593 4126 antea,
2634 4062 2758 4108 0111ss

473 4162 644 4228 bella
676 4185 930 4248 semper
960 4162 1064 4229 vel
1088 4173 1465 4248 gererentur
1490 4163 1595 4227 vel
1621 4172 2127 4248 expectarentur,
2162 4165 2295 4228 fere
2322 4157 2757 4249 negligebatur·

475 4273 693 4356 Atque
749 4269 990 4338 Caesar
1041 4272 1338 4356 quidem,
1393 4281 1732 4357 postquam
1782 4292 2006 4356 pacem
2062 4293 2209 4336 cum
2255 4271 2355 4336 M.
2400 4265 2663 4335 Antonio
2696 4274 2755 4321 21⁰

474 4381 670 4466 paulo
713 4391 856 4467 post
893 4380 1086 4446 etiam
1132 4403 1279 4446 cum
1325 4377 1479 4445 SeX.
1519 4378 1830 4463 Pompeio
1874 4378 2261 4464 composuit,
2324 4401 2487 4444 anno
2528 4374 2603 4442 39
2640 4368 2754 4454 ipfle
