2917 5017
469 345 593 411 258
1127 346 1208 393 De
1251 344 1511 393 dictatoris
1554 342 1788 393 Caesaris
1832 342 2127 391 honoribus.

469 512 626 598 quid
653 510 996 598 improbat,
1035 509 1268 594 reliqui
1309 506 1551 571 tribuni
1597 505 1722 570 nisi
1750 504 1831 570 de
1858 505 2113 591 collegii
2143 503 2461 571 sententia
2486 524 2623 567 non
2650 522 2836 586 pos-

473 623 644 685 sunt.
724 620 829 685 De
873 615 1407 705 appellationibus
1453 636 1609 679 vero
1656 634 1761 677 res
1802 624 1902 677 est
1945 614 2367 698 apertissima.
2433 611 2843 695 Imperator

473 728 643 793 enim
702 727 828 793 nisi
884 724 1463 791 extraordinarium
1506 722 1611 786 ius
1668 720 1950 795 haberet,
2008 742 2261 807 semper
2308 742 2457 785 cum
2522 716 2841 783 tribunis

471 835 680 923 plebis
719 846 1159 921 cognosceret,
1203 830 1318 896 sed
1360 830 1567 894 solum
1604 851 1751 892 cum
1790 827 1870 892 iis
1910 850 2075 913 quos
2114 828 2183 893 in
2214 826 2567 892 consilium
2602 824 2841 889 advo-

475 955 704 1020 casset,
748 964 1060 1023 cognosse
1099 952 1290 1025 atque
1335 938 1499 1003 adeo
1520 936 1999 1022 ‘appellationes
2026 934 2308 1001 urbanas
2353 936 2442 999 ita
2471 934 2841 1021 praefecto

474 1051 623 1118 urbi
665 1052 1002 1134 delegasse
1047 1048 1286 1113 scimus
1335 1044 1551 1130 (Suet.
1590 1040 1740 1107 Oct.
1785 1042 1916 1125 33),
1968 1056 2040 1107 ut
2083 1066 2251 1108 nova
2295 1044 2375 1107 ad
2423 1044 2659 1129 ipsum
2712 1064 2842 1126 ap-

476 1159 737 1246 pellatio
781 1156 1261 1223 concederetur.
1329 1153 1556 1217 Unum
1597 1163 1809 1216 autem
1858 1163 2153 1237 superest
2190 1152 2259 1215 in
2282 1151 2525 1217 Dionis
2568 1148 2842 1225 verbis,

475 1290 642 1353 quae
689 1265 1050 1340 citavimus,
1103 1261 1278 1346 quod
1340 1259 1763 1345 explicatione
1819 1273 2025 1345 egeat,
2072 1259 2245 1345 quod
2300 1260 2383 1325 ad
2427 1260 2841 1324 universam

475 1377 880 1441 tribunorum
937 1370 1144 1459 plebis
1203 1368 1511 1433 rationem
1574 1368 1813 1432 rectius
1862 1368 2347 1455 intelligendam
2399 1368 2839 1453 aliquantum

477 1485 742 1549 confert.
825 1482 990 1547 Nam
1045 1478 1220 1564 quod
1275 1488 1371 1541 est
1431 1476 1464 1538 ὃ
1515 1477 1729 1559 μηδενὶ
1775 1480 1891 1539 τῶν
1946 1478 2427 1562 δημαρχούντων
2486 1476 2679 1559 ἐξῆν,
2730 1498 2841 1538 re-

475 1592 630 1657 ferri
675 1592 836 1655 solet
882 1590 1014 1653 huc
1054 1613 1092 1652 a
1130 1586 1286 1651 viris
1334 1584 1565 1660 doctis,
1605 1596 1678 1647 ut
1724 1581 1952 1648 ceteris
1998 1584 2275 1649 tribunis
2324 1596 2646 1650 censeant
2702 1606 2843 1647 non

475 1699 740 1763 licuisse
798 1696 1038 1761 auxilio
1095 1717 1238 1759 esse
1301 1694 1426 1758 nisi
1490 1692 1655 1755 intra
1699 1693 2120 1776 pomoerium,
2164 1693 2536 1777 imperatori
2599 1704 2845 1757 autem

480 1806 672 1872 etiam
729 1805 902 1870 mille
963 1826 1200 1890 passus
1259 1814 1437 1867 extra
1498 1800 1784 1876 licuisse,
1851 1824 2110 1886 unoque
2170 1802 2295 1866 hoc
2353 1800 2603 1865 Dionis
2688 1802 2845 1865 loco

478 1914 808 2001 praeclare
850 1914 964 1998 qui
1001 1912 1162 1977 fines
1207 1910 1615 1974 tribunorum
1655 1910 1990 1993 potestatis
2030 1910 2270 1974 fuerint
2312 1910 2601 1975 indicari
2632 1934 2845 1995 prae-

479 2023 713 2087 dicant.
809 2022 1099 2107 Egregia
1151 2018 1364 2084 hercle
1418 2018 1531 2081 illa
1597 2030 1732 2081 erat
1784 2016 2229 2102 imperatoriae
2288 2020 2647 2103 potestatis
2698 2043 2843 2084 am·

476 2129 802 2215 plifioatio,
849 2128 905 2193 si
948 2127 1121 2192 mille
1171 2148 1404 2212 passus
1450 2123 1911 2189 adficerentur!
1971 2128 2075 2190 Ac
2118 2148 2349 2191 rursus
2394 2127 2627 2192 tenuis
2682 2152 2842 2195 vere

478 2235 887 2302 tribunorum
928 2246 1235 2322 potestas,
1279 2234 1334 2299 si
1373 2256 1502 2298 non
1530 2233 1950 2317 egrederetur
1971 2235 2391 2318 pomoerium,
2423 2248 2625 2301 extra
2654 2238 2845 2323 quod

478 2346 757 2411 maxima
813 2367 964 2431 pars
1019 2344 1258 2408 civium
1305 2341 1781 2407 continentibus
1834 2343 2144 2409 aedificiis
2198 2344 2538 2411 habitabat
2600 2368 2697 2411 ac
2754 2358 2847 2411 tot

477 2454 772 2519 aedificia
815 2452 1076 2539 publica
1117 2451 1238 2515 sita
1282 2463 1480 2515 erant.
1547 2450 1753 2515 Immo
1800 2453 2085 2517 omnium
2116 2476 2367 2539 semper
2394 2454 2846 2520 tribunorum
2882 2476 2885 2490 ¹

478 2572 766 2648 potestas
813 2582 1020 2645 usque
1065 2558 1148 2621 ad
1193 2558 1365 2624 mille
1414 2559 1497 2625 ab
1540 2560 1869 2646 pomoerio
1898 2584 2130 2647 passus
2162 2561 2420 2649 patebat
2446 2562 2675 2648 idque
2714 2588 2847 2630 non

481 2668 757 2735 obscure
823 2667 1140 2755 significat
1197 2666 1430 2733 Livius
1496 2668 1621 2745 III,
1688 2668 1788 2733 20.
1878 2669 2241 2755 Dionysius
2304 2681 2529 2736 autem
2594 2673 2847 2760 Antiq.

479 2777 670 2854 VIII,
709 2776 811 2853 87,
856 2777 969 2862 qui
1012 2777 1371 2853 moenibus,
1418 2786 1482 2840 et
1509 2778 1852 2863 Appianus
1887 2778 2035 2843 bell.
2079 2780 2203 2843 civ.
2236 2780 2325 2856 Π,
2358 2780 2458 2857 31,
2506 2782 2639 2865 qui
2674 2784 2847 2849 urbe

481 2884 886 2951 tribunorum
944 2894 1322 2970 potestatem
1385 2884 1875 2963 circumscribit,
1936 2888 2057 2953 etsi
2103 2889 2317 2952 minus
2365 2903 2701 2957 accurate
2753 2894 2845 2957 lo·

483 3004 793 3079 quuntur,
847 2992 1124 3057 eundem
1176 3003 1387 3057 tamen
1447 2992 1621 3057 hunc
1678 2994 1851 3059 mille
1909 3017 2221 3081 passuum
2276 2998 2605 3065 ambitum
2659 3025 2847 3068 com-

481 3103 910 3189 prehendunt.
983 3101 1204 3183 Quare
1246 3101 1299 3163 si
1345 3100 1626 3164 Dionem
1668 3101 1750 3165 de
1791 3103 2198 3170 tribunorum
2241 3107 2447 3193 plebis
2493 3122 2849 3194 potestate

481 3212 812 3298 pomoerio
856 3210 1340 3295 circumscripta
1380 3210 1963 3298 imperatorumque
2004 3215 2145 3281 iure
2172 3240 2383 3303 usque
2410 3218 2493 3285 ad
2530 3223 2849 3307 primum

483 3318 768 3405 lapidem
810 3317 1052 3403 prolato
1081 3317 1298 3381 dicere
1335 3318 1728 3403 putabimus,
1766 3332 1827 3383 et
1861 3344 2007 3386 cum
2048 3324 2441 3412 reipublicae
2476 3329 2845 3399 Romanae

483 3428 732 3493 ratione
780 3437 844 3491 et
889 3447 1035 3490 cum
1083 3426 1412 3511 scriptoris
1449 3437 1669 3511 aperto
1697 3410 2063 3495 testimonio
2091 3435 2559 3521 pugnabimus,
2628 3441 2707 3505 N
2710 3466 2845 3507 unc

481 3558 734 3601 omnem
777 3558 912 3599 rem
957 3534 1025 3598 in
1069 3533 1266 3599 verbo
1313 3535 1563 3618 ἀμύνειν
1612 3538 1774 3600 verti
1818 3537 2279 3625 intelligimus:
2338 3544 2631 3612 tribunis
2702 3552 2876 3616 sin-2

483 3644 658 3731 gulis
695 3665 824 3709 non
861 3642 1099 3709 licebat
1141 3643 1231 3706 ita
1278 3642 1445 3707 ferre
1504 3644 1838 3722 auxilium,
1886 3658 1960 3711 ut
2009 3648 2245 3715 licebat
2280 3652 2699 3737 imperatori,
2746 3660 2841 3724 illi

483 3775 728 3817 moram
769 3749 1140 3826 afferebant,
1189 3750 1296 3815 hic
1328 3750 1569 3816 auxilio
1597 3753 1865 3819 ferendo
1900 3768 1963 3821 et
1994 3756 2454 3825 intercessione
2480 3765 2681 3845 quod
2716 3769 2839 3831 mi-

482 3884 606 3926 nus
665 3860 1034 3946 placuisset,
1092 3859 1374 3924 tollebat.
1482 3860 1787 3926 Diximus
1844 3863 1926 3927 de
1986 3863 2243 3929 duabus
2294 3865 2513 3943 rebus,
2571 3866 2874 3955 quibus

483 3980 640 4033 tunc
701 3968 1046 4033 tribunicia
1099 3968 1559 4055 imperatorum
1622 3980 1907 4056 potestas
1962 3985 2153 4038 aucta
2208 3987 2343 4052 est3
2400 3978 2665 4063 reliqua
2738 3998 2841 4050 est

482 4077 688 4153 tertia,
749 4099 944 4161 quam
996 4077 1124 4141 iam
1173 4077 1403 4142 leviter
1452 4078 1806 4163 tetigimus,
1862 4082 2038 4165 quod
2081 4083 2212 4147 Dio
2256 4084 2479 4149 datum
2530 4110 2695 4155 esse
2747 4096 2872 4159 ait:

480 4185 811 4271 Augusto,
877 4196 950 4250 ut
1018 4185 1086 4250 in
1152 4185 1452 4251 omnibus
1512 4186 1775 4252 iudiciis
1835 4191 2020 4273 quasi
2082 4192 2402 4257 calculum
2466 4164 2872 4267 Minerva?

481 4295 695 4359 ferret.
785 4294 867 4359 Id
922 4295 1114 4379 quale
1167 4294 1392 4371 fuerit,
1455 4317 1845 4381 magnopere
1904 4298 2271 4364 dubitatum
2330 4312 2447 4369 est.
2544 4306 2827 4375 Etenim

484 4403 590 4468 alii
629 4402 1027 4489 interpretati
1069 4412 1238 4479 sunt,
1279 4402 1334 4467 si
1371 4401 1640 4469 totidem
1673 4404 2078 4472 absolverent
2102 4420 2253 4493 quot
2283 4409 2823 4495 condemnarent,
2868 4362 2870 4464 i
