<?xml version="1.0" encoding="UTF-8"?>
<!DOCTYPE html PUBLIC "-//W3C//DTD XHTML 1.0 Transitional//EN"
    "http://www.w3.org/TR/xhtml1/DTD/xhtml1-transitional.dtd">
<html xmlns="http://www.w3.org/1999/xhtml" xml:lang="en" lang="en">
 <head>
  <title>
</title>
<meta http-equiv="Content-Type" content="text/html;charset=utf-8" />
  <meta name='ocr-system' content='tesseract 3.04.00' />
  <meta name='ocr-capabilities' content='ocr_page ocr_carea ocr_par ocr_line ocrx_word'/>
</head>
<body>
  <div class='ocr_page' id='page_1' title='image "augustiwilhelmi01unkngoog_0116.png"; bbox 0 0 2917 5017; ppageno 0'>
   <div class='ocr_carea' id='block_1_1' title="bbox 817 346 2457 416">
    <p class='ocr_par' dir='ltr' id='par_1_1' title="bbox 817 346 2457 416">
     <span class='ocr_line' id='line_1_1' title="bbox 817 346 2457 416; baseline 0.007 -20"><span class='ocrx_word' id='word_1_1' title='bbox 817 347 900 396; x_wconf 83' lang='lat' dir='ltr'><strong>De</strong></span> <span class='ocrx_word' id='word_1_2' title='bbox 937 346 1108 398; x_wconf 84' lang='lat' dir='ltr'><strong>Gallia</strong></span> <span class='ocrx_word' id='word_1_3' title='bbox 1135 347 1488 396; x_wconf 82' lang='lat' dir='ltr'><strong>Romanorum</strong></span> <span class='ocrx_word' id='word_1_4' title='bbox 1530 349 1807 412; x_wconf 78' lang='lat' dir='ltr'><strong>provincia.</strong></span> <span class='ocrx_word' id='word_1_5' title='bbox 2342 350 2457 416; x_wconf 85' lang='lat'><strong>101</strong></span> 
     </span>
    </p>
   </div>
   <div class='ocr_carea' id='block_1_2' title="bbox 155 511 2463 4490">
    <p class='ocr_par' dir='ltr' id='par_1_2' title="bbox 155 511 2463 4490">
     <span class='ocr_line' id='line_1_2' title="bbox 189 511 2461 599; baseline 0.004 -23"><span class='ocrx_word' id='word_1_6' title='bbox 189 513 364 598; x_wconf 89' lang='lat' dir='ltr'><strong>operis</strong></span> <span class='ocrx_word' id='word_1_7' title='bbox 399 511 608 589; x_wconf 86' lang='lat' dir='ltr'><strong>habet,</strong></span> <span class='ocrx_word' id='word_1_8' title='bbox 653 535 732 577; x_wconf 85' lang='lat' dir='ltr'><strong>ex</strong></span> <span class='ocrx_word' id='word_1_9' title='bbox 778 513 1110 599; x_wconf 80' lang='lat' dir='ltr'><strong>Agrippae</strong></span> <span class='ocrx_word' id='word_1_10' title='bbox 1153 513 1625 579; x_wconf 88' lang='lat' dir='ltr'><strong>commentariis</strong></span> <span class='ocrx_word' id='word_1_11' title='bbox 1666 515 1867 598; x_wconf 88' lang='lat' dir='ltr'><strong>petita</strong></span> <span class='ocrx_word' id='word_1_12' title='bbox 1912 537 2054 580; x_wconf 88' lang='lat' dir='ltr'><strong>esse</strong></span> <span class='ocrx_word' id='word_1_13' title='bbox 2097 516 2461 584; x_wconf 86' lang='lat' dir='ltr'><strong>existimare</strong></span> 
     </span>
     <span class='ocr_line' id='line_1_3' title="bbox 189 620 2461 710; baseline 0.003 -26"><span class='ocrx_word' id='word_1_14' title='bbox 189 642 396 704; x_wconf 88' lang='lat' dir='ltr'><strong>nosque</strong></span> <span class='ocrx_word' id='word_1_15' title='bbox 442 620 566 705; x_wconf 89' lang='lat' dir='ltr'><strong>ipsi</strong></span> <span class='ocrx_word' id='word_1_16' title='bbox 620 643 765 685; x_wconf 92' lang='lat' dir='ltr'><strong>cum</strong></span> <span class='ocrx_word' id='word_1_17' title='bbox 813 622 894 685; x_wconf 92' lang='lat' dir='ltr'><strong>de</strong></span> <span class='ocrx_word' id='word_1_18' title='bbox 949 622 1218 687; x_wconf 89' lang='lat' dir='ltr'><strong>coloniis</strong></span> <span class='ocrx_word' id='word_1_19' title='bbox 1261 623 1694 687; x_wconf 84' lang='lat' dir='ltr'><strong>Romanorum</strong></span> <span class='ocrx_word' id='word_1_20' title='bbox 1737 622 2121 688; x_wconf 88' lang='lat' dir='ltr'><strong>militaribus</strong></span> <span class='ocrx_word' id='word_1_21' title='bbox 2166 625 2461 710; x_wconf 88' lang='lat' dir='ltr'><strong>disputa-</strong></span> 
     </span>
     <span class='ocr_line' id='line_1_4' title="bbox 188 727 2461 816; baseline 0.002 -24"><span class='ocrx_word' id='word_1_22' title='bbox 188 751 384 804; x_wconf 88' lang='lat' dir='ltr'><strong>remus,</strong></span> <span class='ocrx_word' id='word_1_23' title='bbox 425 727 576 792; x_wconf 90' lang='lat' dir='ltr'><strong>hinc</strong></span> <span class='ocrx_word' id='word_1_24' title='bbox 611 729 1020 814; x_wconf 87' lang='lat' dir='ltr'><strong>potissimum</strong></span> <span class='ocrx_word' id='word_1_25' title='bbox 1063 752 1228 814; x_wconf 89' lang='lat' dir='ltr'><strong>quae</strong></span> <span class='ocrx_word' id='word_1_26' title='bbox 1275 730 1587 815; x_wconf 80' lang='lat' dir='ltr'><strong>Augusti,</strong></span> <span class='ocrx_word' id='word_1_27' title='bbox 1632 753 1797 814; x_wconf 89' lang='lat' dir='ltr'><strong>quae</strong></span> <span class='ocrx_word' id='word_1_28' title='bbox 1839 731 2235 816; x_wconf 90' lang='lat' dir='ltr'><strong>reliquorum</strong></span> <span class='ocrx_word' id='word_1_29' title='bbox 2277 733 2461 798; x_wconf 90' lang='lat' dir='ltr'><strong>dein-</strong></span> 
     </span>
     <span class='ocr_line' id='line_1_5' title="bbox 187 835 2461 927; baseline 0.002 -25"><span class='ocrx_word' id='word_1_30' title='bbox 187 859 310 921; x_wconf 82' lang='lat' dir='ltr'><strong>ceps</strong></span> <span class='ocrx_word' id='word_1_31' title='bbox 356 835 807 920; x_wconf 89' lang='lat' dir='ltr'><strong>imperatorum</strong></span> <span class='ocrx_word' id='word_1_32' title='bbox 857 839 1142 904; x_wconf 89' lang='lat' dir='ltr'><strong>coloniae</strong></span> <span class='ocrx_word' id='word_1_33' title='bbox 1203 850 1448 916; x_wconf 86' lang='lat' dir='ltr'><strong>essent,</strong></span> <span class='ocrx_word' id='word_1_34' title='bbox 1513 838 2037 924; x_wconf 88' lang='lat' dir='ltr'><strong>cognoscendum</strong></span> <span class='ocrx_word' id='word_1_35' title='bbox 2091 863 2233 906; x_wconf 87' lang='lat' dir='ltr'><strong>esse</strong></span> <span class='ocrx_word' id='word_1_36' title='bbox 2274 853 2461 927; x_wconf 87' lang='lat' dir='ltr'><strong>puta-</strong></span> 
     </span>
     <span class='ocr_line' id='line_1_6' title="bbox 185 942 2461 1035; baseline 0.003 -27"><span class='ocrx_word' id='word_1_37' title='bbox 185 945 381 1008; x_wconf 88' lang='lat' dir='ltr'><strong>vimus.</strong></span> <span class='ocrx_word' id='word_1_38' title='bbox 462 942 648 1024; x_wconf 85' lang='lat' dir='ltr'><strong>Quae</strong></span> <span class='ocrx_word' id='word_1_39' title='bbox 691 966 840 1010; x_wconf 86' lang='lat' dir='ltr'><strong>cum</strong></span> <span class='ocrx_word' id='word_1_40' title='bbox 885 947 976 1011; x_wconf 87' lang='lat' dir='ltr'><strong>ita</strong></span> <span class='ocrx_word' id='word_1_41' title='bbox 1014 947 1160 1023; x_wconf 90' lang='lat' dir='ltr'><strong>sint,</strong></span> <span class='ocrx_word' id='word_1_42' title='bbox 1208 957 1272 1011; x_wconf 92' lang='lat' dir='ltr'><strong>et</strong></span> <span class='ocrx_word' id='word_1_43' title='bbox 1311 946 1801 1032; x_wconf 74' lang='lat' dir='ltr'><strong>quadruplicem</strong></span> <span class='ocrx_word' id='word_1_44' title='bbox 1842 947 2037 1024; x_wconf 89' lang='lat' dir='ltr'><strong>illam,</strong></span> <span class='ocrx_word' id='word_1_45' title='bbox 2077 970 2239 1031; x_wconf 90' lang='lat' dir='ltr'><strong>quae</strong></span> <span class='ocrx_word' id='word_1_46' title='bbox 2285 951 2461 1035; x_wconf 90' lang='lat' dir='ltr'><strong>apud</strong></span> 
     </span>
     <span class='ocr_line' id='line_1_7' title="bbox 180 1051 2461 1141; baseline 0.002 -24"><span class='ocrx_word' id='word_1_47' title='bbox 180 1052 426 1117; x_wconf 88' lang='lat' dir='ltr'><strong>Plinium</strong></span> <span class='ocrx_word' id='word_1_48' title='bbox 477 1052 824 1136; x_wconf 87' lang='lat' dir='ltr'><strong>reperitur,</strong></span> <span class='ocrx_word' id='word_1_49' title='bbox 881 1051 1132 1118; x_wconf 89' lang='lat' dir='ltr'><strong>Galliac</strong></span> <span class='ocrx_word' id='word_1_50' title='bbox 1191 1055 1579 1120; x_wconf 84' lang='lat' dir='ltr'><strong>divisionem</strong></span> <span class='ocrx_word' id='word_1_51' title='bbox 1628 1055 1711 1120; x_wconf 88' lang='lat' dir='ltr'><strong>ab</strong></span> <span class='ocrx_word' id='word_1_52' title='bbox 1754 1051 2065 1140; x_wconf 86' lang='lat' dir='ltr'><strong>Augusto</strong></span> <span class='ocrx_word' id='word_1_53' title='bbox 2107 1057 2461 1141; x_wconf 84' lang='lat' dir='ltr'><strong>profectam</strong></span> 
     </span>
     <span class='ocr_line' id='line_1_8' title="bbox 179 1160 2463 1248; baseline 0.002 -24"><span class='ocrx_word' id='word_1_54' title='bbox 179 1183 296 1224; x_wconf 88' lang='lat' dir='ltr'><strong>esse</strong></span> <span class='ocrx_word' id='word_1_55' title='bbox 342 1160 772 1246; x_wconf 83' lang='lat' dir='ltr'><strong>intelligemus</strong></span> <span class='ocrx_word' id='word_1_56' title='bbox 831 1183 951 1226; x_wconf 92' lang='lat' dir='ltr'><strong>nec</strong></span> <span class='ocrx_word' id='word_1_57' title='bbox 1007 1174 1362 1228; x_wconf 79' lang='lat' dir='ltr'><strong>statuemus</strong></span> <span class='ocrx_word' id='word_1_58' title='bbox 1415 1186 1547 1226; x_wconf 90' lang='lat' dir='ltr'><strong>non</strong></span> <span class='ocrx_word' id='word_1_59' title='bbox 1602 1162 1889 1248; x_wconf 87' lang='lat' dir='ltr'><strong>potuisse</strong></span> <span class='ocrx_word' id='word_1_60' title='bbox 1947 1163 2121 1240; x_wconf 88' lang='lat' dir='ltr'><strong>fieri,</strong></span> <span class='ocrx_word' id='word_1_61' title='bbox 2187 1174 2261 1228; x_wconf 92' lang='lat' dir='ltr'><strong>ut</strong></span> <span class='ocrx_word' id='word_1_62' title='bbox 2319 1165 2463 1248; x_wconf 88' lang='lat' dir='ltr'><strong>ipsa</strong></span> 
     </span>
     <span class='ocr_line' id='line_1_9' title="bbox 174 1267 2461 1355; baseline 0.003 -25"><span class='ocrx_word' id='word_1_63' title='bbox 174 1267 338 1332; x_wconf 87' lang='lat' dir='ltr'><strong>Plinii</strong></span> <span class='ocrx_word' id='word_1_64' title='bbox 389 1277 594 1332; x_wconf 91' lang='lat' dir='ltr'><strong>aetate</strong></span> <span class='ocrx_word' id='word_1_65' title='bbox 649 1269 833 1333; x_wconf 87' lang='lat' dir='ltr'><strong>aliter</strong></span> <span class='ocrx_word' id='word_1_66' title='bbox 873 1269 1088 1335; x_wconf 81' lang='lat' dir='ltr'><strong>Gallia</strong></span> <span class='ocrx_word' id='word_1_67' title='bbox 1137 1270 1348 1336; x_wconf 86' lang='lat' dir='ltr'><strong>divisa</strong></span> <span class='ocrx_word' id='word_1_68' title='bbox 1401 1271 1613 1336; x_wconf 87' lang='lat' dir='ltr'><strong>fuerit.</strong></span> <span class='ocrx_word' id='word_1_69' title='bbox 1697 1270 1853 1355; x_wconf 89' lang='lat' dir='ltr'><strong>Ipsa</strong></span> <span class='ocrx_word' id='word_1_70' title='bbox 1910 1281 2122 1336; x_wconf 84' lang='lat' dir='ltr'><strong>tamen</strong></span> <span class='ocrx_word' id='word_1_71' title='bbox 2162 1271 2461 1338; x_wconf 76' lang='lat' dir='ltr'><strong>Pliniana</strong></span> 
     </span>
     <span class='ocr_line' id='line_1_10' title="bbox 175 1375 2459 1462; baseline 0.004 -24"><span class='ocrx_word' id='word_1_72' title='bbox 175 1375 376 1439; x_wconf 88' lang='lat' dir='ltr'><strong>divisio</strong></span> <span class='ocrx_word' id='word_1_73' title='bbox 435 1375 651 1440; x_wconf 85' lang='lat' dir='ltr'><strong>differt</strong></span> <span class='ocrx_word' id='word_1_74' title='bbox 704 1379 1038 1462; x_wconf 88' lang='lat' dir='ltr'><strong>paululum</strong></span> <span class='ocrx_word' id='word_1_75' title='bbox 1090 1379 1171 1443; x_wconf 91' lang='lat' dir='ltr'><strong>ab</strong></span> <span class='ocrx_word' id='word_1_76' title='bbox 1223 1376 1667 1442; x_wconf 87' lang='lat' dir='ltr'><strong>Straboniana.</strong></span> <span class='ocrx_word' id='word_1_77' title='bbox 1750 1377 1899 1442; x_wconf 90' lang='lat' dir='ltr'><strong>Non</strong></span> <span class='ocrx_word' id='word_1_78' title='bbox 1946 1379 2459 1446; x_wconf 81' lang='lat' dir='ltr'><strong>commemorabo</strong></span> 
     </span>
     <span class='ocr_line' id='line_1_11' title="bbox 172 1484 2459 1572; baseline 0.003 -26"><span class='ocrx_word' id='word_1_79' title='bbox 172 1484 301 1559; x_wconf 85' lang='lat' dir='ltr'><strong>alia,</strong></span> <span class='ocrx_word' id='word_1_80' title='bbox 351 1484 465 1548; x_wconf 91' lang='lat' dir='ltr'><strong>sed</strong></span> <span class='ocrx_word' id='word_1_81' title='bbox 523 1485 866 1550; x_wconf 81' lang='lat' dir='ltr'><strong>consistam</strong></span> <span class='ocrx_word' id='word_1_82' title='bbox 906 1487 974 1549; x_wconf 93' lang='lat' dir='ltr'><strong>in</strong></span> <span class='ocrx_word' id='word_1_83' title='bbox 1019 1507 1128 1564; x_wconf 91' lang='lat' dir='ltr'><strong>eo,</strong></span> <span class='ocrx_word' id='word_1_84' title='bbox 1184 1487 1360 1572; x_wconf 92' lang='lat' dir='ltr'><strong>quod</strong></span> <span class='ocrx_word' id='word_1_85' title='bbox 1407 1495 1471 1550; x_wconf 92' lang='lat' dir='ltr'><strong>et</strong></span> <span class='ocrx_word' id='word_1_86' title='bbox 1508 1487 1925 1572; x_wconf 87' lang='lat' dir='ltr'><strong>praecipuum</strong></span> <span class='ocrx_word' id='word_1_87' title='bbox 1968 1498 2068 1552; x_wconf 86' lang='lat' dir='ltr'><strong>est</strong></span> <span class='ocrx_word' id='word_1_88' title='bbox 2106 1498 2171 1552; x_wconf 91' lang='lat' dir='ltr'><strong>et</strong></span> <span class='ocrx_word' id='word_1_89' title='bbox 2206 1489 2335 1553; x_wconf 91' lang='lat' dir='ltr'><strong>iam</strong></span> <span class='ocrx_word' id='word_1_90' title='bbox 2376 1488 2459 1553; x_wconf 86' lang='lat' dir='ltr'><strong>ab</strong></span> 
     </span>
     <span class='ocr_line' id='line_1_12' title="bbox 169 1591 2461 1673; baseline 0.003 -19"><span class='ocrx_word' id='word_1_91' title='bbox 169 1591 286 1656; x_wconf 82' lang='lat' dir='ltr'><strong>aliis</strong></span> <span class='ocrx_word' id='word_1_92' title='bbox 324 1592 478 1655; x_wconf 86' lang='lat' dir='ltr'><strong>viris</strong></span> <span class='ocrx_word' id='word_1_93' title='bbox 521 1591 728 1657; x_wconf 88' lang='lat' dir='ltr'><strong>doctis</strong></span> <span class='ocrx_word' id='word_1_94' title='bbox 769 1595 1310 1660; x_wconf 87' lang='lat' dir='ltr'><strong>animadversum.</strong></span> <span class='ocrx_word' id='word_1_95' title='bbox 1381 1594 1641 1659; x_wconf 88' lang='lat' dir='ltr'><strong>Etenim</strong></span> <span class='ocrx_word' id='word_1_96' title='bbox 1676 1595 1961 1660; x_wconf 88' lang='lat' dir='ltr'><strong>Helvetii</strong></span> <span class='ocrx_word' id='word_1_97' title='bbox 1999 1596 2081 1661; x_wconf 93' lang='lat' dir='ltr'><strong>ab</strong></span> <span class='ocrx_word' id='word_1_98' title='bbox 2122 1594 2461 1673; x_wconf 84' lang='lat' dir='ltr'><strong>Strabone,</strong></span> 
     </span>
     <span class='ocr_line' id='line_1_13' title="bbox 171 1699 2461 1789; baseline 0.003 -27"><span class='ocrx_word' id='word_1_99' title='bbox 171 1702 260 1783; x_wconf 91' lang='lat' dir='ltr'><strong>qui</strong></span> <span class='ocrx_word' id='word_1_100' title='bbox 301 1699 662 1785; x_wconf 87' lang='lat' dir='ltr'><strong>superiores</strong></span> <span class='ocrx_word' id='word_1_101' title='bbox 707 1701 918 1766; x_wconf 87' lang='lat' dir='ltr'><strong>Rheni</strong></span> <span class='ocrx_word' id='word_1_102' title='bbox 963 1714 1026 1768; x_wconf 91' lang='lat' dir='ltr'><strong>et</strong></span> <span class='ocrx_word' id='word_1_103' title='bbox 1069 1703 1370 1768; x_wconf 87' lang='lat' dir='ltr'><strong>Rhodani</strong></span> <span class='ocrx_word' id='word_1_104' title='bbox 1414 1712 1631 1788; x_wconf 89' lang='lat' dir='ltr'><strong>partes</strong></span> <span class='ocrx_word' id='word_1_105' title='bbox 1674 1703 1758 1766; x_wconf 85' lang='lat' dir='ltr'><strong>ad</strong></span> <span class='ocrx_word' id='word_1_106' title='bbox 1805 1701 2209 1788; x_wconf 89' lang='lat' dir='ltr'><strong>Lugdunum</strong></span> <span class='ocrx_word' id='word_1_107' title='bbox 2262 1705 2461 1789; x_wconf 89' lang='lat' dir='ltr'><strong>perti-</strong></span> 
     </span>
     <span class='ocr_line' id='line_1_14' title="bbox 167 1808 2461 1896; baseline 0.002 -25"><span class='ocrx_word' id='word_1_108' title='bbox 167 1831 293 1873; x_wconf 89' lang='lat' dir='ltr'><strong>nere</strong></span> <span class='ocrx_word' id='word_1_109' title='bbox 330 1808 528 1884; x_wconf 87' lang='lat' dir='ltr'><strong>dicat,</strong></span> <span class='ocrx_word' id='word_1_110' title='bbox 567 1809 743 1874; x_wconf 91' lang='lat' dir='ltr'><strong>haud</strong></span> <span class='ocrx_word' id='word_1_111' title='bbox 777 1809 974 1876; x_wconf 90' lang='lat' dir='ltr'><strong>dubie</strong></span> <span class='ocrx_word' id='word_1_112' title='bbox 1000 1811 1437 1896; x_wconf 86' lang='lat' dir='ltr'><strong>Lugdunensi</strong></span> <span class='ocrx_word' id='word_1_113' title='bbox 1466 1810 1717 1874; x_wconf 89' lang='lat' dir='ltr'><strong>Galliae</strong></span> <span class='ocrx_word' id='word_1_114' title='bbox 1758 1811 2148 1888; x_wconf 89' lang='lat' dir='ltr'><strong>tribuuntur,</strong></span> <span class='ocrx_word' id='word_1_115' title='bbox 2188 1837 2228 1876; x_wconf 92' lang='lat' dir='ltr'><strong>a</strong></span> <span class='ocrx_word' id='word_1_116' title='bbox 2248 1812 2461 1877; x_wconf 87' lang='lat' dir='ltr'><strong>Plinio</strong></span> 
     </span>
     <span class='ocr_line' id='line_1_15' title="bbox 168 1917 2460 2004; baseline 0.002 -25"><span class='ocrx_word' id='word_1_117' title='bbox 168 1917 264 1992; x_wconf 94' lang='lat' dir='ltr'><strong>IV,</strong></span> <span class='ocrx_word' id='word_1_118' title='bbox 310 1918 402 1994; x_wconf 77' lang='lat'><strong>17,</strong></span> <span class='ocrx_word' id='word_1_119' title='bbox 443 1917 548 1990; x_wconf 78' lang='lat'><strong>31,</strong></span> <span class='ocrx_word' id='word_1_120' title='bbox 593 1917 705 2002; x_wconf 91' lang='lat' dir='ltr'><strong>qui</strong></span> <span class='ocrx_word' id='word_1_121' title='bbox 745 1918 1036 2003; x_wconf 86' lang='lat' dir='ltr'><strong>singulos</strong></span> <span class='ocrx_word' id='word_1_122' title='bbox 1073 1929 1376 2003; x_wconf 88' lang='lat' dir='ltr'><strong>quattuor</strong></span> <span class='ocrx_word' id='word_1_123' title='bbox 1409 1919 1886 2004; x_wconf 86' lang='lat' dir='ltr'><strong>provinciarum</strong></span> <span class='ocrx_word' id='word_1_124' title='bbox 1926 1919 2196 2004; x_wconf 88' lang='lat' dir='ltr'><strong>populos</strong></span> <span class='ocrx_word' id='word_1_125' title='bbox 2236 1942 2460 1984; x_wconf 90' lang='lat' dir='ltr'><strong>recen-</strong></span> 
     </span>
     <span class='ocr_line' id='line_1_16' title="bbox 167 2026 2460 2112; baseline 0.001 -24"><span class='ocrx_word' id='word_1_126' title='bbox 167 2035 262 2100; x_wconf 86' lang='lat' dir='ltr'><strong>set,</strong></span> <span class='ocrx_word' id='word_1_127' title='bbox 299 2027 364 2089; x_wconf 89' lang='lat' dir='ltr'><strong>in</strong></span> <span class='ocrx_word' id='word_1_128' title='bbox 388 2026 662 2110; x_wconf 85' lang='lat' dir='ltr'><strong>Belgica</strong></span> <span class='ocrx_word' id='word_1_129' title='bbox 703 2027 1120 2103; x_wconf 86' lang='lat' dir='ltr'><strong>collocantur,</strong></span> <span class='ocrx_word' id='word_1_130' title='bbox 1163 2049 1364 2111; x_wconf 89' lang='lat' dir='ltr'><strong>eaque</strong></span> <span class='ocrx_word' id='word_1_131' title='bbox 1393 2026 1836 2111; x_wconf 83' lang='lat' dir='ltr'><strong>&#39;discrepantia</strong></span> <span class='ocrx_word' id='word_1_132' title='bbox 1872 2049 1948 2091; x_wconf 92' lang='lat' dir='ltr'><strong>eo</strong></span> <span class='ocrx_word' id='word_1_133' title='bbox 1988 2037 2087 2092; x_wconf 89' lang='lat' dir='ltr'><strong>est</strong></span> <span class='ocrx_word' id='word_1_134' title='bbox 2120 2027 2460 2112; x_wconf 89' lang='lat' dir='ltr'><strong>insignior,</strong></span> 
     </span>
     <span class='ocr_line' id='line_1_17' title="bbox 165 2132 2461 2220; baseline 0.001 -24"><span class='ocrx_word' id='word_1_135' title='bbox 165 2134 312 2216; x_wconf 91' lang='lat' dir='ltr'><strong>quod</strong></span> <span class='ocrx_word' id='word_1_136' title='bbox 363 2145 426 2198; x_wconf 89' lang='lat' dir='ltr'><strong>et</strong></span> <span class='ocrx_word' id='word_1_137' title='bbox 473 2132 860 2200; x_wconf 85' lang='lat' dir='ltr'><strong>Strabonem</strong></span> <span class='ocrx_word' id='word_1_138' title='bbox 903 2135 1208 2220; x_wconf 84' lang='lat' dir='ltr'><strong>Augusto</strong></span> <span class='ocrx_word' id='word_1_139' title='bbox 1251 2136 1603 2220; x_wconf 85' lang='lat' dir='ltr'><strong>imperante</strong></span> <span class='ocrx_word' id='word_1_140' title='bbox 1648 2135 1889 2199; x_wconf 82' lang='lat' dir='ltr'><strong>vixisse</strong></span> <span class='ocrx_word' id='word_1_141' title='bbox 1930 2144 2176 2199; x_wconf 87' lang='lat' dir='ltr'><strong>constat</strong></span> <span class='ocrx_word' id='word_1_142' title='bbox 2220 2147 2283 2198; x_wconf 89' lang='lat' dir='ltr'><strong>et</strong></span> <span class='ocrx_word' id='word_1_143' title='bbox 2324 2135 2461 2199; x_wconf 89' lang='lat' dir='ltr'><strong>Pli-</strong></span> 
     </span>
     <span class='ocr_line' id='line_1_18' title="bbox 162 2242 2459 2329; baseline 0.002 -25"><span class='ocrx_word' id='word_1_144' title='bbox 162 2242 315 2306; x_wconf 89' lang='lat' dir='ltr'><strong>nium</strong></span> <span class='ocrx_word' id='word_1_145' title='bbox 352 2265 427 2308; x_wconf 87' lang='lat' dir='ltr'><strong>ea</strong></span> <span class='ocrx_word' id='word_1_146' title='bbox 462 2266 633 2328; x_wconf 90' lang='lat' dir='ltr'><strong>quae</strong></span> <span class='ocrx_word' id='word_1_147' title='bbox 669 2243 846 2328; x_wconf 89' lang='lat' dir='ltr'><strong>apud</strong></span> <span class='ocrx_word' id='word_1_148' title='bbox 869 2244 1230 2329; x_wconf 86' lang='lat' dir='ltr'><strong>Agrippam</strong></span> <span class='ocrx_word' id='word_1_149' title='bbox 1259 2244 1665 2327; x_wconf 90' lang='lat' dir='ltr'><strong>eundemque</strong></span> <span class='ocrx_word' id='word_1_150' title='bbox 1692 2244 2071 2329; x_wconf 87' lang='lat' dir='ltr'><strong>Augustum</strong></span> <span class='ocrx_word' id='word_1_151' title='bbox 2108 2245 2459 2322; x_wconf 88' lang='lat' dir='ltr'><strong>invenerat,</strong></span> 
     </span>
     <span class='ocr_line' id='line_1_19' title="bbox 162 2351 2459 2438; baseline 0.001 -25"><span class='ocrx_word' id='word_1_152' title='bbox 162 2351 433 2416; x_wconf 85' lang='lat' dir='ltr'><strong>retulisse</strong></span> <span class='ocrx_word' id='word_1_153' title='bbox 479 2351 852 2416; x_wconf 83' lang='lat' dir='ltr'><strong>didicimus.</strong></span> <span class='ocrx_word' id='word_1_154' title='bbox 944 2351 1112 2416; x_wconf 90' lang='lat' dir='ltr'><strong>Uter</strong></span> <span class='ocrx_word' id='word_1_155' title='bbox 1152 2351 1354 2436; x_wconf 89' lang='lat' dir='ltr'><strong>igitur</strong></span> <span class='ocrx_word' id='word_1_156' title='bbox 1395 2353 1635 2416; x_wconf 88' lang='lat' dir='ltr'><strong>rectius</strong></span> <span class='ocrx_word' id='word_1_157' title='bbox 1679 2352 1991 2416; x_wconf 84' lang='lat' dir='ltr'><strong>tradidit?</strong></span> <span class='ocrx_word' id='word_1_158' title='bbox 2050 2354 2269 2438; x_wconf 84' lang='lat' dir='ltr'><strong>Atque</strong></span> <span class='ocrx_word' id='word_1_159' title='bbox 2308 2353 2459 2416; x_wconf 90' lang='lat' dir='ltr'><strong>olim</strong></span> 
     </span>
     <span class='ocr_line' id='line_1_20' title="bbox 162 2456 2461 2545; baseline 0.002 -24"><span class='ocrx_word' id='word_1_160' title='bbox 162 2458 396 2541; x_wconf 88' lang='lat' dir='ltr'><strong>quidem</strong></span> <span class='ocrx_word' id='word_1_161' title='bbox 455 2456 796 2526; x_wconf 84' lang='lat' dir='ltr'><strong>Strabonis</strong></span> <span class='ocrx_word' id='word_1_162' title='bbox 860 2459 1206 2524; x_wconf 84' lang='lat' dir='ltr'><strong>auctoritas</strong></span> <span class='ocrx_word' id='word_1_163' title='bbox 1263 2460 1573 2544; x_wconf 84' lang='lat' dir='ltr'><strong>praeferri</strong></span> <span class='ocrx_word' id='word_1_164' title='bbox 1631 2460 1909 2536; x_wconf 85' lang='lat' dir='ltr'><strong>solebat,</strong></span> <span class='ocrx_word' id='word_1_165' title='bbox 1980 2471 2043 2524; x_wconf 90' lang='lat' dir='ltr'><strong>et</strong></span> <span class='ocrx_word' id='word_1_166' title='bbox 2098 2461 2274 2545; x_wconf 88' lang='lat' dir='ltr'><strong>quod</strong></span> <span class='ocrx_word' id='word_1_167' title='bbox 2338 2460 2461 2525; x_wconf 90' lang='lat' dir='ltr'><strong>sub</strong></span> 
     </span>
     <span class='ocr_line' id='line_1_21' title="bbox 160 2565 2458 2654; baseline 0.002 -26"><span class='ocrx_word' id='word_1_168' title='bbox 160 2565 276 2650; x_wconf 87' lang='lat' dir='ltr'><strong>ipso</strong></span> <span class='ocrx_word' id='word_1_169' title='bbox 323 2567 636 2652; x_wconf 82' lang='lat' dir='ltr'><strong>Augusto</strong></span> <span class='ocrx_word' id='word_1_170' title='bbox 693 2569 962 2632; x_wconf 83' lang='lat' dir='ltr'><strong>vixisset</strong></span> <span class='ocrx_word' id='word_1_171' title='bbox 1017 2589 1311 2651; x_wconf 85' lang='lat' dir='ltr'><strong>quaeque</strong></span> <span class='ocrx_word' id='word_1_172' title='bbox 1367 2566 1729 2633; x_wconf 87' lang='lat' dir='ltr'><strong>Galliarum</strong></span> <span class='ocrx_word' id='word_1_173' title='bbox 1790 2567 2159 2654; x_wconf 86' lang='lat' dir='ltr'><strong>provinciae</strong></span> <span class='ocrx_word' id='word_1_174' title='bbox 2221 2580 2458 2644; x_wconf 89' lang='lat' dir='ltr'><strong>essent,</strong></span> 
     </span>
     <span class='ocr_line' id='line_1_22' title="bbox 162 2673 2461 2762; baseline 0.002 -27"><span class='ocrx_word' id='word_1_175' title='bbox 162 2673 272 2758; x_wconf 86' lang='lat' dir='ltr'><strong>ipse</strong></span> <span class='ocrx_word' id='word_1_176' title='bbox 311 2697 709 2762; x_wconf 86' lang='lat' dir='ltr'><strong>cognoscere</strong></span> <span class='ocrx_word' id='word_1_177' title='bbox 749 2676 1094 2761; x_wconf 86' lang='lat' dir='ltr'><strong>potuisset,</strong></span> <span class='ocrx_word' id='word_1_178' title='bbox 1149 2685 1212 2740; x_wconf 91' lang='lat' dir='ltr'><strong>et</strong></span> <span class='ocrx_word' id='word_1_179' title='bbox 1258 2676 1434 2760; x_wconf 91' lang='lat' dir='ltr'><strong>quod</strong></span> <span class='ocrx_word' id='word_1_180' title='bbox 1484 2677 1550 2740; x_wconf 93' lang='lat' dir='ltr'><strong>in</strong></span> <span class='ocrx_word' id='word_1_181' title='bbox 1597 2675 1927 2741; x_wconf 89' lang='lat' dir='ltr'><strong>dictatoris</strong></span> <span class='ocrx_word' id='word_1_182' title='bbox 1974 2673 2271 2740; x_wconf 86' lang='lat' dir='ltr'><strong>Caesaris</strong></span> <span class='ocrx_word' id='word_1_183' title='bbox 2317 2675 2461 2740; x_wconf 89' lang='lat' dir='ltr'><strong>Au-</strong></span> 
     </span>
     <span class='ocr_line' id='line_1_23' title="bbox 171 2782 2461 2870; baseline 0.001 -24"><span class='ocrx_word' id='word_1_184' title='bbox 171 2783 438 2868; x_wconf 80' lang='lat' dir='ltr'><strong>gustique</strong></span> <span class='ocrx_word' id='word_1_185' title='bbox 517 2783 829 2848; x_wconf 89' lang='lat' dir='ltr'><strong>institutis</strong></span> <span class='ocrx_word' id='word_1_186' title='bbox 889 2783 1248 2848; x_wconf 87' lang='lat' dir='ltr'><strong>referendis</strong></span> <span class='ocrx_word' id='word_1_187' title='bbox 1311 2807 1609 2870; x_wconf 83' lang='lat' dir='ltr'><strong>magnam</strong></span> <span class='ocrx_word' id='word_1_188' title='bbox 1677 2782 1997 2869; x_wconf 89' lang='lat' dir='ltr'><strong>quandam</strong></span> <span class='ocrx_word' id='word_1_189' title='bbox 2062 2783 2461 2870; x_wconf 88' lang='lat' dir='ltr'><strong>diligentiam</strong></span> 
     </span>
     <span class='ocr_line' id='line_1_24' title="bbox 177 2890 2459 2977; baseline 0.004 -27"><span class='ocrx_word' id='word_1_190' title='bbox 177 2892 536 2956; x_wconf 81' lang='lat' dir='ltr'><strong>ostenderet:</strong></span> <span class='ocrx_word' id='word_1_191' title='bbox 599 2915 774 2956; x_wconf 90' lang='lat' dir='ltr'><strong>nunc</strong></span> <span class='ocrx_word' id='word_1_192' title='bbox 813 2890 894 2956; x_wconf 90' lang='lat' dir='ltr'><strong>ab</strong></span> <span class='ocrx_word' id='word_1_193' title='bbox 939 2891 1255 2956; x_wconf 88' lang='lat' dir='ltr'><strong>Fechtero</strong></span> <span class='ocrx_word' id='word_1_194' title='bbox 1294 2892 1885 2977; x_wconf 88' lang='lat' dir='ltr'><strong>Mommsenioque,</strong></span> <span class='ocrx_word' id='word_1_195' title='bbox 1940 2913 2213 2975; x_wconf 90' lang='lat' dir='ltr'><strong>quorum</strong></span> <span class='ocrx_word' id='word_1_196' title='bbox 2256 2892 2459 2958; x_wconf 89' lang='lat' dir='ltr'><strong>libros</strong></span> 
     </span>
     <span class='ocr_line' id='line_1_25' title="bbox 167 2997 2459 3085; baseline 0.003 -25"><span class='ocrx_word' id='word_1_197' title='bbox 167 3021 326 3082; x_wconf 87' lang='lat' dir='ltr'><strong>supra</strong></span> <span class='ocrx_word' id='word_1_198' title='bbox 389 2998 740 3064; x_wconf 85' lang='lat' dir='ltr'><strong>citavimus</strong></span> <span class='ocrx_word' id='word_1_199' title='bbox 760 3045 776 3074; x_wconf 94' lang='lat'>‚</span> <span class='ocrx_word' id='word_1_200' title='bbox 845 2999 1154 3084; x_wconf 88' lang='lat' dir='ltr'><strong>probatus</strong></span> <span class='ocrx_word' id='word_1_201' title='bbox 1221 3011 1320 3064; x_wconf 88' lang='lat' dir='ltr'><strong>est</strong></span> <span class='ocrx_word' id='word_1_202' title='bbox 1381 3000 1629 3065; x_wconf 88' lang='lat' dir='ltr'><strong>Plinius</strong></span> <span class='ocrx_word' id='word_1_203' title='bbox 1652 3047 1670 3076; x_wconf 92' lang='lat'><strong>,</strong></span> <span class='ocrx_word' id='word_1_204' title='bbox 1740 3008 2140 3085; x_wconf 89' lang='lat' dir='ltr'><strong>contemptus</strong></span> <span class='ocrx_word' id='word_1_205' title='bbox 2204 2997 2459 3076; x_wconf 85' lang='lat' dir='ltr'><strong>Strab0‚</strong></span> 
     </span>
     <span class='ocr_line' id='line_1_26' title="bbox 157 3105 2461 3194; baseline 0.001 -25"><span class='ocrx_word' id='word_1_206' title='bbox 157 3128 321 3190; x_wconf 86' lang='lat' dir='ltr'><strong>quem</strong></span> <span class='ocrx_word' id='word_1_207' title='bbox 363 3120 428 3172; x_wconf 90' lang='lat' dir='ltr'><strong>et</strong></span> <span class='ocrx_word' id='word_1_208' title='bbox 469 3106 954 3193; x_wconf 84' lang='lat' dir='ltr'><strong>provinciarum</strong></span> <span class='ocrx_word' id='word_1_209' title='bbox 998 3107 1381 3173; x_wconf 85' lang='lat' dir='ltr'><strong>divisionem</strong></span> <span class='ocrx_word' id='word_1_210' title='bbox 1427 3131 1657 3194; x_wconf 89' lang='lat' dir='ltr'><strong>parum</strong></span> <span class='ocrx_word' id='word_1_211' title='bbox 1704 3131 1967 3173; x_wconf 85' lang='lat' dir='ltr'><strong>curasse</strong></span> <span class='ocrx_word' id='word_1_212' title='bbox 2013 3119 2075 3172; x_wconf 90' lang='lat' dir='ltr'><strong>et</strong></span> <span class='ocrx_word' id='word_1_213' title='bbox 2116 3105 2317 3172; x_wconf 90' lang='lat' dir='ltr'><strong>multa</strong></span> <span class='ocrx_word' id='word_1_214' title='bbox 2358 3108 2461 3171; x_wconf 87' lang='lat' dir='ltr'><strong>vel</strong></span> 
     </span>
     <span class='ocr_line' id='line_1_27' title="bbox 157 3213 2458 3301; baseline 0.002 -25"><span class='ocrx_word' id='word_1_215' title='bbox 157 3215 540 3280; x_wconf 88' lang='lat' dir='ltr'><strong>confusionis</strong></span> <span class='ocrx_word' id='word_1_216' title='bbox 572 3214 676 3279; x_wconf 85' lang='lat' dir='ltr'><strong>vel</strong></span> <span class='ocrx_word' id='word_1_217' title='bbox 705 3215 1138 3300; x_wconf 86' lang='lat' dir='ltr'><strong>negligentiae</strong></span> <span class='ocrx_word' id='word_1_218' title='bbox 1166 3217 1551 3282; x_wconf 87' lang='lat' dir='ltr'><strong>documenta</strong></span> <span class='ocrx_word' id='word_1_219' title='bbox 1576 3215 1861 3280; x_wconf 82' lang='lat' dir='ltr'><strong>edidisse</strong></span> <span class='ocrx_word' id='word_1_220' title='bbox 1892 3215 2198 3280; x_wconf 89' lang='lat' dir='ltr'><strong>dicerent.</strong></span> <span class='ocrx_word' id='word_1_221' title='bbox 2252 3213 2458 3301; x_wconf 84' lang='lat' dir='ltr'><strong>Equi-</strong></span> 
     </span>
     <span class='ocr_line' id='line_1_28' title="bbox 155 3321 2459 3409; baseline 0.001 -24"><span class='ocrx_word' id='word_1_222' title='bbox 155 3321 279 3386; x_wconf 88' lang='lat' dir='ltr'><strong>dem</strong></span> <span class='ocrx_word' id='word_1_223' title='bbox 327 3347 498 3408; x_wconf 87' lang='lat' dir='ltr'><strong>quae</strong></span> <span class='ocrx_word' id='word_1_224' title='bbox 542 3324 864 3408; x_wconf 87' lang='lat' dir='ltr'><strong>utrimque</strong></span> <span class='ocrx_word' id='word_1_225' title='bbox 907 3323 1265 3389; x_wconf 85' lang='lat' dir='ltr'><strong>afferuntur</strong></span> <span class='ocrx_word' id='word_1_226' title='bbox 1309 3335 1621 3409; x_wconf 89' lang='lat' dir='ltr'><strong>quantum</strong></span> <span class='ocrx_word' id='word_1_227' title='bbox 1665 3324 1920 3388; x_wconf 85' lang='lat' dir='ltr'><strong>valeant</strong></span> <span class='ocrx_word' id='word_1_228' title='bbox 1964 3345 2111 3388; x_wconf 90' lang='lat' dir='ltr'><strong>cum</strong></span> <span class='ocrx_word' id='word_1_229' title='bbox 2157 3347 2285 3389; x_wconf 89' lang='lat' dir='ltr'><strong>non</strong></span> <span class='ocrx_word' id='word_1_230' title='bbox 2324 3324 2459 3388; x_wconf 87' lang='lat' dir='ltr'><strong>dis-</strong></span> 
     </span>
     <span class='ocr_line' id='line_1_29' title="bbox 159 3430 2459 3517; baseline 0.003 -26"><span class='ocrx_word' id='word_1_231' title='bbox 159 3430 451 3508; x_wconf 89' lang='lat' dir='ltr'><strong>simulem,</strong></span> <span class='ocrx_word' id='word_1_232' title='bbox 493 3430 782 3495; x_wconf 88' lang='lat' dir='ltr'><strong>animum</strong></span> <span class='ocrx_word' id='word_1_233' title='bbox 821 3443 1032 3498; x_wconf 88' lang='lat' dir='ltr'><strong>tamen</strong></span> <span class='ocrx_word' id='word_1_234' title='bbox 1067 3433 1376 3498; x_wconf 88' lang='lat' dir='ltr'><strong>inducere</strong></span> <span class='ocrx_word' id='word_1_235' title='bbox 1419 3454 1548 3496; x_wconf 91' lang='lat' dir='ltr'><strong>non</strong></span> <span class='ocrx_word' id='word_1_236' title='bbox 1589 3454 1879 3517; x_wconf 80' lang='lat' dir='ltr'><strong>possum,</strong></span> <span class='ocrx_word' id='word_1_237' title='bbox 1919 3443 1993 3497; x_wconf 90' lang='lat' dir='ltr'><strong>ut</strong></span> <span class='ocrx_word' id='word_1_238' title='bbox 2018 3443 2129 3498; x_wconf 89' lang='lat' dir='ltr'><strong>aut</strong></span> <span class='ocrx_word' id='word_1_239' title='bbox 2151 3431 2459 3508; x_wconf 90' lang='lat' dir='ltr'><strong>Plinium,</strong></span> 
     </span>
     <span class='ocr_line' id='line_1_30' title="bbox 158 3538 2459 3626; baseline 0.001 -25"><span class='ocrx_word' id='word_1_240' title='bbox 158 3539 245 3620; x_wconf 88' lang='lat' dir='ltr'><strong>qui</strong></span> <span class='ocrx_word' id='word_1_241' title='bbox 283 3540 350 3603; x_wconf 89' lang='lat' dir='ltr'><strong>in</strong></span> <span class='ocrx_word' id='word_1_242' title='bbox 395 3538 912 3606; x_wconf 86' lang='lat' dir='ltr'><strong>transcribendis</strong></span> <span class='ocrx_word' id='word_1_243' title='bbox 935 3540 1268 3625; x_wconf 88' lang='lat' dir='ltr'><strong>Agrippae</strong></span> <span class='ocrx_word' id='word_1_244' title='bbox 1313 3539 1787 3605; x_wconf 88' lang='lat' dir='ltr'><strong>commentariis</strong></span> <span class='ocrx_word' id='word_1_245' title='bbox 1832 3540 1942 3603; x_wconf 85' lang='lat' dir='ltr'><strong>vix</strong></span> <span class='ocrx_word' id='word_1_246' title='bbox 1975 3563 2185 3605; x_wconf 88' lang='lat' dir='ltr'><strong>errare</strong></span> <span class='ocrx_word' id='word_1_247' title='bbox 2228 3541 2459 3626; x_wconf 89' lang='lat' dir='ltr'><strong>potuit,</strong></span> 
     </span>
     <span class='ocr_line' id='line_1_31' title="bbox 166 3645 2460 3733; baseline 0.003 -26"><span class='ocrx_word' id='word_1_248' title='bbox 166 3667 428 3730; x_wconf 86' lang='lat' dir='ltr'><strong>spernam</strong></span> <span class='ocrx_word' id='word_1_249' title='bbox 477 3658 594 3712; x_wconf 90' lang='lat' dir='ltr'><strong>aut</strong></span> <span class='ocrx_word' id='word_1_250' title='bbox 638 3647 1055 3724; x_wconf 86' lang='lat' dir='ltr'><strong>Strabonem,</strong></span> <span class='ocrx_word' id='word_1_251' title='bbox 1111 3649 1406 3733; x_wconf 86' lang='lat' dir='ltr'><strong>quamvis</strong></span> <span class='ocrx_word' id='word_1_252' title='bbox 1451 3649 1519 3712; x_wconf 92' lang='lat' dir='ltr'><strong>in</strong></span> <span class='ocrx_word' id='word_1_253' title='bbox 1563 3645 1955 3733; x_wconf 88' lang='lat' dir='ltr'><strong>quibusdam</strong></span> <span class='ocrx_word' id='word_1_254' title='bbox 2002 3649 2213 3712; x_wconf 86' lang='lat' dir='ltr'><strong>minus</strong></span> <span class='ocrx_word' id='word_1_255' title='bbox 2265 3671 2460 3713; x_wconf 87' lang='lat' dir='ltr'><strong>accu-</strong></span> 
     </span>
     <span class='ocr_line' id='line_1_32' title="bbox 171 3754 2459 3840; baseline 0.003 -24"><span class='ocrx_word' id='word_1_256' title='bbox 171 3765 306 3820; x_wconf 78' lang='lat' dir='ltr'><strong>ratus</strong></span> <span class='ocrx_word' id='word_1_257' title='bbox 371 3757 490 3832; x_wconf 88' lang='lat' dir='ltr'><strong>sit,</strong></span> <span class='ocrx_word' id='word_1_258' title='bbox 553 3778 659 3832; x_wconf 90' lang='lat' dir='ltr'><strong>ea,</strong></span> <span class='ocrx_word' id='word_1_259' title='bbox 714 3777 879 3840; x_wconf 90' lang='lat' dir='ltr'><strong>quae</strong></span> <span class='ocrx_word' id='word_1_260' title='bbox 933 3766 1258 3840; x_wconf 89' lang='lat' dir='ltr'><strong>tamquam</strong></span> <span class='ocrx_word' id='word_1_261' title='bbox 1317 3767 1493 3822; x_wconf 88' lang='lat' dir='ltr'><strong>certa</strong></span> <span class='ocrx_word' id='word_1_262' title='bbox 1542 3754 1839 3831; x_wconf 88' lang='lat' dir='ltr'><strong>tradidit,</strong></span> <span class='ocrx_word' id='word_1_263' title='bbox 1899 3755 2063 3821; x_wconf 84' lang='lat' dir='ltr'><strong>falso</strong></span> <span class='ocrx_word' id='word_1_264' title='bbox 2115 3756 2459 3823; x_wconf 87' lang='lat' dir='ltr'><strong>tradidisse</strong></span> 
     </span>
     <span class='ocr_line' id='line_1_33' title="bbox 162 3861 2461 3948; baseline 0.002 -24"><span class='ocrx_word' id='word_1_265' title='bbox 162 3861 516 3928; x_wconf 84' lang='lat' dir='ltr'><strong>existimem.</strong></span> <span class='ocrx_word' id='word_1_266' title='bbox 577 3863 910 3948; x_wconf 91' lang='lat' dir='ltr'><strong>Numquid</strong></span> <span class='ocrx_word' id='word_1_267' title='bbox 952 3864 1122 3929; x_wconf 91' lang='lat' dir='ltr'><strong>enim</strong></span> <span class='ocrx_word' id='word_1_268' title='bbox 1163 3887 1430 3930; x_wconf 87' lang='lat' dir='ltr'><strong>necesse</strong></span> <span class='ocrx_word' id='word_1_269' title='bbox 1457 3875 1555 3930; x_wconf 84' lang='lat' dir='ltr'><strong>est</strong></span> <span class='ocrx_word' id='word_1_270' title='bbox 1585 3863 1890 3928; x_wconf 87' lang='lat' dir='ltr'><strong>alteruter</strong></span> <span class='ocrx_word' id='word_1_271' title='bbox 1915 3863 2240 3948; x_wconf 80' lang='lat' dir='ltr'><strong>peccarit?</strong></span> <span class='ocrx_word' id='word_1_272' title='bbox 2298 3863 2461 3929; x_wconf 89' lang='lat' dir='ltr'><strong>Tam</strong></span> 
     </span>
     <span class='ocr_line' id='line_1_34' title="bbox 157 3969 2461 4062; baseline 0.003 -32"><span class='ocrx_word' id='word_1_273' title='bbox 157 3969 326 4054; x_wconf 85' lang='lat' dir='ltr'><strong>longa</strong></span> <span class='ocrx_word' id='word_1_274' title='bbox 373 3982 556 4036; x_wconf 88' lang='lat' dir='ltr'><strong>certe</strong></span> <span class='ocrx_word' id='word_1_275' title='bbox 599 3971 724 4035; x_wconf 89' lang='lat' dir='ltr'><strong>fuit</strong></span> <span class='ocrx_word' id='word_1_276' title='bbox 747 3971 1038 4057; x_wconf 88' lang='lat' dir='ltr'><strong>Augusti</strong></span> <span class='ocrx_word' id='word_1_277' title='bbox 1078 3972 1446 4048; x_wconf 85' lang='lat' dir='ltr'><strong>dominatio,</strong></span> <span class='ocrx_word' id='word_1_278' title='bbox 1487 3982 1560 4036; x_wconf 85' lang='lat' dir='ltr'><strong>ut</strong></span> <span class='ocrx_word' id='word_1_279' title='bbox 1588 3969 1837 4036; x_wconf 87' lang='lat' dir='ltr'><strong>Galliae</strong></span> <span class='ocrx_word' id='word_1_280' title='bbox 1870 3970 2236 4056; x_wconf 88' lang='lat' dir='ltr'><strong>provincias</strong></span> <span class='ocrx_word' id='word_1_281' title='bbox 2274 3972 2461 4062; x_wconf 88' lang='lat' dir='ltr'><strong>initio</strong></span> 
     </span>
     <span class='ocr_line' id='line_1_35' title="bbox 157 4076 2460 4165; baseline 0.002 -26"><span class='ocrx_word' id='word_1_282' title='bbox 157 4077 274 4142; x_wconf 85' lang='lat' dir='ltr'><strong>eius</strong></span> <span class='ocrx_word' id='word_1_283' title='bbox 319 4079 482 4144; x_wconf 84' lang='lat' dir='ltr'><strong>alias</strong></span> <span class='ocrx_word' id='word_1_284' title='bbox 499 4125 518 4154; x_wconf 90' lang='lat'><strong>,</strong></span> <span class='ocrx_word' id='word_1_285' title='bbox 574 4079 730 4144; x_wconf 89' lang='lat' dir='ltr'><strong>alias</strong></span> <span class='ocrx_word' id='word_1_286' title='bbox 791 4077 857 4142; x_wconf 89' lang='lat' dir='ltr'><strong>in</strong></span> <span class='ocrx_word' id='word_1_287' title='bbox 911 4080 1089 4144; x_wconf 86' lang='lat' dir='ltr'><strong>exitu</strong></span> <span class='ocrx_word' id='word_1_288' title='bbox 1143 4081 1368 4146; x_wconf 76' lang='lat' dir='ltr'><strong>fuisse‘</strong></span> <span class='ocrx_word' id='word_1_289' title='bbox 1405 4101 1808 4165; x_wconf 89' lang='lat' dir='ltr'><strong>nequaquam</strong></span> <span class='ocrx_word' id='word_1_290' title='bbox 1856 4076 1936 4143; x_wconf 89' lang='lat' dir='ltr'><strong>ab</strong></span> <span class='ocrx_word' id='word_1_291' title='bbox 1983 4078 2119 4142; x_wconf 86' lang='lat' dir='ltr'><strong>veri</strong></span> <span class='ocrx_word' id='word_1_292' title='bbox 2163 4077 2460 4144; x_wconf 87' lang='lat' dir='ltr'><strong>similitu·-</strong></span> 
     </span>
     <span class='ocr_line' id='line_1_36' title="bbox 159 4183 2461 4274; baseline 0.003 -29"><span class='ocrx_word' id='word_1_293' title='bbox 159 4183 288 4250; x_wconf 86' lang='lat' dir='ltr'><strong>dine</strong></span> <span class='ocrx_word' id='word_1_294' title='bbox 327 4185 708 4263; x_wconf 85' lang='lat' dir='ltr'><strong>abhorreat,</strong></span> <span class='ocrx_word' id='word_1_295' title='bbox 770 4187 983 4252; x_wconf 89' lang='lat' dir='ltr'><strong>attulit</strong></span> <span class='ocrx_word' id='word_1_296' title='bbox 1025 4187 1214 4253; x_wconf 88' lang='lat' dir='ltr'><strong>etiam</strong></span> <span class='ocrx_word' id='word_1_297' title='bbox 1234 4235 1250 4264; x_wconf 95' lang='lat'><strong>,</strong></span> <span class='ocrx_word' id='word_1_298' title='bbox 1299 4210 1449 4253; x_wconf 91' lang='lat' dir='ltr'><strong>cum</strong></span> <span class='ocrx_word' id='word_1_299' title='bbox 1492 4196 1801 4274; x_wconf 87' lang='lat' dir='ltr'><strong>perpetua</strong></span> <span class='ocrx_word' id='word_1_300' title='bbox 1850 4208 1997 4251; x_wconf 92' lang='lat' dir='ltr'><strong>cum</strong></span> <span class='ocrx_word' id='word_1_301' title='bbox 2039 4186 2267 4251; x_wconf 86' lang='lat' dir='ltr'><strong>vicinis</strong></span> <span class='ocrx_word' id='word_1_302' title='bbox 2311 4187 2461 4252; x_wconf 88' lang='lat' dir='ltr'><strong>bar-</strong></span> 
     </span>
     <span class='ocr_line' id='line_1_37' title="bbox 157 4290 2458 4380; baseline 0.001 -26"><span class='ocrx_word' id='word_1_303' title='bbox 157 4290 306 4358; x_wconf 89' lang='lat' dir='ltr'><strong>baris</strong></span> <span class='ocrx_word' id='word_1_304' title='bbox 367 4294 550 4360; x_wconf 87' lang='lat' dir='ltr'><strong>bella</strong></span> <span class='ocrx_word' id='word_1_305' title='bbox 610 4305 1023 4380; x_wconf 86' lang='lat' dir='ltr'><strong>gererentur,</strong></span> <span class='ocrx_word' id='word_1_306' title='bbox 1093 4317 1202 4360; x_wconf 87' lang='lat' dir='ltr'><strong>eas</strong></span> <span class='ocrx_word' id='word_1_307' title='bbox 1263 4294 1747 4361; x_wconf 86' lang='lat' dir='ltr'><strong>vicissitudines</strong></span> <span class='ocrx_word' id='word_1_308' title='bbox 1766 4341 1784 4371; x_wconf 92' lang='lat'><strong>,</strong></span> <span class='ocrx_word' id='word_1_309' title='bbox 1848 4304 1924 4358; x_wconf 91' lang='lat' dir='ltr'><strong>ut</strong></span> <span class='ocrx_word' id='word_1_310' title='bbox 1984 4316 2177 4359; x_wconf 86' lang='lat' dir='ltr'><strong>causa</strong></span> <span class='ocrx_word' id='word_1_311' title='bbox 2235 4293 2458 4358; x_wconf 87' lang='lat' dir='ltr'><strong>finium</strong></span> 
     </span>
     <span class='ocr_line' id='line_1_38' title="bbox 160 4401 2459 4490; baseline 0 -26"><span class='ocrx_word' id='word_1_312' title='bbox 160 4403 600 4468; x_wconf 87' lang='lat' dir='ltr'><strong>mutandorum</strong></span> <span class='ocrx_word' id='word_1_313' title='bbox 647 4403 834 4469; x_wconf 89' lang='lat' dir='ltr'><strong>facile</strong></span> <span class='ocrx_word' id='word_1_314' title='bbox 875 4403 1083 4490; x_wconf 88' lang='lat' dir='ltr'><strong>possit</strong></span> <span class='ocrx_word' id='word_1_315' title='bbox 1123 4403 1408 4490; x_wconf 88' lang='lat' dir='ltr'><strong>reperiri.</strong></span> <span class='ocrx_word' id='word_1_316' title='bbox 1498 4401 1799 4488; x_wconf 88' lang='lat' dir='ltr'><strong>Denique</strong></span> <span class='ocrx_word' id='word_1_317' title='bbox 1836 4403 2161 4489; x_wconf 86' lang='lat' dir='ltr'><strong>quandam</strong></span> <span class='ocrx_word' id='word_1_318' title='bbox 2196 4401 2459 4488; x_wconf 89' lang='lat' dir='ltr'><strong>provin-</strong></span> 
     </span>
    </p>
   </div>
  </div>
 </body>
</html>
