2917 5017
425 306 509 372 72
1075 309 1155 356 De
1200 306 1371 356 Gallia
1404 308 1755 355 Romanorum
1807 306 2079 369 provincia.

426 484 573 538 ante
628 468 861 537 Cretae
918 472 1275 537 adiectione
1336 468 1816 550 multorumque
1882 466 2301 532 barbarorum
2360 464 2628 551 populoi
2641 485 2790 555 um·
2887 480 2889 517 ἓ

426 581 793 645 accessione
848 581 932 645 ad
996 592 1235 646 tantam
1290 574 1800 661 magnitudinem
1847 576 2190 650 crevisset,
2251 586 2327 637 ut
2373 594 2504 637 non
2559 569 2754 637 facile
2887 566 2889 569 ⁴

424 688 508 753 ab
554 710 686 753 uno
728 688 1003 774 amplius
1047 687 1188 773 regi
1227 708 1413 771 posse
1450 683 1810 760 videret-ur,
1871 683 2048 758 tulit,
2109 692 2182 745 ut
2218 679 2556 764 Illyricum
2605 678 2758 739 Ma-

427 796 731 861 cedoniae
798 798 1163 881 ademptum
1222 794 1307 859 ad
1366 790 1644 857 Galliam
1702 788 2098 879 Cisalpinam
2174 789 2552 862 adderetur,
2626 808 2762 869 qua

426 926 495 967 re
556 916 619 967 et
676 926 943 989 magnas
1003 904 1175 967 vires
1232 923 1437 965 novae
1494 900 1862 985 provinciae
1923 898 2154 963 adiecit
2215 909 2278 961 et
2335 918 2446 989 eos
2501 893 2760 957 vicinos

430 1010 743 1088 exhibuit,
784 1011 1023 1095 quibus
1069 1010 1410 1075 domandis
1440 1006 1703 1084 Caesar,
1744 1009 1798 1072 si
1838 1007 1995 1071 nihil
2039 1028 2076 1069 a
2118 1004 2328 1070 Gallis
2367 1012 2760 1077 moveretur,

429 1118 825 1203 triumphum
870 1142 946 1183 ac
992 1119 1264 1205 gloriam
1307 1117 1431 1182 sibi
1477 1130 1892 1202 compararet.

606 1225 1019 1311 Quamquam
1057 1249 1185 1291 non
1231 1228 1437 1291 minor
1479 1224 1746 1289 mutatio
1791 1245 1984 1306 quam
2033 1224 2100 1286 in
2145 1220 2360 1286 Gallia
2403 1216 2764 1303 Cisalpina,

428 1334 845 1419 suscipienda
888 1346 1025 1399 erat
1075 1336 1142 1398 in
1199 1335 1345 1421 ipsa
1381 1334 1590 1399 Italia.
1682 1332 2008 1417 Adempta
2065 1331 2234 1395 enim
2287 1328 2442 1393 huic
2503 1339 2642 1391 erat
2687 1350 2767 1391 ea

428 1466 613 1528 pars,
665 1466 829 1527 quae
875 1466 1005 1506 una
1059 1444 1333 1507 maxime
1378 1464 1600 1505 curam
1643 1440 2045 1525 imperatoris
2099 1438 2484 1524 postularet,
2538 1435 2768 1499 relicta

437 1574 531 1627 ea,
576 1574 741 1635 quae
787 1550 865 1615 ab
899 1551 1181 1629 omnium
1221 1551 1502 1615 hostium
1547 1550 1790 1633 impetu
1837 1560 1975 1611 tuta
2021 1558 2083 1611 et
2121 1546 2536 1634 pacatissima
2577 1558 2640 1607 et
2683 1566 2768 1607 ex

431 1658 629 1743 longo
682 1671 967 1744 tempore
1024 1659 1371 1723 constituta
1428 1657 1608 1721 nulla
1657 1679 1867 1733 arma,
1931 1657 2180 1720 nullum
2235 1654 2593 1719 exercitum
2653 1664 2770 1717 aut

430 1768 875 1853 imperatorem
916 1767 1332 1831 desideraret.
1396 1763 1728 1849 Sequitur,
1771 1778 1842 1829 ut
1885 1788 1960 1829 ea
2002 1786 2128 1828 non
2167 1763 2444 1847 amplius
2479 1763 2772 1848 potuerit

434 1898 581 1940 esse
608 1876 965 1939 consularis
991 1875 1337 1960 provincia.
1381 1874 1608 1958 Neque
1631 1896 1914 1957 unquam
1941 1884 2166 1957 postea
2190 1872 2450 1937 invenio
2485 1872 2773 1937 alterum

434 2006 515 2047 ex
560 1982 931 2046 consulibus
976 1983 1064 2045 ita
1106 1983 1173 2045 in
1220 1982 1406 2048 Italia
1450 1981 1799 2056 mansisse,
1850 1994 1924 2044 ut.
1965 2002 2093 2043 non
2139 1980 2330 2045 aliam
2371 1979 2598 2044 deinde
2639 2002 2772 2041 ex-

429 2100 679 2153 ternam
704 2089 1101 2173 provinciam
1134 2090 1489 2166 sortiretur,
1511 2090 1554 2152 i.
1584 2112 1638 2151 e.
1674 2088 1834 2152 nulli
1871 2089 2019 2163 iam,
2065 2099 2140 2151 ut
2168 2088 2496 2173 superiore
2528 2098 2772 2163 aetate,

433 2196 682 2262 Italiam
723 2197 1121 2281 provinciam
1172 2197 1486 2261 evenisse.
1584 2194 1721 2259 Sed
1766 2196 1820 2259 si
1878 2195 2134 2261 hocfita
2181 2209 2280 2260 est
2337 2197 2574 2280 (atque
2623 2218 2770 2259 esse

429 2304 520 2369 ita
563 2306 730 2369 infra
756 2304 1411 2387 demonstrabimus),
1457 2303 1782 2387 quomodo
1823 2304 1952 2368 iam
1972 2304 2160 2368 Italia
2202 2303 2572 2389 regebatur,
2621 2304 2758 2387 quis

435 2434 749 2477 summam
812 2413 879 2475 in
946 2436 1019 2477 ea
1078 2412 1357 2478 habebat
1413 2412 1836 2497 potestatem?
1927 2411 2086 2476 Tria
2140 2413 2416 2476 maxime
2489 2412 2766 2495 cogitari

433 2531 726 2605 possunt,
766 2531 878 2583 aut
926 2542 1058 2595 eOS,
1094 2521 1206 2604 qui
1252 2520 1596 2604 quotannis
1645 2519 1946 2583 consules
1990 2532 2226 2596 essent,
2267 2520 2336 2583 in
2380 2520 2774 2603 magistratu

436 2650 556 2693 suo
600 2628 737 2691 sine
778 2627 1068 2691 exercitu
1109 2627 1359 2691 Italiam
1413 2627 1658 2691 rexisse
1680 2674 1698 2702 ,
1751 2640 1862 2691 aut
1919 2628 2304 2713 praetoriam
2358 2649 2499 2693 eam
2562 2627 2777 2692 fuisse

432 2733 857 2821 provinciam,
926 2757 1117 2818 quam
1180 2757 1261 2799 ex
1318 2735 1724 2820 praetoribus
1789 2734 2022 2819 aliquis
2091 2747 2316 2800 exacto
2381 2735 2776 2821 magistratu

435 2841 804 2918 sortiretur,
858 2856 972 2907 aut
1025 2842 1302 2927 denique
1344 2855 1708 2928 praetorem
1761 2842 2038 2928 aliquem
2084 2844 2149 2906 in
2194 2844 2338 2929 ipso
2373 2843 2776 2928 magistratu

434 2950 657 3017 Italiae
696 2973 916 3015 curam
969 2951 1295 3017 habuisse.
1390 2951 1534 3015 Non
1583 2974 1926 3037 possumus
1971 2972 2088 3016 nos
2134 2952 2398 3036 quidem
2442 2956 2767 3039 propriam

430 3058 553 3123 hoc
596 3058 738 3123 loco
782 3059 1279 3145 disputationem
1333 3058 1415 3123 de
1457 3059 1647 3123 Italia
1698 3060 2032 3123 instituere
2089 3062 2278 3138 (nam
2321 3060 2573 3125 Galliae
2619 3085 2772 3147 pro-

435 3166 685 3230 vinciae
728 3166 997 3231 historia
1040 3167 1226 3232 nobis
1275 3168 1606 3252 proposita
1648 3172 1797 3245 est),
1853 3168 1968 3231 sed
2011 3180 2222 3233 tamen
2267 3170 2392 3234 hoc
2439 3169 2767 3245 videmus,

434 3286 583 3359 post
624 3285 920 3337 exactum
964 3274 1435 3359 magistratum,
1477 3297 1626 3338 cum
1671 3275 1990 3340 exercitus
2031 3298 2108 3340 ac
2131 3300 2374 3341 novum
2413 3278 2774 3363 imperium

432 3380 727 3457 dabatur,
774 3404 895 3445 nec
937 3381 1315 3447 consulibus
1358 3405 1480 3447 nec
1522 3383 1922 3467 praetoribus
1963 3384 2127 3447 tradi
2178 3386 2464 3470 potuisse
2490 3386 2770 3463 Italiam,

430 3489 743 3553 inermem
804 3511 1069 3574 prorsus
1124 3501 1315 3575 atque
1366 3492 1575 3555 omnis
1630 3489 1782 3554 belli
1820 3502 2148 3577 expertem
2201 3494 2627 3577 provinciam:
2683 3497 2762 3559 'si

434 3608 650 3663 aut-em
691 3608 1058 3683 praetorum
1102 3610 1165 3663 et
1206 3600 1548 3671 consulum
1593 3598 1768 3683 optio
1809 3599 2016 3671 detur,
2063 3600 2256 3685 longe
2309 3602 2770 3685 praeferendos

438 3728 585 3771 esse
645 3706 803 3781 hos,
870 3707 983 3791 qui
1040 3728 1186 3771 cum
1250 3708 1502 3771 senatui
1552 3708 2028 3792 praesiderent,
2087 3708 2400 3793 aptissimi
2463 3710 2774 3775 videntur

436 3813 641 3877 fuisse
684 3813 766 3877 ad
810 3835 949 3877 eam
997 3814 1329 3899 regionem
1382 3815 1906 3900 gubernandam,
1968 3838 2134 3900 quae
2191 3818 2569 3903 provinciali
2621 3819 2770 3885 iure

413 3921 709 3987 ,liberata
744 3920 811 3985 in
864 3932 1125 3985 senatus
1168 3923 1355 4006 quasi
1392 3923 1600 4007 ipsius
1651 3934 1966 4008 potestate
2015 3924 2512 4009 relinquebatur.
2587 3924 2771 3994 Cen-

440 4050 657 4093 semus
715 4028 917 4113 igitur
969 4030 1300 4106 consules,
1376 4030 1536 4095 dum
1589 4032 1970 4117 magistratu
2030 4033 2426 4118 funguntur,
2495 4038 2770 4104 eosdem

437 4136 681 4201 rexisse
724 4136 1010 4213 Italiam,
1072 4160 1271 4221 quare
1326 4139 1407 4204 ab
1457 4138 1583 4205 hoc
1631 4150 1916 4225 tempore
1977 4164 2102 4204 non
2159 4143 2435 4227 amplius
2489 4144 2558 4207 in
2611 4146 2768 4231 ipso

439 4245 812 4309 consulatus
868 4268 1066 4320 ann0,
1135 4246 1251 4311 sed
1312 4269 1387 4310 eo
1448 4246 1712 4312 demum
1766 4259 1990 4313 exacto
2043 4249 2112 4312 in
2156 4251 2522 4335 provincias
2581 4255 2766 4320 exire

436 4363 805 4438 coeperunt.
882 4353 1141 4419 Etenim
1192 4354 1368 4439 quod
1420 4378 1594 4421 nunc
1637 4357 1772 4421 fere
1820 4357 1938 4421 viri
1981 4358 2174 4436 docti,
2235 4382 2384 4424 cum
2429 4362 2765 4447 superiore
