2917 5017
496 340 622 406 244
1161 345 1243 393 De
1279 345 1540 395 dictatoris
1577 344 1815 395 Caesaris
1853 342 2150 393 honoribus.

497 506 728 571 dorum
766 506 1066 571 habuerit
1083 552 1102 583 ,
1162 526 1551 591 quamquam
1586 504 1747 569 haec
1788 503 2083 569 celeritas
2125 513 2300 567 tanta
2338 524 2549 587 neque
2586 524 2715 587 per
2762 524 2831 565 se

495 614 640 700 ipsa
691 613 1040 701 probabilis
1097 625 1195 679 est
1244 636 1455 698 neque
1516 636 1597 677 ex
1652 624 1987 678 auctorum
2029 612 2387 677 narratione
2437 622 2659 697 potest
2715 610 2835 673 de-

496 724 860 799 monstrari,
901 723 1017 788 sed
1056 734 1131 786 ut
1171 721 1501 787 celerrime
1524 721 1733 785 Roma
1756 716 2000 783 Caesar
2030 717 2278 794 abierit,
2308 719 2435 784 hoc
2460 717 2837 802 intelligere

499 830 882 915 poterimus,
939 853 1057 896 cur
1108 831 1176 893 in
1231 852 1473 895 annum
1514 828 1593 895 45
1652 827 2064 911 magistratus
2123 826 2337 891 nullos
2382 827 2657 902 crearit,
2720 849 2840 889 cur

496 938 640 1024 ipso
699 961 867 1003 anno
917 939 998 1003 46
1056 940 1414 1024 praefectos
1469 936 1903 1012 constituerit,
1967 958 2095 999 non
2133 934 2510 1021 poterimus.
2602 934 2839 1019 Neque

499 1047 668 1111 enim
703 1047 882 1132 quod
903 1045 1167 1112 Caesari
1204 1046 1523 1112 dictatura
1560 1046 1773 1111 delata
1810 1055 2000 1120 esset,
2046 1044 2195 1107 ideo
2230 1054 2613 1128 praetorum
2654 1049 2837 1129 (nam

499 1155 800 1219 consules
857 1155 981 1219 hoc
1036 1178 1203 1220 anno
1259 1156 1372 1220 vix
1416 1153 1801 1219 numerandi
1848 1154 2027 1236 sunt)
2077 1163 2459 1239 potestatem
2504 1150 2837 1217 sublatam

497 1286 641 1329 6886
697 1263 1239 1340 existimabimus3
1305 1262 1623 1347 siquidem
1680 1274 1744 1327 et
1798 1274 1985 1328 antea
2029 1263 2099 1326 in
2140 1261 2477 1326 dictaturis
2524 1257 2839 1325 Caesaris

497 1383 826 1457 praetores
868 1375 1126 1439 fuerant
1165 1383 1229 1437 et
1267 1382 1491 1457 postea
1532 1371 1601 1434 in
1636 1388 1949 1455 perpetua
1989 1372 2256 1435 fuerunt
2294 1381 2360 1435 et
2396 1368 2593 1433 Sulla
2632 1369 2841 1432 domi-

497 1491 690 1545 nante
747 1482 1004 1546 fuerant
1063 1492 1128 1545 et
1183 1502 1374 1565 saepe
1428 1479 1745 1563 denique,
1801 1479 2099 1563 quamvis
2142 1478 2487 1543 dictatores
2540 1501 2841 1542 summae

497 1588 592 1653 rei
637 1600 1038 1675 praeessent,
1102 1602 1314 1653 tamen
1367 1588 1649 1672 reliquos
1706 1588 2121 1673 magistratus
2166 1587 2536 1652 constitisse
2586 1600 2842 1651 certum

499 1707 616 1761 est.
702 1693 922 1776 Quare
976 1696 1223 1761 nullam
1276 1696 1466 1761 aliam
1526 1718 1785 1761 causam
1844 1697 2311 1780 praefectorum
2367 1707 2507 1760 tum
2556 1698 2841 1761 maxime

500 1804 1100 1869 constituendorum
1173 1804 1458 1890 reperi0,
1528 1826 1721 1888 quam
1785 1805 1960 1889 quod
2016 1826 2223 1869 annus
2283 1804 2389 1868 ille
2434 1805 2515 1869 46
2580 1826 2643 1868 a.
2690 1802 2843 1869 Chr.

501 1924 637 1977 erat
685 1912 1116 1989 confusionis,
1177 1914 1261 1977 ad
1319 1912 1787 1977 emendandam
1840 1912 2147 1998 temporis
2201 1913 2513 1977 rationem
2573 1914 2843 1979 duobus

499 2019 830 2085 mensibus
885 2021 1052 2085 inter
1103 2020 1165 2083 N
1167 2019 1538 2085 ovembrem
1592 2032 1656 2085 et
1711 2020 2143 2086 Decembrem
2205 2020 2609 2086 intercalatis
2678 2022 2841 2085 ultra

501 2129 761 2193 solitum
804 2128 1181 2214 productus.
1258 2128 1456 2209 Quod
1505 2151 1653 2194 cum
1695 2128 1895 2206 fieret,
1944 2126 2188 2195 Caesar
2221 2130 2482 2195 videtur
2510 2131 2841 2206 sanxisse,

499 2259 580 2301 ne
623 2236 735 2320 qui
773 2236 1036 2300 ineunte
1077 2258 1241 2300 anno
1282 2238 1701 2323 magistratus
1746 2237 2053 2315 inierant,
2112 2261 2320 2322 usque
2366 2238 2448 2303 ad
2492 2238 2657 2303 Kal.
2712 2240 2841 2304 Ian.

497 2346 942 2431 insequentes,
991 2345 1107 2409 sed
1151 2366 1372 2411 eorum
1411 2347 1556 2411 loco
1596 2346 1903 2431 praefecti
1940 2368 2045 2411 res
2088 2346 2369 2431 urbanas
2416 2347 2839 2414 administra-

497 2464 660 2519 rent.
745 2453 852 2517 De
909 2452 1140 2518 horum
1195 2446 1410 2519 autem
1464 2456 1933 2538 praefectorum
1989 2455 2235 2520 ratione
2292 2478 2368 2520 ac
2418 2478 2577 2520 cum
2622 2457 2717 2523 iis
2764 2459 2842 2521 si·
2882 2454 2885 2498 ³

497 2560 894 2636 militudine,
955 2561 1067 2644 qui
1128 2583 1318 2647 saepe
1373 2562 1444 2625 in
1486 2562 1855 2648 municipiis
1900 2586 2019 2648 pro
2058 2564 2287 2628 Hviris
2325 2564 2465 2629 fieri
2510 2566 2845 2641 solebant,

500 2668 654 2733 olim
693 2667 976 2732 diximus
1017 2668 1084 2733 in
1126 2680 1465 2734 comment.
1503 2670 1538 2733 I
1578 2694 1643 2756 p.
1682 2671 1801 2745 52,
1860 2694 2025 2756 quae
2077 2661 2249 2737 nunc
2294 2672 2537 2752 tabulis
2588 2674 2843 2761 Hispa·
2878 2740 2880 2745 .

497 2775 660 2841 nicis
713 2798 920 2862 nuper
979 2777 1250 2862 repertis
1315 2778 1793 2845 confirmantur.
1897 2781 2002 2848 De
2053 2804 2323 2846 numero
2374 2804 2607 2846 eorum
2680 2807 2843 2869 quo-

497 2884 670 2950 niam
727 2885 858 2951 Dio
916 2886 1316 2971 ambigebat,
1384 2909 1503 2953 nos
1564 2889 1764 2953 multo
1820 2889 2033 2955 minus
2093 2890 2383 2955 iudicare
2444 2892 2843 2975 poterimus.

501 2990 914 3079 Quamquam
970 2995 1263 3079 suspicor
1322 3017 1578 3061 omnem
1638 2996 2125 3082 ambiguitatem
2180 2998 2336 3063 inde
2392 3022 2539 3065 esse
2606 3014 2843 3077 ortam,

499 3102 676 3185 quod
714 3101 846 3166 duo
890 3125 970 3166 ex
1010 3101 1091 3167 iis
1133 3104 1376 3168 aerario
1419 3116 1755 3189 praeerant
1793 3106 1953 3191 (Dio
1974 3106 2236 3188 XLIII,
2270 3108 2401 3190 48),
2447 3109 2569 3193 qui
2613 3122 2842 3175 utrum

499 3232 768 3273 numero
812 3212 1283 3295 praefectorum
1321 3212 2016 3298 comprehenderentur
2058 3238 2261 3280 necne
2301 3216 2629 3283 incertum
2672 3237 2843 3297 erat3

499 3338 648 3380 nam
680 3338 814 3392 sex,
853 3316 965 3399 qui
1010 3314 1240 3399 reliqui
1280 3330 1451 3395 sunt,
1495 3330 1569 3383 ut
1612 3319 2105 3386 nominabantur
2144 3335 2313 3388 certe
2355 3324 2481 3389 iuri
2512 3328 2872 3405 dicundo„

497 3423 588 3487 ita
631 3434 999 3509 praetorum
1047 3447 1190 3501 seX,
1251 3426 1364 3509 qui
1408 3438 1565 3492 tunc
1606 3428 1765 3493 fieri·
1789 3429 2175 3507 debuerant,
2232 3432 2374 3497 loco
2424 3434 2691 3503 iudicia
2748 3439 2841 3502 vi-

499 3529 736 3595 dentur
787 3531 1292 3599 administrasse.
1379 3534 1821 3603 Veruntamen
1871 3540 2120 3605 etiamsi
2167 3542 2313 3624 quis
2361 3542 2585 3609 minus
2636 3569 2839 3611 accu-

433 3693 440 3699 .
497 3649 634 3705 rate
676 3639 958 3705 Dionem
1003 3640 1249 3708 dixisse
1294 3642 1594 3727 solitique
1636 3646 2053 3731 magistratus
2096 3649 2273 3733 quod
2322 3672 2493 3715 anno
2540 3652 2629 3719 46
2682 3678 2868 3723 con-.

499 3747 733 3811 servati
773 3748 920 3825 sint,
964 3762 1186 3817 nostra
1227 3751 1599 3816 coniectura
1632 3751 1715 3818 de
1754 3756 2073 3821 mensium
2105 3758 2591 3825 intercalarium
2634 3785 2866 3845 causa

494 3876 624 3919 non
659 3876 823 3941 opus
863 3879 1006 3921 6886
1044 3858 1385 3935 existimet,
1421 3859 1546 3924 hoc
1582 3872 1831 3926 certum
1866 3876 1984 3941 est,
2026 3887 2193 3929 anno
2220 3866 2300 3931 45
2336 3868 2608 3934 ineunte
2636 3894 2837 3956 prae-

495 3961 700 4027 fectos
743 3963 891 4028 urbi
936 3966 1314 4051 praefuisse,
1359 3991 1490 4033 non
1532 3980 1879 4054 praetores.
1958 3971 2151 4037 Nulla
2195 3973 2365 4039 enim
2406 3978 2677 4043 comitia
2720 4004 2864 4045 ant

493 4078 749 4153 tequam
779 4069 1022 4140 Caesar
1060 4074 1128 4138 in
1153 4076 1539 4161 Hispaniam
1580 4077 1737 4142 abiit
1774 4080 1944 4145 facta
1970 4094 2424 4149 commemorat
2450 4084 2607 4163 Dio,
2654 4085 2835 4153 Sue-

493 4178 709 4245 tonius
753 4191 999 4259 autem,
1061 4183 1248 4249 cuius
1301 4183 1501 4250 verba
1552 4208 1746 4271 supra
1797 4189 2111 4274 explicata
2166 4202 2349 4267 sunt,
2406 4214 2553 4257 cum
2604 4196 2831 4261 medio

492 4295 800 4373 tempore,
837 4290 1016 4375 quod
1055 4291 1223 4357 inter
1259 4292 1519 4359 tertium
1554 4304 1616 4359 et
1645 4294 1813 4359 inter
1843 4308 2143 4378 quartum
2176 4300 2585 4367 consulatum
2626 4316 2823 4380 esset,

490 4394 672 4459 nulla
713 4396 970 4463 comitia
1011 4397 1231 4464 habita
1275 4422 1418 4467 esse
1464 4401 1586 4479 ait,
1645 4426 1884 4472 annum
1930 4404 2011 4471 46
2054 4405 2408 4491 significat,
2456 4433 2581 4477 nec
2622 4414 2815 4477 nullis
