<?xml version="1.0" encoding="UTF-8"?>
<!DOCTYPE html PUBLIC "-//W3C//DTD XHTML 1.0 Transitional//EN"
    "http://www.w3.org/TR/xhtml1/DTD/xhtml1-transitional.dtd">
<html xmlns="http://www.w3.org/1999/xhtml" xml:lang="en" lang="en">
 <head>
  <title>
</title>
<meta http-equiv="Content-Type" content="text/html;charset=utf-8" />
  <meta name='ocr-system' content='tesseract 3.04.00' />
  <meta name='ocr-capabilities' content='ocr_page ocr_carea ocr_par ocr_line ocrx_word'/>
</head>
<body>
  <div class='ocr_page' id='page_1' title='image "augustiwilhelmi01unkngoog_0392.png"; bbox 0 0 2917 5017; ppageno 0'>
   <div class='ocr_carea' id='block_1_1' title="bbox 820 335 2499 403">
    <p class='ocr_par' dir='ltr' id='par_1_1' title="bbox 820 335 2499 403">
     <span class='ocr_line' id='line_1_1' title="bbox 820 335 2499 403; baseline 0.005 -18"><span class='ocrx_word' id='word_1_1' title='bbox 820 338 904 389; x_wconf 84' lang='lat' dir='ltr'>De</span> <span class='ocrx_word' id='word_1_2' title='bbox 939 338 1312 403; x_wconf 72' lang='lat' dir='ltr'>propagatione</span> <span class='ocrx_word' id='word_1_3' title='bbox 1349 338 1568 389; x_wconf 78' lang='lat' dir='ltr'>civitatis</span> <span class='ocrx_word' id='word_1_4' title='bbox 1602 338 1884 387; x_wconf 80' lang='lat' dir='ltr'>Romanae.</span> <span class='ocrx_word' id='word_1_5' title='bbox 2376 335 2499 403; x_wconf 83' lang='lat'>377</span> 
     </span>
    </p>
   </div>
   <div class='ocr_carea' id='block_1_2' title="bbox 93 495 2509 4496">
    <p class='ocr_par' dir='ltr' id='par_1_2' title="bbox 165 495 2503 2539">
     <span class='ocr_line' id='line_1_2' title="bbox 167 495 2501 592; baseline 0.003 -31"><span class='ocrx_word' id='word_1_6' title='bbox 167 520 643 592; x_wconf 82' lang='lat' dir='ltr'><strong>nonnunquam</strong></span> <span class='ocrx_word' id='word_1_7' title='bbox 681 495 944 565; x_wconf 77' lang='lat' dir='ltr'>Ciliciae</span> <span class='ocrx_word' id='word_1_8' title='bbox 987 498 1276 575; x_wconf 84' lang='lat' dir='ltr'>nomine3</span> <span class='ocrx_word' id='word_1_9' title='bbox 1339 508 1402 563; x_wconf 87' lang='lat' dir='ltr'>at</span> <span class='ocrx_word' id='word_1_10' title='bbox 1449 496 1747 565; x_wconf 78' lang='lat' dir='ltr'>Ciliciam</span> <span class='ocrx_word' id='word_1_11' title='bbox 1794 499 1917 565; x_wconf 89' lang='lat' dir='ltr'>sub</span> <span class='ocrx_word' id='word_1_12' title='bbox 1956 498 2263 587; x_wconf 83' lang='lat' dir='ltr'>Augusto</span> <span class='ocrx_word' id='word_1_13' title='bbox 2311 512 2501 587; x_wconf 90' lang='lat' dir='ltr'>atque</span> 
     </span>
     <span class='ocr_line' id='line_1_3' title="bbox 167 607 2501 697; baseline 0.002 -27"><span class='ocrx_word' id='word_1_14' title='bbox 167 607 508 692; x_wconf 87' lang='lat' dir='ltr'>aliquanto</span> <span class='ocrx_word' id='word_1_15' title='bbox 547 618 690 694; x_wconf 89' lang='lat' dir='ltr'>post</span> <span class='ocrx_word' id='word_1_16' title='bbox 729 608 970 671; x_wconf 80' lang='lat' dir='ltr'>nullam</span> <span class='ocrx_word' id='word_1_17' title='bbox 1009 608 1213 671; x_wconf 84' lang='lat' dir='ltr'>fuisse</span> <span class='ocrx_word' id='word_1_18' title='bbox 1254 608 1652 695; x_wconf 79' lang='lat' dir='ltr'>provinciam</span> <span class='ocrx_word' id='word_1_19' title='bbox 1694 609 1761 673; x_wconf 91' lang='lat' dir='ltr'>in</span> <span class='ocrx_word' id='word_1_20' title='bbox 1796 620 2132 675; x_wconf 78' lang='lat' dir='ltr'><strong>comment.</strong></span> <span class='ocrx_word' id='word_1_21' title='bbox 2166 610 2501 697; x_wconf 81' lang='lat' dir='ltr'>epigraph.</span> 
     </span>
     <span class='ocr_line' id='line_1_4' title="bbox 167 698 2501 801; baseline 0.003 -24"><span class='ocrx_word' id='word_1_22' title='bbox 167 715 242 779; x_wconf 87' lang='grc' dir='ltr'>ΙΙ</span> <span class='ocrx_word' id='word_1_23' title='bbox 302 739 368 801; x_wconf 89' lang='lat' dir='ltr'>p.</span> <span class='ocrx_word' id='word_1_24' title='bbox 410 716 491 781; x_wconf 82' lang='lat'>96</span> <span class='ocrx_word' id='word_1_25' title='bbox 539 716 1138 781; x_wconf 71' lang='lat' dir='ltr'>demonstravimus.</span> <span class='ocrx_word' id='word_1_26' title='bbox 1219 698 1298 779; x_wconf 76' lang='lat' dir='ltr'>In</span> <span class='ocrx_word' id='word_1_27' title='bbox 1345 716 1690 800; x_wconf 49' lang='lat' dir='ltr'>provincia„</span> <span class='ocrx_word' id='word_1_28' title='bbox 1712 716 1877 783; x_wconf 86' lang='lat' dir='ltr'>Asia</span> <span class='ocrx_word' id='word_1_29' title='bbox 1918 718 2115 782; x_wconf 88' lang='lat' dir='ltr'>fuerit</span> <span class='ocrx_word' id='word_1_30' title='bbox 2158 740 2311 783; x_wconf 88' lang='lat' dir='ltr'>sane</span> <span class='ocrx_word' id='word_1_31' title='bbox 2357 718 2501 783; x_wconf 91' lang='lat' dir='ltr'>Au-</span> 
     </span>
     <span class='ocr_line' id='line_1_5' title="bbox 168 823 2500 911; baseline 0.002 -24"><span class='ocrx_word' id='word_1_32' title='bbox 168 834 378 907; x_wconf 86' lang='lat' dir='ltr'>gusto</span> <span class='ocrx_word' id='word_1_33' title='bbox 419 824 770 909; x_wconf 86' lang='lat' dir='ltr'>imperante</span> <span class='ocrx_word' id='word_1_34' title='bbox 813 847 944 889; x_wconf 90' lang='lat' dir='ltr'>una</span> <span class='ocrx_word' id='word_1_35' title='bbox 986 823 1354 909; x_wconf 84' lang='lat' dir='ltr'><strong>metropolis</strong></span> <span class='ocrx_word' id='word_1_36' title='bbox 1398 824 1791 910; x_wconf 85' lang='lat' dir='ltr'>Pergamus,</span> <span class='ocrx_word' id='word_1_37' title='bbox 1850 848 2017 911; x_wconf 90' lang='lat' dir='ltr'>quae</span> <span class='ocrx_word' id='word_1_38' title='bbox 2062 826 2155 891; x_wconf 90' lang='lat' dir='ltr'>sic</span> <span class='ocrx_word' id='word_1_39' title='bbox 2198 825 2387 891; x_wconf 87' lang='lat' dir='ltr'>etiam</span> <span class='ocrx_word' id='word_1_40' title='bbox 2432 827 2500 891; x_wconf 88' lang='lat' dir='ltr'>in</span> 
     </span>
     <span class='ocr_line' id='line_1_6' title="bbox 165 928 2501 1020; baseline 0.003 -27"><span class='ocrx_word' id='word_1_41' title='bbox 165 932 460 997; x_wconf 84' lang='lat' dir='ltr'>nummis</span> <span class='ocrx_word' id='word_1_42' title='bbox 499 928 816 997; x_wconf 82' lang='lat' dir='ltr'>Caracalli</span> <span class='ocrx_word' id='word_1_43' title='bbox 847 933 1224 1018; x_wconf 86' lang='lat' dir='ltr'>appellatur,</span> <span class='ocrx_word' id='word_1_44' title='bbox 1267 933 1381 997; x_wconf 88' lang='lat' dir='ltr'>sed</span> <span class='ocrx_word' id='word_1_45' title='bbox 1421 934 1769 997; x_wconf 87' lang='lat' dir='ltr'>extiterunt</span> <span class='ocrx_word' id='word_1_46' title='bbox 1806 945 2027 1019; x_wconf 88' lang='lat' dir='ltr'>postea</span> <span class='ocrx_word' id='word_1_47' title='bbox 2063 936 2253 999; x_wconf 88' lang='lat' dir='ltr'>etiam</span> <span class='ocrx_word' id='word_1_48' title='bbox 2281 934 2501 1020; x_wconf 88' lang='lat' dir='ltr'>Ephe-</span> 
     </span>
     <span class='ocr_line' id='line_1_7' title="bbox 167 1038 2500 1127; baseline 0.002 -24"><span class='ocrx_word' id='word_1_49' title='bbox 167 1063 290 1105; x_wconf 89' lang='lat' dir='ltr'>sus</span> <span class='ocrx_word' id='word_1_50' title='bbox 351 1038 581 1126; x_wconf 87' lang='lat' dir='ltr'>(Corp.</span> <span class='ocrx_word' id='word_1_51' title='bbox 621 1040 824 1105; x_wconf 86' lang='lat' dir='ltr'>Inscr.</span> <span class='ocrx_word' id='word_1_52' title='bbox 871 1040 1103 1105; x_wconf 87' lang='lat' dir='ltr'>Graec.</span> <span class='ocrx_word' id='word_1_53' title='bbox 1149 1065 1212 1103; x_wconf 89' lang='lat' dir='ltr'>n.</span> <span class='ocrx_word' id='word_1_54' title='bbox 1251 1040 1417 1105; x_wconf 80' lang='lat'>2990</span> <span class='ocrx_word' id='word_1_55' title='bbox 1478 1051 1543 1105; x_wconf 94' lang='lat' dir='ltr'>et</span> <span class='ocrx_word' id='word_1_56' title='bbox 1596 1042 1915 1127; x_wconf 86' lang='lat' dir='ltr'>saepius),</span> <span class='ocrx_word' id='word_1_57' title='bbox 1980 1042 2500 1121; x_wconf 64' lang='lat' dir='ltr'>Halicarnassum,</span> 
     </span>
     <span class='ocr_line' id='line_1_8' title="bbox 165 1148 2500 1235; baseline 0.001 -22"><span class='ocrx_word' id='word_1_58' title='bbox 165 1148 603 1235; x_wconf 85' lang='lat' dir='ltr'>Lampsacus,</span> <span class='ocrx_word' id='word_1_59' title='bbox 653 1148 915 1225; x_wconf 85' lang='lat' dir='ltr'>Sardes,</span> <span class='ocrx_word' id='word_1_60' title='bbox 957 1148 1026 1213; x_wconf 90' lang='lat' dir='ltr'>in</span> <span class='ocrx_word' id='word_1_61' title='bbox 1067 1148 1374 1233; x_wconf 86' lang='lat' dir='ltr'>Bithynia</span> <span class='ocrx_word' id='word_1_62' title='bbox 1413 1148 1859 1215; x_wconf 84' lang='lat' dir='ltr'>Nicomediam</span> <span class='ocrx_word' id='word_1_63' title='bbox 1902 1150 2191 1216; x_wconf 89' lang='lat' dir='ltr'>nominat</span> <span class='ocrx_word' id='word_1_64' title='bbox 2225 1151 2357 1216; x_wconf 93' lang='lat' dir='ltr'>Dio</span> <span class='ocrx_word' id='word_1_65' title='bbox 2384 1151 2500 1229; x_wconf 84' lang='lat' dir='ltr'>LI,</span> 
     </span>
     <span class='ocr_line' id='line_1_9' title="bbox 165 1257 2503 1335; baseline 0.001 -13"><span class='ocrx_word' id='word_1_66' title='bbox 165 1259 274 1333; x_wconf 87' lang='lat'>20,</span> <span class='ocrx_word' id='word_1_67' title='bbox 323 1259 440 1323; x_wconf 91' lang='lat' dir='ltr'>sed</span> <span class='ocrx_word' id='word_1_68' title='bbox 480 1259 550 1323; x_wconf 88' lang='lat' dir='ltr'>in</span> <span class='ocrx_word' id='word_1_69' title='bbox 593 1258 871 1323; x_wconf 90' lang='lat' dir='ltr'>nummis</span> <span class='ocrx_word' id='word_1_70' title='bbox 919 1267 1448 1322; x_wconf 79' lang='lat' dir='ltr'>commemoratur</span> <span class='ocrx_word' id='word_1_71' title='bbox 1480 1257 1671 1321; x_wconf 86' lang='lat' dir='ltr'>etiam</span> <span class='ocrx_word' id='word_1_72' title='bbox 1705 1257 2038 1335; x_wconf 85' lang='lat' dir='ltr'>Heraclea,</span> <span class='ocrx_word' id='word_1_73' title='bbox 2080 1259 2147 1325; x_wconf 91' lang='lat' dir='ltr'>in</span> <span class='ocrx_word' id='word_1_74' title='bbox 2176 1260 2503 1325; x_wconf 86' lang='lat' dir='ltr'>Phoenice</span> 
     </span>
     <span class='ocr_line' id='line_1_10' title="bbox 167 1362 2502 1453; baseline 0.001 -24"><span class='ocrx_word' id='word_1_75' title='bbox 167 1375 232 1430; x_wconf 88' lang='lat' dir='ltr'>et</span> <span class='ocrx_word' id='word_1_76' title='bbox 281 1362 496 1431; x_wconf 85' lang='lat' dir='ltr'>Sidon</span> <span class='ocrx_word' id='word_1_77' title='bbox 553 1377 618 1431; x_wconf 88' lang='lat' dir='ltr'>et</span> <span class='ocrx_word' id='word_1_78' title='bbox 660 1366 878 1451; x_wconf 89' lang='lat' dir='ltr'>Tyrus</span> <span class='ocrx_word' id='word_1_79' title='bbox 941 1366 1322 1451; x_wconf 81' lang='lat' dir='ltr'>metropoles</span> <span class='ocrx_word' id='word_1_80' title='bbox 1380 1367 1679 1443; x_wconf 85' lang='lat' dir='ltr'>fuerunt,</span> <span class='ocrx_word' id='word_1_81' title='bbox 1742 1390 2055 1453; x_wconf 89' lang='lat' dir='ltr'>suamque</span> <span class='ocrx_word' id='word_1_82' title='bbox 2100 1367 2502 1453; x_wconf 87' lang='lat' dir='ltr'>metropolim</span> 
     </span>
     <span class='ocr_line' id='line_1_11' title="bbox 167 1473 2501 1563; baseline 0.002 -25"><span class='ocrx_word' id='word_1_83' title='bbox 167 1473 410 1539; x_wconf 86' lang='lat' dir='ltr'>habuit</span> <span class='ocrx_word' id='word_1_84' title='bbox 443 1474 797 1559; x_wconf 83' lang='lat' dir='ltr'>Lycaonia,</span> <span class='ocrx_word' id='word_1_85' title='bbox 845 1498 1024 1539; x_wconf 84' lang='lat' dir='ltr'>suam</span> <span class='ocrx_word' id='word_1_86' title='bbox 1066 1474 1338 1551; x_wconf 83' lang='lat' dir='ltr'>Isauria,</span> <span class='ocrx_word' id='word_1_87' title='bbox 1381 1498 1565 1541; x_wconf 90' lang='lat' dir='ltr'>suam</span> <span class='ocrx_word' id='word_1_88' title='bbox 1604 1476 2065 1562; x_wconf 84' lang='lat' dir='ltr'>Paphlagonia,</span> <span class='ocrx_word' id='word_1_89' title='bbox 2105 1498 2287 1541; x_wconf 88' lang='lat' dir='ltr'>suam</span> <span class='ocrx_word' id='word_1_90' title='bbox 2328 1473 2501 1563; x_wconf 87' lang='lat' dir='ltr'>Cap·</span> 
     </span>
     <span class='ocr_line' id='line_1_12' title="bbox 165 1582 2500 1671; baseline 0.001 -24"><span class='ocrx_word' id='word_1_91' title='bbox 165 1582 454 1669; x_wconf 87' lang='lat' dir='ltr'>padocia</span> <span class='ocrx_word' id='word_1_92' title='bbox 473 1630 490 1659; x_wconf 99' lang='lat'>,</span> <span class='ocrx_word' id='word_1_93' title='bbox 553 1594 614 1646; x_wconf 90' lang='lat' dir='ltr'>et</span> <span class='ocrx_word' id='word_1_94' title='bbox 667 1583 932 1669; x_wconf 86' lang='lat' dir='ltr'>quidem</span> <span class='ocrx_word' id='word_1_95' title='bbox 983 1605 1058 1647; x_wconf 88' lang='lat' dir='ltr'>ea</span> <span class='ocrx_word' id='word_1_96' title='bbox 1107 1594 1345 1661; x_wconf 89' lang='lat' dir='ltr'>aetate,</span> <span class='ocrx_word' id='word_1_97' title='bbox 1405 1606 1535 1669; x_wconf 86' lang='lat' dir='ltr'>qua</span> <span class='ocrx_word' id='word_1_98' title='bbox 1576 1585 1865 1649; x_wconf 88' lang='lat' dir='ltr'>nondum</span> <span class='ocrx_word' id='word_1_99' title='bbox 1908 1608 1983 1649; x_wconf 88' lang='lat' dir='ltr'>ea</span> <span class='ocrx_word' id='word_1_100' title='bbox 2025 1584 2500 1671; x_wconf 88' lang='lat' dir='ltr'>provinciarum</span> 
     </span>
     <span class='ocr_line' id='line_1_13' title="bbox 169 1691 2501 1780; baseline 0.002 -25"><span class='ocrx_word' id='word_1_101' title='bbox 169 1692 450 1768; x_wconf 83' lang='lat' dir='ltr'>divisio,</span> <span class='ocrx_word' id='word_1_102' title='bbox 515 1713 644 1776; x_wconf 83' lang='lat' dir='ltr'>qua·</span> <span class='ocrx_word' id='word_1_103' title='bbox 701 1701 926 1777; x_wconf 88' lang='lat' dir='ltr'>postea</span> <span class='ocrx_word' id='word_1_104' title='bbox 983 1691 1260 1777; x_wconf 86' lang='lat' dir='ltr'>singulis</span> <span class='ocrx_word' id='word_1_105' title='bbox 1321 1692 1466 1757; x_wconf 84' lang='lat' dir='ltr'>illae</span> <span class='ocrx_word' id='word_1_106' title='bbox 1525 1703 1751 1778; x_wconf 81' lang='lat' dir='ltr'>gentes</span> <span class='ocrx_word' id='word_1_107' title='bbox 1802 1692 2211 1780; x_wconf 84' lang='lat' dir='ltr'>praesidibus</span> <span class='ocrx_word' id='word_1_108' title='bbox 2274 1717 2501 1780; x_wconf 87' lang='lat' dir='ltr'>parere</span> 
     </span>
     <span class='ocr_line' id='line_1_14' title="bbox 167 1798 2501 1889; baseline 0.001 -23"><span class='ocrx_word' id='word_1_109' title='bbox 167 1810 559 1887; x_wconf 83' lang='lat' dir='ltr'>coeperunt,</span> <span class='ocrx_word' id='word_1_110' title='bbox 621 1800 988 1865; x_wconf 86' lang='lat' dir='ltr'>introducta</span> <span class='ocrx_word' id='word_1_111' title='bbox 1041 1810 1193 1864; x_wconf 86' lang='lat' dir='ltr'>erat.</span> <span class='ocrx_word' id='word_1_112' title='bbox 1287 1798 1476 1882; x_wconf 81' lang='lat' dir='ltr'>Quae</span> <span class='ocrx_word' id='word_1_113' title='bbox 1536 1822 1683 1865; x_wconf 88' lang='lat' dir='ltr'>cum</span> <span class='ocrx_word' id='word_1_114' title='bbox 1736 1802 1827 1867; x_wconf 87' lang='lat' dir='ltr'>ita</span> <span class='ocrx_word' id='word_1_115' title='bbox 1872 1803 1999 1868; x_wconf 90' lang='lat' dir='ltr'>sint</span> <span class='ocrx_word' id='word_1_116' title='bbox 2016 1848 2033 1878; x_wconf 88' lang='lat'>,</span> <span class='ocrx_word' id='word_1_117' title='bbox 2094 1804 2501 1889; x_wconf 73' lang='lat' dir='ltr'>metropoleS,</span> 
     </span>
     <span class='ocr_line' id='line_1_15' title="bbox 165 1905 2499 1996; baseline 0 -21"><span class='ocrx_word' id='word_1_118' title='bbox 165 1932 340 1995; x_wconf 87' lang='lat' dir='ltr'>quae</span> <span class='ocrx_word' id='word_1_119' title='bbox 387 1908 481 1974; x_wconf 68' lang='lat' dir='ltr'>‘ad</span> <span class='ocrx_word' id='word_1_120' title='bbox 531 1905 885 1973; x_wconf 86' lang='lat' dir='ltr'>Caesarum</span> <span class='ocrx_word' id='word_1_121' title='bbox 943 1907 1188 1971; x_wconf 90' lang='lat' dir='ltr'>cultum</span> <span class='ocrx_word' id='word_1_122' title='bbox 1238 1909 1657 1993; x_wconf 86' lang='lat' dir='ltr'>pertinerent,</span> <span class='ocrx_word' id='word_1_123' title='bbox 1712 1909 1873 1974; x_wconf 89' lang='lat' dir='ltr'>nihil</span> <span class='ocrx_word' id='word_1_124' title='bbox 1924 1932 2071 1975; x_wconf 91' lang='lat' dir='ltr'>cum</span> <span class='ocrx_word' id='word_1_125' title='bbox 2124 1911 2499 1996; x_wconf 85' lang='lat' dir='ltr'>provinciali</span> 
     </span>
     <span class='ocr_line' id='line_1_16' title="bbox 165 2015 2501 2103; baseline 0 -19"><span class='ocrx_word' id='word_1_126' title='bbox 165 2020 612 2085; x_wconf 86' lang='lat' dir='ltr'>Romanorum</span> <span class='ocrx_word' id='word_1_127' title='bbox 655 2016 900 2082; x_wconf 87' lang='lat' dir='ltr'>ratione</span> <span class='ocrx_word' id='word_1_128' title='bbox 944 2035 1280 2078; x_wconf 88' lang='lat' dir='ltr'>commune</span> <span class='ocrx_word' id='word_1_129' title='bbox 1321 2015 1627 2081; x_wconf 87' lang='lat' dir='ltr'>habuisse</span> <span class='ocrx_word' id='word_1_130' title='bbox 1672 2028 1971 2103; x_wconf 87' lang='lat' dir='ltr'>apparet:</span> <span class='ocrx_word' id='word_1_131' title='bbox 2016 2041 2099 2082; x_wconf 89' lang='lat' dir='ltr'>ne</span> <span class='ocrx_word' id='word_1_132' title='bbox 2141 2040 2289 2083; x_wconf 91' lang='lat' dir='ltr'>cum</span> <span class='ocrx_word' id='word_1_133' title='bbox 2324 2028 2501 2084; x_wconf 87' lang='lat' dir='ltr'>vete-</span> 
     </span>
     <span class='ocr_line' id='line_1_17' title="bbox 167 2123 2501 2212; baseline -0.001 -18"><span class='ocrx_word' id='word_1_134' title='bbox 167 2128 357 2194; x_wconf 84' lang='lat' dir='ltr'>ribus</span> <span class='ocrx_word' id='word_1_135' title='bbox 403 2125 668 2211; x_wconf 88' lang='lat' dir='ltr'>quidem</span> <span class='ocrx_word' id='word_1_136' title='bbox 713 2123 1000 2209; x_wconf 84' lang='lat' dir='ltr'>gentium</span> <span class='ocrx_word' id='word_1_137' title='bbox 1039 2124 1357 2209; x_wconf 85' lang='lat' dir='ltr'>conciliis,</span> <span class='ocrx_word' id='word_1_138' title='bbox 1411 2146 1575 2208; x_wconf 88' lang='lat' dir='ltr'>quae</span> <span class='ocrx_word' id='word_1_139' title='bbox 1616 2126 1969 2211; x_wconf 88' lang='lat' dir='ltr'>antiquitus</span> <span class='ocrx_word' id='word_1_140' title='bbox 2021 2126 2255 2190; x_wconf 87' lang='lat' dir='ltr'>tradita</span> <span class='ocrx_word' id='word_1_141' title='bbox 2296 2126 2501 2212; x_wconf 90' lang='lat' dir='ltr'>impe-</span> 
     </span>
     <span class='ocr_line' id='line_1_18' title="bbox 166 2231 2501 2321; baseline -0 -19"><span class='ocrx_word' id='word_1_142' title='bbox 166 2237 344 2301; x_wconf 87' lang='lat' dir='ltr'>rium</span> <span class='ocrx_word' id='word_1_143' title='bbox 383 2234 746 2321; x_wconf 84' lang='lat' dir='ltr'>Romanum</span> <span class='ocrx_word' id='word_1_144' title='bbox 784 2254 914 2296; x_wconf 89' lang='lat' dir='ltr'>non</span> <span class='ocrx_word' id='word_1_145' title='bbox 959 2231 1172 2297; x_wconf 88' lang='lat' dir='ltr'>omnia</span> <span class='ocrx_word' id='word_1_146' title='bbox 1210 2233 1491 2309; x_wconf 86' lang='lat' dir='ltr'>sustulit,</span> <span class='ocrx_word' id='word_1_147' title='bbox 1534 2233 1861 2311; x_wconf 85' lang='lat' dir='ltr'>existimo,</span> <span class='ocrx_word' id='word_1_148' title='bbox 1906 2256 2071 2320; x_wconf 90' lang='lat' dir='ltr'>quae</span> <span class='ocrx_word' id='word_1_149' title='bbox 2118 2257 2265 2299; x_wconf 91' lang='lat' dir='ltr'>cum</span> <span class='ocrx_word' id='word_1_150' title='bbox 2312 2257 2501 2320; x_wconf 90' lang='lat' dir='ltr'>saepe</span> 
     </span>
     <span class='ocr_line' id='line_1_19' title="bbox 169 2339 2501 2419; baseline -0.001 -10"><span class='ocrx_word' id='word_1_151' title='bbox 169 2346 234 2409; x_wconf 93' lang='lat' dir='ltr'>in</span> <span class='ocrx_word' id='word_1_152' title='bbox 277 2366 452 2412; x_wconf 83' lang='lat' dir='ltr'><strong>novo</strong></span> <span class='ocrx_word' id='word_1_153' title='bbox 497 2343 678 2408; x_wconf 90' lang='lat' dir='ltr'>cultu</span> <span class='ocrx_word' id='word_1_154' title='bbox 720 2339 1170 2405; x_wconf 88' lang='lat' dir='ltr'>constituendo</span> <span class='ocrx_word' id='word_1_155' title='bbox 1219 2352 1471 2405; x_wconf 86' lang='lat' dir='ltr'>servata</span> <span class='ocrx_word' id='word_1_156' title='bbox 1506 2364 1649 2408; x_wconf 89' lang='lat' dir='ltr'>esse</span> <span class='ocrx_word' id='word_1_157' title='bbox 1688 2343 2060 2419; x_wconf 81' lang='lat' dir='ltr'>videantur,</span> <span class='ocrx_word' id='word_1_158' title='bbox 2114 2364 2243 2407; x_wconf 92' lang='lat' dir='ltr'>non</span> <span class='ocrx_word' id='word_1_159' title='bbox 2287 2343 2501 2407; x_wconf 87' lang='lat' dir='ltr'>minus</span> 
     </span>
     <span class='ocr_line' id='line_1_20' title="bbox 173 2450 1284 2539; baseline -0.006 -22"><span class='ocrx_word' id='word_1_160' title='bbox 173 2464 388 2519; x_wconf 87' lang='lat' dir='ltr'>tamen</span> <span class='ocrx_word' id='word_1_161' title='bbox 435 2474 626 2539; x_wconf 87' lang='lat' dir='ltr'>saepe</span> <span class='ocrx_word' id='word_1_162' title='bbox 667 2450 964 2537; x_wconf 87' lang='lat' dir='ltr'>neglecta</span> <span class='ocrx_word' id='word_1_163' title='bbox 1004 2459 1174 2513; x_wconf 89' lang='lat' dir='ltr'>sunt.</span> <span class='ocrx_word' id='word_1_164' title='bbox 1261 2480 1284 2485; x_wconf 92' lang='lat'>-</span> 
     </span>
    </p>

    <p class='ocr_par' dir='ltr' id='par_1_3' title="bbox 93 2558 2509 4496">
     <span class='ocr_line' id='line_1_21' title="bbox 344 2558 2501 2647; baseline -0 -21"><span class='ocrx_word' id='word_1_165' title='bbox 344 2559 686 2647; x_wconf 86' lang='lat' dir='ltr'>Originem</span> <span class='ocrx_word' id='word_1_166' title='bbox 728 2569 941 2624; x_wconf 89' lang='lat' dir='ltr'>autem</span> <span class='ocrx_word' id='word_1_167' title='bbox 979 2558 1184 2623; x_wconf 85' lang='lat' dir='ltr'>divini</span> <span class='ocrx_word' id='word_1_168' title='bbox 1213 2558 1673 2644; x_wconf 89' lang='lat' dir='ltr'>imperatorum</span> <span class='ocrx_word' id='word_1_169' title='bbox 1706 2560 1919 2625; x_wconf 92' lang='lat' dir='ltr'>cultus</span> <span class='ocrx_word' id='word_1_170' title='bbox 1948 2582 2026 2625; x_wconf 91' lang='lat' dir='ltr'>ac</span> <span class='ocrx_word' id='word_1_171' title='bbox 2050 2560 2501 2647; x_wconf 88' lang='lat' dir='ltr'>metropolium</span> 
     </span>
     <span class='ocr_line' id='line_1_22' title="bbox 169 2666 2499 2755; baseline -0.001 -19"><span class='ocrx_word' id='word_1_172' title='bbox 169 2672 250 2737; x_wconf 88' lang='lat' dir='ltr'>ad</span> <span class='ocrx_word' id='word_1_173' title='bbox 298 2670 682 2755; x_wconf 84' lang='lat' dir='ltr'>Augustum</span> <span class='ocrx_word' id='word_1_174' title='bbox 722 2666 1124 2731; x_wconf 85' lang='lat' dir='ltr'>referendam</span> <span class='ocrx_word' id='word_1_175' title='bbox 1163 2688 1306 2731; x_wconf 87' lang='lat' dir='ltr'>esse</span> <span class='ocrx_word' id='word_1_176' title='bbox 1347 2667 1653 2733; x_wconf 88' lang='lat' dir='ltr'>diximus.</span> <span class='ocrx_word' id='word_1_177' title='bbox 1730 2668 1897 2733; x_wconf 86' lang='lat' dir='ltr'>Nam</span> <span class='ocrx_word' id='word_1_178' title='bbox 1938 2668 2112 2753; x_wconf 90' lang='lat' dir='ltr'>quod</span> <span class='ocrx_word' id='word_1_179' title='bbox 2159 2667 2499 2755; x_wconf 83' lang='lat' dir='ltr'>Smyrnaei</span> 
     </span>
     <span class='ocr_line' id='line_1_23' title="bbox 171 2772 2501 2866; baseline -0.002 -19"><span class='ocrx_word' id='word_1_180' title='bbox 171 2780 356 2866; x_wconf 83' lang='lat' dir='ltr'>apud</span> <span class='ocrx_word' id='word_1_181' title='bbox 399 2778 553 2843; x_wconf 83' lang='lat' dir='ltr'>Tac.</span> <span class='ocrx_word' id='word_1_182' title='bbox 595 2776 771 2841; x_wconf 89' lang='lat' dir='ltr'>Ann.</span> <span class='ocrx_word' id='word_1_183' title='bbox 796 2773 913 2850; x_wconf 90' lang='lat' dir='ltr'>IV,</span> <span class='ocrx_word' id='word_1_184' title='bbox 957 2774 1038 2839; x_wconf 84' lang='lat'>56</span> <span class='ocrx_word' id='word_1_185' title='bbox 1083 2774 1210 2838; x_wconf 83' lang='lat' dir='ltr'>iam</span> <span class='ocrx_word' id='word_1_186' title='bbox 1251 2796 1418 2839; x_wconf 89' lang='lat' dir='ltr'>anno</span> <span class='ocrx_word' id='word_1_187' title='bbox 1464 2775 1579 2841; x_wconf 84' lang='lat'>195</span> <span class='ocrx_word' id='word_1_188' title='bbox 1628 2800 1684 2840; x_wconf 90' lang='lat' dir='ltr'>a.</span> <span class='ocrx_word' id='word_1_189' title='bbox 1728 2772 1884 2841; x_wconf 89' lang='lat' dir='ltr'>Chr.</span> <span class='ocrx_word' id='word_1_190' title='bbox 1931 2777 2170 2861; x_wconf 88' lang='lat' dir='ltr'>primos</span> <span class='ocrx_word' id='word_1_191' title='bbox 2213 2777 2501 2842; x_wconf 88' lang='lat' dir='ltr'>omnium</span> 
     </span>
     <span class='ocr_line' id='line_1_24' title="bbox 176 2882 2503 2971; baseline -0.001 -17"><span class='ocrx_word' id='word_1_192' title='bbox 176 2914 244 2955; x_wconf 90' lang='lat' dir='ltr'>se</span> <span class='ocrx_word' id='word_1_193' title='bbox 287 2886 442 2953; x_wconf 89' lang='lat' dir='ltr'>urbi</span> <span class='ocrx_word' id='word_1_194' title='bbox 469 2886 710 2951; x_wconf 86' lang='lat' dir='ltr'>Romae</span> <span class='ocrx_word' id='word_1_195' title='bbox 754 2882 1063 2968; x_wconf 89' lang='lat' dir='ltr'>templum</span> <span class='ocrx_word' id='word_1_196' title='bbox 1100 2882 1332 2947; x_wconf 85' lang='lat' dir='ltr'>fecisse</span> <span class='ocrx_word' id='word_1_197' title='bbox 1363 2883 1721 2969; x_wconf 86' lang='lat' dir='ltr'>gloriantur</span> <span class='ocrx_word' id='word_1_198' title='bbox 1752 2906 2103 2969; x_wconf 90' lang='lat' dir='ltr'>eorumque</span> <span class='ocrx_word' id='word_1_199' title='bbox 2136 2886 2503 2971; x_wconf 83' lang='lat' dir='ltr'>exemplum</span> 
     </span>
     <span class='ocr_line' id='line_1_25' title="bbox 177 2991 2504 3084; baseline -0.003 -21"><span class='ocrx_word' id='word_1_200' title='bbox 177 3021 348 3063; x_wconf 89' lang='lat' dir='ltr'>anno</span> <span class='ocrx_word' id='word_1_201' title='bbox 395 2996 515 3063; x_wconf 74' lang='lat'>170</span> <span class='ocrx_word' id='word_1_202' title='bbox 562 2991 1068 3084; x_wconf 68' lang='lat' dir='ltr'>Alabandenses=</span> <span class='ocrx_word' id='word_1_203' title='bbox 1097 2991 1301 3055; x_wconf 90' lang='lat' dir='ltr'>secuti</span> <span class='ocrx_word' id='word_1_204' title='bbox 1348 3004 1499 3055; x_wconf 85' lang='lat' dir='ltr'>sunt</span> <span class='ocrx_word' id='word_1_205' title='bbox 1542 2992 1721 3077; x_wconf 87' lang='lat' dir='ltr'>(Liv.</span> <span class='ocrx_word' id='word_1_206' title='bbox 1763 2992 2187 3070; x_wconf 91' lang='lat' dir='ltr'>XXXXIII,</span> <span class='ocrx_word' id='word_1_207' title='bbox 2230 2994 2321 3077; x_wconf 90' lang='grc'>6),</span> <span class='ocrx_word' id='word_1_208' title='bbox 2370 2994 2504 3079; x_wconf 90' lang='lat' dir='ltr'>pri-</span> 
     </span>
     <span class='ocr_line' id='line_1_26' title="bbox 175 3094 2503 3188; baseline -0.003 -15"><span class='ocrx_word' id='word_1_209' title='bbox 175 3120 362 3173; x_wconf 86' lang='lat' dir='ltr'>vatae</span> <span class='ocrx_word' id='word_1_210' title='bbox 403 3106 550 3169; x_wconf 85' lang='lat' dir='ltr'>illae</span> <span class='ocrx_word' id='word_1_211' title='bbox 593 3094 1070 3188; x_wconf 86' lang='lat' dir='ltr'>quodammodo</span> <span class='ocrx_word' id='word_1_212' title='bbox 1107 3100 1370 3163; x_wconf 87' lang='lat' dir='ltr'>fuerunt</span> <span class='ocrx_word' id='word_1_213' title='bbox 1405 3099 1773 3186; x_wconf 85' lang='lat' dir='ltr'>religiones,</span> <span class='ocrx_word' id='word_1_214' title='bbox 1818 3100 2331 3187; x_wconf 89' lang='lat' dir='ltr'>oppidorumque</span> <span class='ocrx_word' id='word_1_215' title='bbox 2360 3102 2503 3167; x_wconf 82' lang='lat' dir='ltr'>illo-</span> 
     </span>
     <span class='ocr_line' id='line_1_27' title="bbox 173 3206 2504 3301; baseline -0.003 -20"><span class='ocrx_word' id='word_1_216' title='bbox 173 3240 324 3281; x_wconf 89' lang='lat' dir='ltr'>rum</span> <span class='ocrx_word' id='word_1_217' title='bbox 364 3212 683 3301; x_wconf 89' lang='lat' dir='ltr'>propriae.</span> <span class='ocrx_word' id='word_1_218' title='bbox 742 3211 990 3276; x_wconf 90' lang='lat' dir='ltr'>Verum</span> <span class='ocrx_word' id='word_1_219' title='bbox 1031 3230 1200 3272; x_wconf 91' lang='lat' dir='ltr'>anno</span> <span class='ocrx_word' id='word_1_220' title='bbox 1237 3209 1318 3273; x_wconf 80' lang='lat'>29</span> <span class='ocrx_word' id='word_1_221' title='bbox 1361 3233 1416 3273; x_wconf 90' lang='lat' dir='ltr'>a.</span> <span class='ocrx_word' id='word_1_222' title='bbox 1453 3206 1610 3273; x_wconf 91' lang='lat' dir='ltr'>Chr.</span> <span class='ocrx_word' id='word_1_223' title='bbox 1650 3209 1781 3274; x_wconf 93' lang='lat' dir='ltr'>Dio</span> <span class='ocrx_word' id='word_1_224' title='bbox 1827 3207 2013 3275; x_wconf 89' lang='lat' dir='ltr'>Cass.</span> <span class='ocrx_word' id='word_1_225' title='bbox 2037 3209 2153 3287; x_wconf 84' lang='lat' dir='ltr'>LI,</span> <span class='ocrx_word' id='word_1_226' title='bbox 2198 3208 2280 3275; x_wconf 83' lang='lat'>20</span> <span class='ocrx_word' id='word_1_227' title='bbox 2328 3211 2504 3295; x_wconf 92' lang='lat' dir='ltr'>(nam</span> 
     </span>
     <span class='ocr_line' id='line_1_28' title="bbox 175 3316 2505 3409; baseline -0.003 -19"><span class='ocrx_word' id='word_1_228' title='bbox 175 3325 230 3391; x_wconf 86' lang='lat' dir='ltr'>is</span> <span class='ocrx_word' id='word_1_229' title='bbox 284 3326 482 3409; x_wconf 81' lang='lat' dir='ltr'>longe</span> <span class='ocrx_word' id='word_1_230' title='bbox 541 3320 926 3408; x_wconf 86' lang='lat' dir='ltr'>praecipuus</span> <span class='ocrx_word' id='word_1_231' title='bbox 975 3317 1056 3381; x_wconf 88' lang='lat' dir='ltr'>de</span> <span class='ocrx_word' id='word_1_232' title='bbox 1105 3316 1230 3382; x_wconf 90' lang='lat' dir='ltr'>hoc</span> <span class='ocrx_word' id='word_1_233' title='bbox 1273 3327 1655 3403; x_wconf 82' lang='lat' dir='ltr'>argumento</span> <span class='ocrx_word' id='word_1_234' title='bbox 1697 3320 1882 3384; x_wconf 92' lang='lat' dir='ltr'>locus</span> <span class='ocrx_word' id='word_1_235' title='bbox 1926 3322 2051 3396; x_wconf 89' lang='lat' dir='ltr'>est)</span> <span class='ocrx_word' id='word_1_236' title='bbox 2098 3325 2317 3382; x_wconf 89' lang='lat' dir='ltr'>narrat</span> <span class='ocrx_word' id='word_1_237' title='bbox 2358 3316 2505 3382; x_wconf 91' lang='lat' dir='ltr'>Au-</span> 
     </span>
     <span class='ocr_line' id='line_1_29' title="bbox 179 3424 2506 3519; baseline -0.003 -22"><span class='ocrx_word' id='word_1_238' title='bbox 179 3443 448 3519; x_wconf 81' lang='lat' dir='ltr'>gustum</span> <span class='ocrx_word' id='word_1_239' title='bbox 505 3427 937 3503; x_wconf 86' lang='lat' dir='ltr'>concessisse,</span> <span class='ocrx_word' id='word_1_240' title='bbox 1001 3436 1074 3490; x_wconf 90' lang='lat' dir='ltr'>ut</span> <span class='ocrx_word' id='word_1_241' title='bbox 1134 3425 1309 3490; x_wconf 86' lang='lat' dir='ltr'>cives</span> <span class='ocrx_word' id='word_1_242' title='bbox 1364 3425 1637 3489; x_wconf 84' lang='lat' dir='ltr'>Romani</span> <span class='ocrx_word' id='word_1_243' title='bbox 1695 3448 1813 3511; x_wconf 90' lang='lat' dir='ltr'>per</span> <span class='ocrx_word' id='word_1_244' title='bbox 1863 3425 2090 3491; x_wconf 89' lang='lat' dir='ltr'>Asiam</span> <span class='ocrx_word' id='word_1_245' title='bbox 2140 3424 2382 3489; x_wconf 86' lang='lat' dir='ltr'>Romae</span> <span class='ocrx_word' id='word_1_246' title='bbox 2442 3436 2506 3491; x_wconf 94' lang='lat' dir='ltr'>et</span> 
     </span>
     <span class='ocr_line' id='line_1_30' title="bbox 180 3532 2507 3621; baseline -0.004 -15"><span class='ocrx_word' id='word_1_247' title='bbox 180 3542 362 3605; x_wconf 31' lang='lat' dir='ltr'>divo‘</span> <span class='ocrx_word' id='word_1_248' title='bbox 389 3536 560 3605; x_wconf 82' lang='lat' dir='ltr'>Iulio</span> <span class='ocrx_word' id='word_1_249' title='bbox 619 3535 926 3621; x_wconf 89' lang='lat' dir='ltr'>templum</span> <span class='ocrx_word' id='word_1_250' title='bbox 985 3532 1396 3599; x_wconf 86' lang='lat' dir='ltr'>aedificarent</span> <span class='ocrx_word' id='word_1_251' title='bbox 1445 3532 1692 3619; x_wconf 87' lang='lat' dir='ltr'>Ephesi</span> <span class='ocrx_word' id='word_1_252' title='bbox 1746 3543 1809 3598; x_wconf 89' lang='lat' dir='ltr'>et</span> <span class='ocrx_word' id='word_1_253' title='bbox 1860 3532 2172 3610; x_wconf 87' lang='lat' dir='ltr'>Nicaeae,</span> <span class='ocrx_word' id='word_1_254' title='bbox 2233 3544 2373 3601; x_wconf 89' lang='lat' dir='ltr'>tum</span> <span class='ocrx_word' id='word_1_255' title='bbox 2430 3543 2507 3597; x_wconf 93' lang='lat' dir='ltr'>ut</span> 
     </span>
     <span class='ocr_line' id='line_1_31' title="bbox 177 3638 2507 3736; baseline -0.004 -22"><span class='ocrx_word' id='word_1_256' title='bbox 177 3646 608 3736; x_wconf 81' lang='lat' dir='ltr'>provinciales</span> <span class='ocrx_word' id='word_1_257' title='bbox 661 3643 956 3708; x_wconf 90' lang='lat' dir='ltr'>homines</span> <span class='ocrx_word' id='word_1_258' title='bbox 1001 3642 1244 3707; x_wconf 85' lang='lat' dir='ltr'>Romae</span> <span class='ocrx_word' id='word_1_259' title='bbox 1293 3652 1356 3705; x_wconf 90' lang='lat' dir='ltr'>et</span> <span class='ocrx_word' id='word_1_260' title='bbox 1403 3640 1527 3706; x_wconf 91' lang='lat' dir='ltr'>sibi</span> <span class='ocrx_word' id='word_1_261' title='bbox 1569 3664 1685 3727; x_wconf 91' lang='lat' dir='ltr'>per</span> <span class='ocrx_word' id='word_1_262' title='bbox 1725 3638 1955 3709; x_wconf 84' lang='lat' dir='ltr'>Asiam</span> <span class='ocrx_word' id='word_1_263' title='bbox 1996 3640 2329 3724; x_wconf 89' lang='lat' dir='ltr'>Pergami,</span> <span class='ocrx_word' id='word_1_264' title='bbox 2392 3664 2507 3727; x_wconf 93' lang='lat' dir='ltr'>per</span> 
     </span>
     <span class='ocr_line' id='line_1_32' title="bbox 181 3749 2505 3842; baseline -0.003 -19"><span class='ocrx_word' id='word_1_265' title='bbox 181 3756 552 3842; x_wconf 82' lang='lat' dir='ltr'>Bithyniam</span> <span class='ocrx_word' id='word_1_266' title='bbox 597 3752 1010 3818; x_wconf 87' lang='lat' dir='ltr'>Nicomediae</span> <span class='ocrx_word' id='word_1_267' title='bbox 1057 3749 1286 3816; x_wconf 86' lang='lat' dir='ltr'>aedem</span> <span class='ocrx_word' id='word_1_268' title='bbox 1331 3761 1735 3827; x_wconf 84' lang='lat' dir='ltr'>extruerent,</span> <span class='ocrx_word' id='word_1_269' title='bbox 1800 3750 2057 3817; x_wconf 84' lang='lat' dir='ltr'>additos</span> <span class='ocrx_word' id='word_1_270' title='bbox 2114 3750 2307 3816; x_wconf 90' lang='lat' dir='ltr'>etiam</span> <span class='ocrx_word' id='word_1_271' title='bbox 2360 3771 2505 3815; x_wconf 90' lang='lat' dir='ltr'>esse</span> 
     </span>
     <span class='ocr_line' id='line_1_33' title="bbox 183 3859 2504 3951; baseline -0.003 -20"><span class='ocrx_word' id='word_1_272' title='bbox 183 3866 420 3951; x_wconf 87' lang='lat' dir='ltr'>templo</span> <span class='ocrx_word' id='word_1_273' title='bbox 465 3864 862 3948; x_wconf 84' lang='lat' dir='ltr'>Pergameno</span> <span class='ocrx_word' id='word_1_274' title='bbox 900 3859 1114 3924; x_wconf 88' lang='lat' dir='ltr'>ludos.</span> <span class='ocrx_word' id='word_1_275' title='bbox 1201 3859 1358 3923; x_wconf 93' lang='lat' dir='ltr'>Duo</span> <span class='ocrx_word' id='word_1_276' title='bbox 1396 3859 1487 3924; x_wconf 91' lang='lat' dir='ltr'>ibi</span> <span class='ocrx_word' id='word_1_277' title='bbox 1528 3881 1769 3945; x_wconf 86' lang='lat' dir='ltr'>genera</span> <span class='ocrx_word' id='word_1_278' title='bbox 1804 3859 2186 3945; x_wconf 89' lang='lat' dir='ltr'>templorum</span> <span class='ocrx_word' id='word_1_279' title='bbox 2226 3880 2504 3923; x_wconf 92' lang='lat' dir='ltr'>comme-</span> 
     </span>
     <span class='ocr_line' id='line_1_34' title="bbox 185 3967 2505 4053; baseline -0.004 -13"><span class='ocrx_word' id='word_1_280' title='bbox 185 3984 534 4050; x_wconf 87' lang='lat' dir='ltr'>morantur,</span> <span class='ocrx_word' id='word_1_281' title='bbox 577 3992 799 4046; x_wconf 88' lang='lat' dir='ltr'>unum,</span> <span class='ocrx_word' id='word_1_282' title='bbox 840 3968 908 4033; x_wconf 90' lang='lat' dir='ltr'>in</span> <span class='ocrx_word' id='word_1_283' title='bbox 954 3989 1084 4053; x_wconf 89' lang='lat' dir='ltr'>quo</span> <span class='ocrx_word' id='word_1_284' title='bbox 1119 3967 1326 4032; x_wconf 88' lang='lat' dir='ltr'>Roma</span> <span class='ocrx_word' id='word_1_285' title='bbox 1369 3991 1517 4033; x_wconf 91' lang='lat' dir='ltr'>cum</span> <span class='ocrx_word' id='word_1_286' title='bbox 1563 3968 1663 4045; x_wconf 91' lang='lat' dir='ltr'>iis,</span> <span class='ocrx_word' id='word_1_287' title='bbox 1708 3968 1821 4053; x_wconf 89' lang='lat' dir='ltr'>qui</span> <span class='ocrx_word' id='word_1_288' title='bbox 1860 3967 1927 4031; x_wconf 91' lang='lat' dir='ltr'>in</span> <span class='ocrx_word' id='word_1_289' title='bbox 1972 3967 2239 4031; x_wconf 88' lang='lat' dir='ltr'>deorum</span> <span class='ocrx_word' id='word_1_290' title='bbox 2278 3988 2505 4032; x_wconf 89' lang='lat' dir='ltr'>nume-</span> 
     </span>
     <span class='ocr_line' id='line_1_35' title="bbox 186 4074 2506 4161; baseline -0.003 -14"><span class='ocrx_word' id='word_1_291' title='bbox 186 4106 330 4149; x_wconf 90' lang='lat' dir='ltr'>rum</span> <span class='ocrx_word' id='word_1_292' title='bbox 372 4081 554 4147; x_wconf 88' lang='lat' dir='ltr'>relati</span> <span class='ocrx_word' id='word_1_293' title='bbox 603 4090 811 4155; x_wconf 88' lang='lat' dir='ltr'>erant,</span> <span class='ocrx_word' id='word_1_294' title='bbox 868 4077 1172 4152; x_wconf 89' lang='lat' dir='ltr'>alterum,</span> <span class='ocrx_word' id='word_1_295' title='bbox 1227 4076 1296 4139; x_wconf 89' lang='lat' dir='ltr'>in</span> <span class='ocrx_word' id='word_1_296' title='bbox 1339 4098 1469 4161; x_wconf 89' lang='lat' dir='ltr'>quo</span> <span class='ocrx_word' id='word_1_297' title='bbox 1516 4078 1739 4141; x_wconf 89' lang='lat' dir='ltr'>eadem</span> <span class='ocrx_word' id='word_1_298' title='bbox 1781 4076 1989 4141; x_wconf 86' lang='lat' dir='ltr'>Roma</span> <span class='ocrx_word' id='word_1_299' title='bbox 2038 4096 2185 4139; x_wconf 90' lang='lat' dir='ltr'>cum</span> <span class='ocrx_word' id='word_1_300' title='bbox 2234 4096 2340 4152; x_wconf 91' lang='lat' dir='ltr'>eo,</span> <span class='ocrx_word' id='word_1_301' title='bbox 2395 4074 2506 4159; x_wconf 86' lang='lat' dir='ltr'>qui</span> 
     </span>
     <span class='ocr_line' id='line_1_36' title="bbox 188 4184 2507 4273; baseline -0.003 -17"><span class='ocrx_word' id='word_1_302' title='bbox 188 4203 340 4258; x_wconf 86' lang='lat' dir='ltr'>tunc</span> <span class='ocrx_word' id='word_1_303' title='bbox 379 4189 652 4256; x_wconf 86' lang='lat' dir='ltr'>maxime</span> <span class='ocrx_word' id='word_1_304' title='bbox 688 4184 1060 4273; x_wconf 88' lang='lat' dir='ltr'>imperabat,</span> <span class='ocrx_word' id='word_1_305' title='bbox 1103 4184 1506 4263; x_wconf 87' lang='lat' dir='ltr'>colebantur3</span> <span class='ocrx_word' id='word_1_306' title='bbox 1550 4184 1714 4250; x_wconf 87' lang='lat' dir='ltr'>illud</span> <span class='ocrx_word' id='word_1_307' title='bbox 1746 4184 2075 4271; x_wconf 88' lang='lat' dir='ltr'>proprium</span> <span class='ocrx_word' id='word_1_308' title='bbox 2106 4195 2241 4249; x_wconf 90' lang='lat' dir='ltr'>erat</span> <span class='ocrx_word' id='word_1_309' title='bbox 2270 4184 2507 4249; x_wconf 84' lang='lat' dir='ltr'>civium</span> 
     </span>
     <span class='ocr_line' id='line_1_37' title="bbox 189 4292 2507 4382; baseline -0.004 -16"><span class='ocrx_word' id='word_1_310' title='bbox 189 4300 644 4374; x_wconf 87' lang='lat' dir='ltr'>Romanorum,</span> <span class='ocrx_word' id='word_1_311' title='bbox 685 4297 809 4362; x_wconf 91' lang='lat' dir='ltr'>hoc</span> <span class='ocrx_word' id='word_1_312' title='bbox 850 4294 1346 4382; x_wconf 87' lang='lat' dir='ltr'>provinciarum.</span> <span class='ocrx_word' id='word_1_313' title='bbox 1420 4294 1721 4380; x_wconf 85' lang='lat' dir='ltr'>Eumque</span> <span class='ocrx_word' id='word_1_314' title='bbox 1759 4315 2001 4359; x_wconf 87' lang='lat' dir='ltr'>morem</span> <span class='ocrx_word' id='word_1_315' title='bbox 2042 4292 2322 4358; x_wconf 80' lang='lat' dir='ltr'>servavit</span> <span class='ocrx_word' id='word_1_316' title='bbox 2362 4314 2507 4378; x_wconf 87' lang='lat' dir='ltr'>per-</span> 
     </span>
     <span class='ocr_line' id='line_1_38' title="bbox 93 4400 2509 4496; baseline -0.004 -20"><span class='ocrx_word' id='word_1_317' title='bbox 93 4488 96 4491; x_wconf 12' lang='lat'><em>*</em></span> <span class='ocrx_word' id='word_1_318' title='bbox 191 4421 380 4496; x_wconf 86' lang='lat' dir='ltr'>petuo</span> <span class='ocrx_word' id='word_1_319' title='bbox 439 4406 819 4491; x_wconf 87' lang='lat' dir='ltr'>Augustus,</span> <span class='ocrx_word' id='word_1_320' title='bbox 885 4404 1033 4489; x_wconf 88' lang='lat' dir='ltr'>qui,</span> <span class='ocrx_word' id='word_1_321' title='bbox 1099 4413 1172 4470; x_wconf 89' lang='lat' dir='ltr'>ut</span> <span class='ocrx_word' id='word_1_322' title='bbox 1223 4404 1314 4469; x_wconf 89' lang='lat' dir='ltr'>ait</span> <span class='ocrx_word' id='word_1_323' title='bbox 1373 4400 1725 4470; x_wconf 87' lang='lat' dir='ltr'>Suetonius</span> <span class='ocrx_word' id='word_1_324' title='bbox 1770 4402 1948 4489; x_wconf 83' lang='lat' dir='ltr'>Aug.</span> <span class='ocrx_word' id='word_1_325' title='bbox 2006 4424 2061 4467; x_wconf 90' lang='lat' dir='ltr'>c.</span> <span class='ocrx_word' id='word_1_326' title='bbox 2103 4402 2218 4479; x_wconf 82' lang='lat'>52,</span> <span class='ocrx_word' id='word_1_327' title='bbox 2280 4406 2509 4485; x_wconf 78' lang='lat' dir='ltr'>templa</span> 
     </span>
    </p>
   </div>
  </div>
 </body>
</html>
