2917 5017
497 326 616 392 144
1150 331 1232 380 De
1265 326 1438 379 Gallia
1473 284 1825 390 Romanorum
1874 323 2151 388 provincia.

492 493 784 558 libertate
829 492 1080 568 fuisset,
1109 501 1278 556 tunc
1316 488 1569 552 dudum
1609 499 1745 552 erat
1790 486 2087 552 abolitus.
2164 485 2278 550 Sic
2322 485 2521 570 igitur
2562 492 2764 548 statue·
2857 463 2859 468 ³

495 625 662 678 mus,
703 611 870 666 sorte
905 600 1088 664 illum
1123 597 1448 684 accepisse
1475 580 1823 672 Baeticam,
1864 596 1931 658 in
1968 617 2162 680 quam
2197 617 2343 658 cum
2377 615 2491 679 per
2516 591 2767 656 Africam
2850 652 2858 683 1

494 709 1027 796 proficisceretur,
1071 707 1224 790 quia
1265 705 1521 770 interim
1558 704 1940 769 Maurorum
1982 701 2221 767 bellum
2270 701 2603 767 conflatum
2648 710 2769 776 erat,
2850 724 2858 821 1

494 828 738 882 mutata
781 827 950 882 sorte
985 817 1310 900 accepisse
1335 811 1721 879 Sardiniam.
1788 811 1935 876 Hoc
1964 821 2179 875 autem
2210 809 2517 880 acciderit
2546 830 2773 872 necesse
2850 828 2860 893 ξ

495 939 594 992 est
637 947 804 990 anno
849 924 1104 988 circiter
1151 923 1269 990 172
1309 946 1374 1009 p.
1414 919 1569 987 Chr.
1657 919 1823 984 Nam
1867 930 2235 1006 praeturam
2280 917 2563 984 Severus
2608 917 2775 1002 gessit
2852 973 2855 983 .

493 1057 658 1099 anno
697 1033 920 1098 aetatis
961 1032 1290 1116 trigesimo
1331 1031 1533 1096 altero
1581 1026 1825 1115 (Spart.
1864 1050 1919 1092 c.
1954 1027 2023 1110 3)
2067 1027 2111 1090 i.
2156 1047 2235 1102 e.‚
2282 1049 2431 1090 cum
2478 1046 2642 1090 anno
2687 1024 2778 1090 146
2858 1038 2861 1073 ³

496 1153 684 1207 natus
727 1153 940 1219 esset„
963 1163 1130 1206 anno
1178 1140 1326 1214 1773
1375 1148 1563 1203 antea
1603 1138 1811 1202 fuerat
1853 1136 2155 1202 tribunus
2197 1133 2405 1220 plebis
2454 1144 2520 1198 et
2559 1134 2781 1218 legatus
2855 1177 2861 1184 .

499 1250 910 1336 proconsulis
958 1248 1248 1325 Africae,
1307 1246 1547 1332 quibus
1606 1244 1983 1310 muneribus
2038 1244 2093 1308 si
2145 1241 2640 1328 quadriennium
2692 1241 2782 1302 tri-
2858 1231 2861 1236 ’

497 1359 806 1436 buemus,
850 1366 1198 1442 quaestura
1238 1356 1304 1419 in
1347 1378 1528 1431 eum,
1574 1377 1766 1439 quem
1805 1352 1961 1429 dixi,
2006 1374 2247 1416 annum
2288 1350 2567 1426 incidet3
2628 1359 2783 1432 atque
2858 1365 2860 1398 2

497 1467 582 1531 ad
627 1467 800 1531 idem
845 1477 1102 1550 tempus
1147 1465 1529 1529 Maurorum
1584 1462 1823 1528 bellum
1843 1508 1862 1538 ,
1923 1460 2099 1544 quod
2142 1456 2556 1544 Capitolinus
2595 1457 2783 1520 Marco
2855 1472 2861 1510 4¹

501 1599 556 1640 c.
591 1576 663 1642 21
715 1583 1188 1650 commemorat,
1225 1571 1637 1638 referendum
1672 1571 1809 1636 erit.
1876 1568 2016 1633 Nec
2058 1579 2271 1634 tamen
2305 1564 2541 1632 Severi
2576 1576 2785 1630 tantum
2858 1557 2860 1572 ²

497 1684 858 1769 quaestoria
915 1705 1056 1748 sors
1115 1691 1272 1746 tunc
1327 1690 1571 1746 mutata
1627 1689 1725 1744 est
1742 1727 1760 1756 ‚
1828 1678 1943 1743 sed
1994 1675 2255 1742 omnino
2312 1687 2449 1740 tota
2495 1673 2789 1760 provincia

498 1793 780 1867 Baetica,
825 1814 988 1876 quae
1031 1791 1098 1855 in
1143 1799 1403 1856 senatus
1447 1797 1761 1875 potestate
1801 1788 2032 1863 fuerat,
2076 1809 2222 1850 cum
2264 1784 2590 1860 Sardinia,
2628 1804 2787 1866 quam

498 1901 650 1965 inde
687 1900 768 1966 ab
793 1900 1196 1986 Vespasiano
1231 1896 1635 1984 imperatoris
1677 1917 1820 1960 esse
1854 1881 2271 1959 consuevisse
2302 1893 2367 1957 in
2394 1891 2789 1957 Commentat.

505 2008 838 2094 epigraph.
881 2010 950 2072 Π
1005 2033 1072 2094 p.
1118 2007 1240 2072 267
1303 2004 1917 2081 demonstravimus,
1982 2012 2401 2077 commutata,
2464 1998 2791 2080 mansitque
2857 2061 2859 2068 ,

501 2116 897 2202 aliquamdiu
939 2116 1050 2179 illa
1083 2114 1260 2200 apud
1303 2114 1751 2198 imperatorem
1772 2159 1791 2188 ,
1846 2112 2005 2177 haec
2048 2111 2219 2197 apud
2264 2119 2581 2175 senatum.
2658 2105 2791 2170 Nam
2858 2125 2860 2148 ³

373 2303 380 2310 .
499 2223 582 2288 L.
626 2223 976 2309 Ragonius-
1017 2222 1353 2288 Urinatius
1409 2221 1685 2286 Larcius
1740 2220 2135 2302 Quintianus
2181 2239 2416 2301 procos.
2458 2239 2634 2300 prov.
2676 2219 2791 2277 Sar·
2858 2237 2861 2272 1

487 2334 710 2402 ,diniae
769 2329 1126 2396 Commodo
1188 2331 1545 2415 imperante
1603 2330 1969 2394 nominatur
2024 2328 2199 2414 apud
2251 2325 2453 2392 Orell.
2509 2350 2575 2390 n.
2624 2324 2793 2396 64923
2846 2379 2860 2444 J

503 2435 904 2504 Commodus
943 2440 1144 2525 igitur
1183 2439 1599 2503 mutationem
1630 2462 1677 2502 -a
1708 2447 1887 2523 patre
1926 2439 2161 2503 factam
2199 2434 2451 2520 imperii
2496 2434 2603 2499 sui
2644 2432 2796 2496 initio
2851 2451 2861 2490 ‘a

503 2548 926 2616 conservavit.
1015 2545 1148 2612 Sed
1193 2547 1368 2611 idem
1411 2557 1624 2611 tamen
1666 2543 2065 2610 Commodus
2106 2555 2363 2631 postea,
2430 2566 2585 2608 cum
2632 2541 2798 2604 Mau·
2847 2590 2860 2617 „

501 2677 721 2721 rorum
757 2666 966 2720 metus
1003 2654 1296 2720 sublatus
1323 2664 1513 2725 esset,
1548 2654 1803 2719 reddita
1830 2655 2081 2718 senatui
2105 2653 2371 2718 Baetica
2394 2653 2539 2736 ipse
2571 2650 2801 2715 videtur

505 2760 872 2828 Sardiniam
915 2763 1261 2848 recepisse.
1341 2763 1603 2826 Etenim
1652 2762 1905 2826 circiter
1944 2785 2186 2827 annum
2238 2761 2352 2827 197
2397 2785 2463 2846 p.
2506 2759 2664 2826 Chr.
2707 2782 2799 2844 po·
2858 2789 2861 2819 ι

507 2871 668 2936 situs
722 2881 820 2936 est
869 2872 1032 2957 lapis
1070 2872 1382 2937 miliarius
1428 2871 1603 2956 apud
1649 2868 1853 2935 Orell.
1898 2893 1961 2934 n.
2006 2870 2205 2947 5191,
2266 2869 2335 2933 in
2382 2892 2515 2954 quo
2558 2869 2797 2934 Marcus
2858 2873 2860 2938 4

503 2979 855 3044 Marcellus
897 2979 980 3044 V.
1024 2979 1104 3047 E.
1149 2977 1487 3046 Sardiniae
1544 2989 1923 3064 procurator
1976 2975 2273 3063 Septimii
2319 2976 2552 3044 Severi
2598 2989 2659 3042 et
2693 2973 2797 3040 Ca·
2859 2955 2860 2960 ἵ

501 3086 716 3152 racalli
777 3087 1164 3173 appellatur3
1245 3098 1344 3152 est
1403 3087 1595 3152 etiam
1648 3087 1813 3152 alius
1872 3087 2097 3151 titulus
2154 3087 2331 3173 apud
2392 3085 2602 3152 Orell.
2659 3082 2797 3150 5494

503 3196 580 3259 Ρ.
627 3196 843 3261 Porcii
893 3193 1118 3280 Optati
1170 3195 1499 3260 Flammae
1518 3242 1535 3271 ,
1600 3196 1712 3279 qui
1771 3218 1938 3260 anno
1987 3195 2105 3261 196
2159 3220 2198 3260 a
2250 3205 2478 3260 senatu
2530 3204 2800 3260 narratur
2858 3193 2861 3253 ζ

504 3303 756 3388 legatus
797 3302 1036 3368 missus
1079 3325 1222 3368 esse
1263 3303 1348 3368 ad
1391 3304 1545 3390 imp.
1591 3303 1981 3390 Septimium
2026 3300 2345 3368 Severum
2388 3316 2453 3368 et
2498 3314 2645 3368 ante
2682 3325 2795 3366 eam
2858 3323 2860 3366 ε

501 3411 894 3496 legationem
939 3433 1066 3475 non
1120 3411 1314 3476 modo
1364 3423 1659 3497 praetor,
1719 3413 1835 3477 sed
1876 3413 2067 3477 etiam
2110 3422 2415 3497 quaestor
2454 3411 2793 3498 provinciae

506 3520 802 3584 Baeticae
857 3519 1093 3584 fuisse:
1162 3542 1328 3604 quae
1367 3531 1713 3604 quaestura
1752 3521 1819 3584 in
1861 3521 2137 3606 primum
2186 3519 2413 3586 Severi
2454 3523 2602 3600 vel,
2652 3516 2781 3605 quod

503 3628 712 3714 magis
755 3628 970 3706 cred0‚
1013 3628 1079 3692 in
1121 3639 1479 3714 postremos
1525 3627 1869 3694 Commodi
1912 3650 2115 3694 annos
2160 3630 2420 3695 incidet.

673 3736 802 3801 Per
840 3737 1070 3822 viginti
1109 3737 1312 3822 igitur
1351 3739 1487 3804 fere
1528 3760 1729 3804 annos
1770 3739 1853 3804 ab
1890 3761 2059 3804 anno
2105 3739 2224 3806 172
2267 3761 2331 3824 p.
2376 3735 2536 3802 Chr.
2582 3736 2795 3819 Hispa-

502 3845 674 3910 niam
734 3845 1060 3909 Baeticam
1127 3845 1587 3931 imperatorum
1647 3848 1879 3934 legatis
1894 3895 1911 3925 ,
1992 3870 2121 3912 non
2180 3846 2673 3933 proconsulibus
2730 3840 2797 3904 ab

506 3963 734 4018 senatu
787 3952 1002 4017 missis
1059 3954 1350 4039 paruisse
1409 3954 1781 4022 didicimus.
1880 3954 2201 4042 Suscepta
2254 3965 2471 4020 autem
2522 3966 2621 4020 est
2660 3953 2799 4016 haec
2859 3979 2860 4042 j

504 4061 796 4138 mutati0,
837 4083 969 4126 non
1010 4071 1086 4124 ut
1123 4083 1318 4126 onera
1358 4063 1731 4148 provinciae
1773 4065 2144 4130 levarentur
2157 4110 2175 4140 ,
2220 4084 2387 4146 quae
2430 4087 2627 4130 causa
2664 4062 2797 4126 olim

503 4168 767 4234 Tiberio
821 4170 1032 4236 fuerat
1045 4218 1064 4248 ,
1125 4180 1198 4234 ut
1237 4170 1553 4236 Achaiam
1602 4171 1682 4237 ab
1724 4182 1951 4238 senatu
1994 4171 2077 4238 ad
2122 4195 2305 4236 suam
2348 4194 2571 4238 curam
2612 4186 2797 4237 trans·

503 4279 719 4356 ferret,
768 4301 888 4344 nec
929 4289 1004 4342 ut
1041 4280 1335 4345 civitates
1373 4279 1613 4345 leniore
1654 4290 1913 4346 senatus
1951 4281 2221 4367 imperio
2260 4292 2594 4368 corruptae
2635 4301 2793 4346 seve·-
2859 4287 2860 4322 3

505 4387 674 4452 riore
708 4388 906 4473 legati
933 4388 1278 4474 disciplina
1307 4402 1863 4474 componerentur,
1907 4412 2103 4475 quam
2127 4388 2215 4456 'ob
2246 4413 2504 4456 causam
2539 4389 2793 4455 Plinium
