2917 5017
828 320 909 368 De
947 317 1118 370 Gallia
1155 321 1509 370 Romanorum
1556 321 1833 386 provincia.
2388 316 2472 384 99

197 478 312 544 Sed
352 481 602 565 quando
640 483 806 546 hanc
843 481 1228 546 divisionem
1267 481 1625 548 institutam
1656 505 1799 548 esse
1829 483 2242 569 putabimus?
2306 483 2473 548 Nam

190 589 340 671 quod
375 599 468 654 est
503 592 650 652 inde
691 595 792 652 uti
831 595 990 653 Iulio
1031 593 1329 652 dictatori
1364 613 1583 652 cessere
1626 601 1689 654 et
1730 591 1813 654 ad
1854 591 2069 677 ipsum
2109 588 2473 668 Caesa-rem,

189 698 280 780 qui
318 697 600 781 subegit,
666 709 728 762 et
769 699 854 763 ad
893 696 1310 782 Augustum,
1369 697 1481 780 qui
1526 719 1607 762 ex
1652 698 1839 764 bellis
1882 699 2185 764 civilibus
2224 700 2472 786 primus

188 807 528 890 composuit,
569 818 779 892 potest
820 806 1160 892 pertinere.
1243 803 1418 870 Num
1459 806 1663 891 igitur
1700 803 1945 872 Caesar
1982 818 2291 891 quattuor
2332 808 2473 872 illa-

184 937 305 978 rum
342 915 814 998 provinciarum
857 924 1084 979 auctor
1126 913 1291 976 fuit?
1369 912 1503 994 Qui
1544 914 1854 998 quamdiu
1900 915 2257 1000 imperavit,
2304 939 2472 980 nun-

182 1045 344 1104 quam
375 1000 694 1106 ⁴quattuor
747 1023 860 1106 qui
907 1021 1186 1088 Galliam
1241 1020 1665 1099 obtinuerint,
1732 1024 2151 1108 proconsules
2192 1045 2471 1088 comme-

181 1139 476 1195 morantur
535 1131 808 1216 ipsoque
827 1177 846 1206 ,
923 1151 1054 1214 quo
1117 1131 1386 1194 subacta
1439 1131 1745 1195 universa
1795 1132 2131 1217 republica
2184 1131 2475 1196 Romana

181 1237 447 1314 decessit,
505 1260 676 1302 anno
733 1238 814 1302 L.
854 1238 1136 1302 Plancus
1183 1249 1246 1302 et
1290 1238 1384 1302 M.
1431 1237 1727 1324 Lepidus
1776 1238 1869 1302 ita
1904 1249 2245 1303 narrantur
2286 1261 2472 1324 prae·-

182 1345 374 1421 fuisse,
413 1356 487 1409 ut
530 1347 852 1412 neminem
891 1357 1048 1410 tunc
1091 1344 1289 1409 alium
1334 1367 1483 1410 cum
1522 1346 1790 1431 imperio
1837 1356 2027 1429 atque
2073 1348 2363 1412 exercitu
2404 1348 2471 1410 in

182 1451 364 1516 Gallia
397 1455 604 1520 fuisse
643 1453 996 1518 debeamus
1035 1452 1358 1537 colligere.
1429 1453 1843 1537 Relinquitur
1876 1453 2078 1539 igitur
2104 1456 2471 1540 Augustus,

183 1583 344 1644 quem
380 1564 772 1629 Ammianus
815 1583 942 1625 non
991 1562 1204 1626 minus
1249 1583 1444 1646 quam
1490 1560 1723 1626 Strabo
1766 1574 2073 1646 quattuor
2114 1560 2471 1628 Galliarum

183 1671 509 1752 provincias
551 1670 914 1736 instituisse
955 1668 1210 1733 referat.
1285 1666 1420 1732 Sed
1459 1691 1661 1734 unum
1704 1682 1803 1736 est
1844 1671 2021 1757 apud
2060 1669 2255 1746 hunc,
2298 1671 2473 1755 quod

193 1800 439 1862 magnam
496 1781 732 1845 merito
777 1777 1246 1842 dubitationem
1287 1788 1575 1852 moveat,
1629 1779 1804 1862 quod
1840 1778 2247 1844 Narbonensi
2273 1779 2474 1844 Vien-

189 1907 408 1952 nensem
453 1901 518 1954 et
557 1886 1074 1971 Lugdunensem
1123 1885 1520 1971 provinciam
1566 1887 1877 1952 contineri
1920 1887 2027 1950 ait.
2120 1885 2201 1951 Id
2248 1908 2474 1950 verum

183 2015 298 2058 esse
343 1997 568 2082 utique
622 1994 866 2080 nequit.
959 1991 1034 2057 Si
1081 1994 1252 2058 enim
1307 2003 1507 2058 totam
1546 1994 2065 2080 Lugdunensem
2108 1993 2259 2058 olim
2304 1993 2470 2059 Nar·-

181 2100 414 2169 bonensi
455 2103 986 2190 comprehensam
1031 2123 1174 2166 esse
1221 2102 1507 2187 putabat,
1553 2103 1729 2188 quod
1768 2103 2027 2168 tandem
2062 2125 2297 2168 nomen
2338 2116 2473 2168 erat

175 2223 407 2292 quartae
448 2214 630 2278 illius
680 2211 1068 2297 provinciae,
1113 2232 1310 2294 quam
1349 2221 1601 2294 praeter
1635 2211 1967 2297 Belgicam
2007 2211 2075 2274 in
2105 2209 2471 2278 Germaniis

176 2317 496 2406 Belgisque
565 2321 770 2405 fuisse
827 2319 1028 2384 dicit?
1117 2316 1236 2382 Sin
1295 2318 1390 2382 sic
1445 2318 1587 2382 eius
1644 2317 1843 2383 verba
1892 2317 2473 2404 interpretabimur,

177 2437 235 2488 ut
281 2439 522 2511 partem
582 2439 830 2494 tantum
886 2426 1354 2512 Lugdunensis
1411 2426 1494 2490 ad
1554 2425 2037 2491 Narbonensem
2086 2426 2475 2511 pertinuisse

178 2535 626 2612 existimemus,
690 2536 992 2620 quoniam
1033 2535 1248 2618 ipsum
1294 2533 1700 2616 Lugdunum
1744 2557 1947 2619 prope
1990 2534 2477 2600 Narbonensem

183 2640 343 2707 situm
386 2656 520 2722 est,
584 2643 950 2709 necessario
993 2641 1360 2707 faciendum
1403 2642 1557 2718 erit,
1604 2651 1679 2706 ut
1720 2641 1886 2707 hanc
1922 2642 2183 2718 urbem,
2223 2664 2303 2706 ex
2347 2664 2477 2727 qua

184 2769 378 2816 nomen
413 2751 700 2816 habebat
739 2751 1048 2816 universa
1086 2750 1446 2835 provincia,
1500 2771 1583 2813 ex
1617 2771 1693 2812 ea
1734 2759 2093 2834 exemptam
2124 2749 2477 2834 alienisque

195 2852 384 2923 finibus
431 2860 754 2924 adiectam
799 2859 1002 2923 fuisse
1046 2869 1367 2942 putemus.
1435 2857 1609 2922 Illud
1648 2857 1909 2940 quidem
1952 2856 2123 2941 quod
2164 2857 2245 2920 de
2274 2856 2475 2921 Vien-

186 2965 334 3027 nensi
387 2946 722 3044 narratur,
782 2966 971 3031 facile
1030 2965 1444 3050 intelligitur,
1508 2964 1682 3049 quod
1726 2964 2109 3030 Ammianus
2159 2965 2313 3051 quia
2358 2987 2479 3031 sua

180 3081 351 3138 aetate
405 3075 736 3160 propriam
780 3073 1166 3140 Viennensis
1221 3073 1617 3158 provinciam
1670 3095 1815 3139 esse
1868 3074 2160 3150 videbat,
2220 3074 2475 3153 adiecit,

181 3178 276 3240 sed
316 3181 394 3246 de
437 3181 880 3267 Lugdunensi
926 3181 1066 3246 fieri
1107 3202 1238 3246 non
1283 3180 1521 3265 poterit
1562 3182 1719 3265 quin
1764 3205 2045 3248 errorem
2088 3182 2369 3267 aliquem
2408 3183 2477 3246 in

179 3285 296 3351 eius
355 3290 576 3354 verbis
635 3290 848 3355 inesse
903 3299 1279 3354 statuamus.
1365 3288 1582 3369 Quem
1642 3301 1853 3354 tamen
1912 3312 2193 3356 errorem
2238 3291 2477 3354 iniuste

177 3391 366 3460 hercle
406 3398 634 3472 faciat,
686 3396 1030 3462 Ammiano
1069 3398 1184 3482 qui
1223 3397 1350 3482 ipsi
1387 3397 1665 3474 tribuat,
1710 3396 1951 3463 homini
1987 3411 2051 3462 et
2089 3397 2477 3484 peritissimo

179 3511 232 3564 et
267 3503 382 3570 hoc
427 3505 708 3570 maxime
747 3505 890 3568 loco
933 3503 1004 3568 id
1047 3506 1296 3591 agenti,
1355 3515 1429 3569 ut
1478 3517 1759 3570 veterem
1800 3507 2276 3590 provinciarum
2318 3505 2477 3571 Gal-

180 3609 422 3678 licarum
479 3613 868 3678 divisionem
925 3612 1232 3698 explicet3
1297 3635 1426 3696 qua
1472 3616 1541 3678 in
1588 3613 2009 3700 explicatione
2052 3635 2247 3696 quam
2292 3613 2377 3676 sit
2416 3624 2480 3676 et

189 3717 438 3806 diligens
491 3733 556 3785 et
599 3721 940 3786 vetustatis
977 3722 1259 3805 peritus,
1323 3722 1428 3786 vel
1477 3721 1640 3786 illud
1687 3721 2075 3786 documento
2116 3732 2246 3798 est,
2302 3720 2479 3807 quod

185 3826 426 3894 alterum
469 3853 550 3894 ex
589 3828 1002 3914 praesidibus
1043 3829 1388 3914 Aquitanis
1432 3828 1757 3894 universis
1802 3829 2159 3914 praefuisse
2203 3829 2323 3905 ait,
2378 3829 2478 3892 ni-

181 3935 390 4002 mirum
428 3938 574 4002 illos
615 3937 1126 4021 quattuordecim
1171 3936 1545 4023 significans
1582 3936 1853 4023 populos
1890 3936 2057 3999 inter
2082 3934 2481 4002 Garumnam

127 4059 138 4068 ·
183 4052 238 4106 et
271 4045 556 4132 Ligerim
599 4044 980 4120 habitantes,
1027 4067 1192 4131 quos
1235 4044 1471 4110 Strabo
1510 4045 1630 4122 IV,
1684 4047 1723 4110 2
1782 4044 1864 4110 ab
1902 4044 2211 4128 Augusto
2266 4056 2481 4110 narrat

185 4151 256 4214 ad
289 4153 697 4238 Aquitaniam
735 4174 878 4218 esse
913 4153 1219 4220 adiectos.
1287 4155 1392 4218 Ac
1435 4153 1539 4220 sui
1577 4152 1843 4238 quidem
1881 4150 2185 4236 temporis
2218 4153 2479 4236 provin-

189 4259 302 4326 cias
342 4271 637 4328 accurate
681 4283 834 4326 sane
876 4263 1286 4346 persequitur
1301 4309 1319 4338 ,
1381 4271 1457 4325 ut
1494 4262 1561 4325 in
1602 4259 1895 4345 Augusti
1936 4257 2337 4324 nobilissimo
2379 4258 2481 4322 in-

191 4367 388 4434 stituto
431 4394 580 4436 eum
619 4368 890 4454 turpiter
931 4391 1180 4434 errasse
1219 4370 1483 4434 credere
1525 4390 1856 4452 nequeam.
1933 4367 2153 4446 Quare
2186 4365 2481 4432 librario-

1948 4479 1951 4482 .
1990 4475 2026 4538 7
2048 4479 2081 4510 ⁴,
