2917 5017
437 283 555 350 184
942 286 1026 334 De
1061 282 1233 334 Gallia
1267 283 1621 338 Romanorum
1659 285 1921 348 provincia
1958 285 2234 348 appendix,

427 473 623 538 quem
662 450 950 537 proxime
991 448 1272 512 initurus
1319 456 1509 522 esset,
1552 469 1623 510 se
1662 445 1837 532 apud
1882 455 2173 512 senatum
2218 447 2617 522 effecturum,
2664 466 2741 510 ne

429 560 577 644 quis
635 559 758 624 sibi
806 568 952 621 ante
1005 579 1243 622 annum
1285 555 1366 622 48
1426 572 1767 620 successor
1820 553 2177 619 mitteretur
2230 556 2446 640 itaque
2491 554 2561 618 in
2599 575 2743 639 pro-

431 666 644 732 vincia
713 667 1120 732 retineretur:
1211 663 1325 729 sed
1387 662 1751 748 postulasse
1816 685 1965 727 eum
2026 663 2371 748 quiequam
2432 661 2745 726 eiusmodi

429 797 618 840 nemo
663 775 946 840 tradidit.
1015 773 1234 856 Quare
1273 772 1450 857 quod
1484 771 1955 836 Mommsenius
1998 771 2181 856 quasi
2219 793 2339 857 pro
2371 779 2745 856 argumento

431 883 788 948 eommunis
837 882 1154 968 opinionis
1201 881 1404 957 affert,
1449 880 1602 966 quia
1644 903 1723 944 ex
1770 879 2022 944 duabus
2071 878 2429 944 rationibus
2473 879 2655 943 inter.
2683 901 2747 942 se

430 1013 660 1076 parum
692 1000 862 1055 reete
909 989 1198 1054 confusis
1239 987 1538 1066 efficitur,
1578 988 1827 1052 nullum
1862 998 1971 1052 est
2010 997 2463 1073 argumentum
2480 1013 2499 1065 ;
2544 1009 2747 1071 neque

429 1099 774 1185 quiequam
820 1098 1018 1174 aliud,
1069 1119 1198 1184 quo
1237 1096 1412 1161 illam
1455 1097 1821 1181 opinionem
1863 1095 2289 1173 demonstret,
2344 1096 2500 1162 addi
2540 1094 2749 1170 video,

429 1206 556 1271 nisi
597 1208 761 1272 forte
805 1207 979 1271 hune
1024 1203 1322 1270 Caesaris
1365 1204 1514 1270 bell.
1558 1205 1681 1270 civ.
1724 1204 1790 1281 I,
1840 1205 1879 1270 9
1920 1205 2170 1281 loeum,
2226 1205 2339 1289 qui
2376 1205 2445 1269 in
2486 1203 2751 1268 manda-

431 1317 544 1392 tis,
603 1339 767 1400 quae
828 1313 1103 1400 praetori
1146 1313 1384 1378 Roscio
1431 1324 1497 1378 et
1531 1313 1613 1378 L.
1655 1310 1919 1378 Caesari
1972 1313 2055 1378 ad
2106 1313 2491 1398 Pompeium
2552 1311 2752 1404 dedit,

431 1424 588 1488 haec
630 1423 834 1488 fuisse
878 1421 1132 1486 seribit:
1187 1425 1444 1485 doluisse
1480 1445 1555 1500 se,
1599 1425 1763 1502 quod
1784 1459 1864 1470 -—-
1893 1433 2095 1502 erepto
2137 1425 2459 1484 semenstri
2497 1425 2754 1500 imperio

430 1537 500 1594 in
541 1532 749 1593 urbem
792 1533 1211 1593 retraheretur
1224 1577 1241 1606 ‚
1303 1535 1479 1592 cuius
1520 1531 1785 1592 absentis
1828 1533 2132 1592 rationem
2193 1529 2408 1592 haberi
2444 1534 2757 1610 proximis

431 1643 693 1702 comitiis
737 1643 1009 1720 populus
1062 1643 1342 1701 iussisset.
1437 1637 1623 1719 Quae
1680 1638 1787 1702 ille
1839 1661 1987 1702 eum
2026 1637 2118 1701 sie
2157 1637 2640 1724 interpretatur,
2704 1638 2755 1701 si
2862 1677 2864 1708 ᾗ

433 1743 676 1810 Caesar
745 1755 1006 1810 coaetus
1068 1757 1236 1811 esset
1302 1768 1607 1832 praesens
1676 1758 1889 1833 petere
1955 1747 2390 1824 eonsulatum,
2459 1747 2757 1810 futurum

430 1841 654 1931 fuisse,
697 1864 771 1917 ut
810 1855 1144 1919 semenstri
1185 1855 1454 1941 imperio
1501 1855 1897 1940 privaretur,
1957 1855 2189 1920 leviter
2226 1855 2615 1920 inflectendo
2660 1877 2758 1918 ar—

432 1971 814 2046 gumentum
859 1963 1074 2038 efficit,
1121 1961 1295 2026 unde
1335 1962 1587 2026 nullum
1627 1962 1793 2026 effici
1831 1973 2061 2048 potest.
2128 1963 2352 2048 Neque
2394 1963 2565 2028 enim
2601 1963 2761 2048 quid

431 2071 724 2148 futurum
765 2069 991 2145 fuerit,
1047 2068 1104 2132 si
1147 2069 1395 2134 absenti
1449 2069 1673 2154 petitio
1730 2071 2150 2149 adimeretur,
2214 2069 2455 2138 Caesar
2511 2072 2760 2148 seribit,

434 2177 548 2242 sed
610 2177 871 2242 ineunte
930 2199 1096 2242 anno
1144 2177 1223 2241 49
1283 2200 1430 2242 eum
1488 2177 1709 2243 iussus
1771 2191 1942 2244 esset
2000 2179 2348 2257 decedere,
2412 2181 2761 2246 semenstri

432 2285 700 2371 imperio
755 2307 897 2350 sese
951 2285 1293 2370 spoliatum
1346 2307 1489 2350 esse
1539 2287 1850 2371 queritur.
1934 2287 2154 2370 Quare
2200 2311 2347 2354 eum
2392 2289 2562 2354 duae
2612 2291 2759 2354 illae

431 2417 559 2470 res,
603 2417 766 2478 quae
801 2403 1325 2479 argumentorum
1361 2395 1507 2460 loeo
1550 2394 1631 2460 ab
1652 2395 2080 2462 Mommsenio
2112 2397 2487 2476 afferuntur,
2527 2421 2763 2484 parum

433 2503 716 2578 valeant,
771 2501 932 2565 nihil
975 2501 1056 2565 de
1101 2501 1278 2565 exitu
1321 2503 1471 2566 anni
1514 2503 1592 2567 49
1638 2503 2008 2580 credemus,
2058 2504 2173 2568 sed
2215 2505 2283 2568 in
2326 2529 2403 2571 ea
2442 2507 2765 2572 sententia

380 2603 387 2609 ’
433 2608 940 2686 remanebimus,
1005 2632 1197 2693 quam
1243 2632 1438 2694 supra
1483 2611 1635 2676 satis
1680 2611 1898 2676 multis
1943 2612 2296 2679 rationibus
2338 2615 2763 2680 confirmasse

433 2717 752 2795 videmur,
789 2727 862 2781 ut
883 2717 1114 2783 Idibus
1141 2717 1616 2796 Novembribus
1646 2719 1796 2784 anni
1826 2719 1906 2785 50
1942 2720 2212 2786 alterum
2240 2722 2765 2807 quinquennium

435 2823 734 2894 Caesaris
778 2826 1162 2914 praeterisse
1208 2838 1585 2892 statuamus.

602 2936 708 3001 At·
737 2936 844 3002 alii
880 2937 1323 3023 imprimisque
1364 2936 1779 3002 Hofmannus
1822 2933 1961 3000 Cal.
2001 2933 2255 3000 Martiis
2287 2937 2436 3002 anni
2460 2938 2543 3003 49
2578 2939 2763 3004 exire

438 3044 744 3110 debuisse
787 3067 868 3110 ex
904 3046 1052 3132 lege
1098 3046 1463 3111 existimant
1518 3043 1657 3109 eius
1708 3044 2083 3130 imperium,
2137 3067 2332 3129 quam
2378 3049 2765 3113 sententiam

433 3176 559 3218 non
597 3153 811 3218 minus
848 3153 957 3218 ille
1000 3154 1370 3218 certissimis
1397 3153 1793 3238 argumentis
1824 3153 1915 3216 ita
1938 3153 2027 3216 ait
2060 3172 2203 3217 esse
2234 3153 2764 3234 demonstratam,
2863 3151 2864 3154 ¹

433 3270 508 3325 ut
549 3261 814 3324 refutari
854 3282 980 3324 non
1027 3260 1250 3344 possit.
1335 3260 1533 3342 Quod
1576 3253 1768 3345 quam
1814 3281 1964 3324 vere
2012 3260 2267 3340 dixerit,
2310 3263 2421 3346 qui
2462 3267 2763 3349 superio·
2862 3317 2864 3336 ,

434 3391 570 3434 rem
615 3377 897 3433 nostram
939 3368 1440 3454 disputationem
1478 3370 1773 3456 legerint,
1819 3368 2217 3434 iudicabunt.
2297 3371 2449 3455 Ipse
2494 3373 2761 3456 quidem

433 3499 566 3542 una
609 3477 732 3540 hae
773 3476 1018 3541 ratione
1059 3477 1294 3554 utitur,
1357 3500 1487 3562 qua
1526 3501 1780 3554 omnes,
1844 3478 1954 3562 qui
1996 3477 2223 3544 eodem
2266 3478 2371 3542 die
2414 3477 2761 3564 imperium
2863 3497 2864 3506 ³

435 3583 736 3652 Caesaris
777 3585 1156 3662 finiverunt,
1221 3585 1475 3672 decepti
1518 3597 1687 3650 sunt.
1762 3586 1907 3650 Lex
1949 3586 2240 3662 Vatinia,
2294 3587 2506 3671 inquit
2552 3610 2615 3672 p.
2658 3587 2761 3664 40,

432 3695 516 3758 ad
557 3691 697 3760 Cal.
735 3693 929 3758 Mart.
973 3694 1123 3757 anni
1162 3694 1241 3759 54
1285 3694 1677 3780 pertinebat3
1726 3694 1893 3768 adde
1928 3695 2199 3758 alterum
2242 3694 2763 3780 quinquennium

432 3803 578 3889 lege
634 3801 929 3888 Pompeii
983 3800 1340 3880 adiectum,
1399 3803 1813 3888 pervenietur
1869 3803 1953 3868 ad
2005 3800 2145 3868 Cal.
2204 3803 2399 3868 Mart.
2455 3804 2609 3868 anni
2658 3805 2760 3870 49.

433 3911 539 3975 De
578 3933 708 3995 qua
749 3910 992 3976 ratione
1038 3933 1185 3975 eum
1227 3934 1423 3997 supra
1465 3935 1527 3998 p.
1576 3911 1693 3976 165
1742 3913 1895 3976 satis
1938 3912 2184 3977 dietum
2230 3912 2333 3988 sit,
2378 3912 2541 3976 nihil
2584 3936 2763 3978 nune

365 4107 368 4110 ἡ
435 4018 754 4105 disputari
799 4040 962 4104 opus
1001 4031 1118 4084 est.
1197 4019 1475 4105 Reliqua
1516 4041 1681 4104 quae
1719 4018 1932 4096 habet,
1981 4020 2062 4085 ad
2106 4019 2277 4084 diem
2320 4020 2762 4086 definiendum

433 4126 594 4192 nihil
637 4126 853 4217 valent
893 4149 1014 4191 1166
1053 4126 1266 4192 minus
1310 4150 1457 4194 eum
1504 4127 1673 4194 Idib.
1715 4127 2056 4193 Novembr.
2100 4129 2250 4194 anni
2294 4129 2395 4205 40,
2438 4152 2601 4214 quas
2640 4152 2759 4194 nos

438 4235 776 4300 statuimus
793 4283 810 4313 ,
870 4257 1062 4322 quam
1117 4257 1266 4300 eum
1311 4232 1449 4301 Cal.
1493 4235 1685 4300 Mart.
1744 4237 1893 4302 anni
1936 4237 2015 4304 49
2072 4238 2480 4304 conveniunt.
2577 4237 2760 4302 Nihil
2863 4281 2864 4284 κ

435 4343 636 4430 igitur
684 4343 754 4407 in
810 4344 932 4410 hae
981 4343 1245 4429 quidem
1298 4367 1369 4410 re
1419 4345 1571 4409 novi
1614 4345 1797 4412 affert
1842 4367 1958 4412 nee
1997 4357 2209 4412 movet
2252 4369 2455 4412 novas
2499 4345 2755 4414 dubita-
