2917 5017
785 317 868 367 De
904 316 1075 367 Gallia
1108 316 1461 367 Romanorum
1505 320 1780 383 provincia.
2337 319 2424 385 63

170 502 222 539 re
260 481 547 542 consistere
586 503 861 561 unquam
903 504 1036 543 sum
1067 502 1323 562 passus:
1368 482 1721 561 desponsam
1765 486 2006 547 homini
2023 489 2150 547 iam
2175 488 2425 566 Syriam

170 588 351 647 ademi.
412 584 581 667 Quid
620 587 743 651 hoc
782 598 879 651 est
914 587 1299 673 desponsam
1346 587 1406 650 ei
1448 589 1654 652 fuisse
1681 588 1980 674 Syriam?
2029 592 2210 677 Lege
2239 588 2425 657 Sem·

170 694 352 778 pronia
392 694 755 759 consulibus
800 706 1143 781 antequam
1190 694 1718 779 designarentur,
1775 699 2145 783 provinciae
2201 699 2426 763 decer-

166 802 463 877 nebantur‚
521 826 713 886 quare
752 805 927 888 quod
976 802 1207 869 Cicero
1245 804 1471 869 Pisoni
1509 803 2070 881 ademit‚.ademit
2111 830 2279 872 anno
2321 807 2424 885 61,

165 920 453 994 postquam
476 910 629 975 Piso
660 912 787 976 iam
824 913 1013 977 aliam
1048 913 1444 998 provinciam
1477 935 1644 977 anno
1680 912 1764 978 62
1789 914 2112 980 decretam
2149 914 2424 981 tenebat.

164 1016 289 1083 Nam
332 1018 381 1082 si
420 1019 762 1084 ademisset
798 1018 1055 1105 Syriam
1103 1031 1445 1104 antequam
1491 1022 1646 1085 Piso
1690 1021 2072 1107 designatus
2115 1034 2245 1100 est,
2295 1046 2424 1088 non

164 1126 272 1210 ipsi,
312 1126 415 1189 sed
454 1128 711 1191 omnino
739 1128 1115 1193 consulibus
1154 1129 1391 1193 futuris
1432 1129 1792 1215 eripuisset.
1855 1131 1994 1195 Iam
2023 1132 2215 1217 Syria
2257 1154 2426 1196 anno

165 1234 223 1299 62
249 1234 456 1310 medio,
487 1259 619 1319 quo
648 1247 933 1322 tempore
960 1237 1331 1302 consulibus
1358 1238 1726 1321 provinciae
1758 1238 2198 1304 decernendae
2227 1251 2426 1315 erant,

166 1344 276 1426 quia
320 1345 721 1408 tummaxime
778 1368 817 1407 a
867 1346 1175 1429 Pompeio
1226 1346 1762 1431 componebatur,
1824 1348 2108 1412 nondum
2171 1348 2428 1411 omnino

166 1452 213 1514 in
245 1451 735 1516 deliberationem
778 1454 998 1516 venire
1044 1452 1270 1538 potuit.
1366 1452 1502 1517 Sed
1545 1478 1712 1519 anno
1757 1458 1830 1520 61
1885 1478 2032 1519 cum
2073 1455 2425 1540 Pompeius

171 1556 423 1625 Cal.Oct.
466 1561 863 1643 triumphum
910 1562 1113 1646 egerit
1149 1582 1223 1625 ac
1269 1562 1405 1625 sine
1434 1562 1636 1627 dubio
1661 1563 1986 1646 aliquanto
2023 1573 2168 1627 ante
2205 1563 2428 1627 relicta

176 1669 440 1751 provincia
479 1668 545 1733 in
564 1667 818 1733 Italiam
860 1669 1213 1744 advenerit,
1252 1681 1500 1754 poterat
1537 1672 1894 1735 rectissime
1940 1670 2302 1745 deliberari,
2345 1692 2424 1733 an

182 1776 231 1838 in
258 1774 461 1861 Syriam
498 1787 716 1841 rector
756 1787 929 1841 esset
972 1777 1343 1842 mittendus.
1430 1778 1601 1841 Tum
1647 1778 1802 1843 Piso
1841 1800 2034 1863 agere
2081 1778 2310 1863 coepit,
2353 1788 2427 1840 ut

185 1883 282 1947 sibi
314 1907 405 1967 pro
434 1908 501 1949 ea
518 1932 535 1960 ,
598 1908 793 1969 quam
837 1886 1132 1962 habebat,
1183 1886 1510 1971 provincia
1549 1884 1741 1970 Syria
1785 1886 2179 1962 traderetur,
2237 1887 2423 1950 cuius

172 1992 511 2076 cupiditatem
561 1991 795 2058 Cicero
842 1994 1231 2079 gratificans,
1278 1994 1526 2078 opinor,
1573 1992 1694 2057 Cn.
1743 1994 2082 2079 PompeiO,
2137 1994 2248 2077 qui
2297 2016 2422 2057 non

166 2099 231 2163 ita
261 2100 437 2164 videri
480 2103 679 2168 vellet
722 2100 981 2187 Syriam
1030 2124 1295 2188 pacasse
1315 2148 1332 2178 ,
1387 2113 1459 2166 ut
1515 2101 1732 2166 denuo
1777 2102 2098 2166 consulari
2139 2102 2428 2166 exercitu

172 2230 286 2292 opus
326 2222 484 2274 esset
536 2213 648 2294 (ac
696 2211 935 2275 scimus
978 2211 1287 2295 Pompeio
1342 2221 1702 2295 praetorem
1747 2210 2174 2291 successisse)
2235 2209 2428 2273 elusit

168 2313 401 2393 dieend0,
456 2328 804 2403 antequam
846 2319 1196 2403 Pompeius
1235 2317 1511 2382 redisset
1550 2318 1970 2401 institutaque
2013 2341 2132 2381 sua
2175 2316 2424 2382 senatui

166 2424 453 2506 probasset,
500 2450 633 2493 non
680 2440 970 2513 oportere
1012 2428 1093 2491 de
1136 2428 1327 2511 Syria
1368 2424 1582 2489 statui.
1667 2424 1766 2489 Ita
1808 2423 2122 2509 depulsus
2162 2424 2320 2489 Piso
2360 2426 2426 2488 in

164 2552 217 2594 ea
246 2556 412 2618 quam
447 2535 635 2600 initio
682 2547 1015 2622 acceperat
1062 2534 1391 2621 provincia
1431 2532 1806 2619 permansit.
1896 2530 2030 2595 Sed
2076 2554 2240 2615 quae
2285 2544 2426 2597 tan-

168 2639 275 2704 dem
312 2666 377 2707 ea
417 2644 601 2707 erat?
690 2641 951 2719 Cilicia,
1014 2643 1272 2728 opinor,
1326 2663 1494 2725 quae
1543 2662 1676 2704 una
1731 2650 1888 2705 tunc
1938 2656 2018 2704 ex
2076 2640 2426 2707 maioribus

173 2748 388 2815 vacabat.
440 2750 613 2817 Nam
635 2751 1019 2837 Hispaniam
1061 2751 1188 2814 iam
1232 2761 1419 2814 antea
1444 2749 1600 2813 Piso
1643 2770 1724 2811 ex
1771 2758 2070 2832 praetura
2111 2750 2426 2815 habuerat

188 2864 321 2938 atque
342 2858 479 2923 inde
518 2848 977 2945 triumpharat:
1018 2858 1387 2923 ulteriorem
1417 2856 1495 2922 C.
1521 2854 1766 2921 Caesar
1789 2878 1998 2941 usque
2031 2855 2114 2920 ad
2139 2858 2428 2922 medium

179 2984 349 3029 annum
382 2968 483 3043 60,
526 2989 676 3032 cum
722 2990 851 3031 non
896 2976 1229 3051 expectato
1270 2988 1646 3032 successore
1686 2964 1898 3040 rediit,
1951 2964 2229 3041 tenebat,
2273 2965 2429 3029 cite-

170 3070 342 3137 riorem
384 3097 547 3139 anno
592 3076 673 3140 59
704 3074 779 3139 P.
806 3074 1109 3140 Cornelio
1158 3072 1486 3159 Spintheri
1532 3073 1876 3138 obvenisse
1921 3073 2182 3137 scimus.
2240 3072 2430 3136 Man-

168 3178 289 3244 sisse
342 3194 553 3247 autem
610 3184 913 3248 Pisonem
972 3205 1205 3248 censeo
1263 3183 1330 3245 in
1391 3178 1624 3246 Cilicia
1677 3192 1848 3247 certe
1906 3201 2116 3264 usque
2180 3179 2263 3243 ad
2317 3202 2429 3243 an-

171 3308 279 3352 num
318 3291 390 3357 58
402 3316 418 3368 ;
476 3315 629 3357 nam
686 3314 854 3356 anno
900 3292 981 3357 59
1030 3313 1196 3375 quos
1240 3290 1646 3375 contemptim
1705 3299 2157 3355 commemorat
2199 3284 2430 3352 Cicero

180 3394 229 3455 ad
260 3396 331 3478 Q.
370 3399 443 3462 fr.
484 3401 554 3475 Ι,
602 3401 673 3476 2,
714 3400 786 3475 2,
844 3400 883 3466 7
929 3396 1195 3464 Ciliciae
1237 3408 1301 3463 et
1344 3394 1574 3482 Syriae
1613 3409 1929 3473 rectores,
1991 3419 2074 3461 ex
2123 3397 2202 3461 iis
2253 3396 2430 3460 hunc

173 3500 325 3570 fuisse
376 3507 615 3573 scimus
668 3508 751 3572 L.
802 3506 1125 3571 Marcium
1176 3506 1548 3591 Philippum
1573 3553 1590 3583 ,
1651 3506 1760 3571 ille
1815 3506 1962 3590 quis
2033 3526 2176 3569 esse
2226 3502 2434 3589 possit

178 3624 369 3692 praeter
406 3615 583 3680 hunc
628 3616 931 3680 Pisonem
951 3660 967 3691 ,
1024 3637 1172 3679 cum
1215 3635 1345 3698 quo
1388 3610 1624 3677 Cicero
1665 3636 1794 3678 non
1838 3614 2015 3677 leves
2065 3610 2430 3676 inimicitias

190 3716 375 3801 inierat,
432 3747 561 3789 non
619 3723 893 3809 reperi0.
986 3722 1214 3787 Restat
1254 3722 1520 3787 ultimus
1577 3744 1784 3787 annus
1839 3731 2178 3805 antequam
2221 3714 2436 3781 Gallia

184 3821 445 3917 Cisalpina
485 3833 553 3897 in
600 3854 751 3896 suae
786 3830 1154 3917 provinciae
1200 3830 1471 3894 formam
1513 3830 1776 3896 redacta
1822 3840 1938 3904 est,
1981 3850 2108 3913 quo
2127 3826 2209 3889 L.
2236 3826 2431 3889 Afra-

175 3934 281 4001 nius
316 3952 373 4004 et
406 3940 488 4022 Q.
518 3938 843 4005 Caecilius
886 3938 1194 4003 Metellus
1240 3934 1433 4003 Celer
1469 3937 1875 4002 consulatum
1919 3944 2280 4023 gesserunt,
2319 3932 2432 4018 qui

174 4064 405 4113 normam
442 4074 481 4115 a
520 4050 707 4115 nobis
748 4045 1144 4135 propositam
1180 4066 1445 4131 prorsus
1487 4044 1881 4110 confirmant.
1965 4043 2228 4125 Quibus
2268 4062 2432 4126 quae
2547 4074 2568 4087 -

174 4155 485 4234 provinciae
522 4168 861 4242 antequam
890 4155 1405 4239 designarentur,
1448 4174 1529 4216 ex
1554 4153 1702 4237 lege
1729 4152 2112 4237 Sempronia
2138 4149 2433 4215 decretae

178 4260 275 4324 sint
307 4266 593 4342 nescitur,
632 4264 747 4331 sed
792 4276 1135 4351 postquam
1179 4260 1629 4347 magistratum
1671 4260 1952 4325 inierunt
1997 4282 2145 4324 cum
2186 4257 2432 4323 bellum

179 4387 207 4427 a
239 4366 415 4437 Gallis
460 4374 717 4439 excitari
762 4372 1109 4445 videretur,
1158 4381 1419 4435 senatus
1465 4370 1766 4433 consules
1809 4367 1974 4432 duas
1999 4366 2248 4433 Gallias
2295 4386 2433 4430 sor-
