2917 5017
803 349 890 400 De
923 347 1098 401 Gaui·
1131 351 1483 402 Romanorum
1523 351 1802 416 provincia.
2384 350 2465 417 53

125 507 346 574 fuisse
395 513 698 578 novimus
743 523 810 580 et
841 537 922 578 ex
962 513 1123 580 urbe
1159 512 1467 582 Clodium
1504 517 1790 603 legatum
1819 517 2093 583 missum
2128 539 2273 582 esse
2310 516 2471 584 scri-

123 615 224 681 bit
266 617 691 686 Plutarchus.
749 622 1033 690 Necesse
1073 623 1277 711 igitur
1318 635 1418 690 est
1461 622 1541 690 C.
1587 623 1803 692 Cassii
1842 623 2001 691 Vari
2040 626 2329 711 legatum
2368 626 2471 690 in-

121 725 516 812 telligamus
555 739 750 815 atque
790 731 966 796 hunc
1001 732 1222 797 Italiae
1264 732 1627 819 praefuisse
1666 742 2043 800 statuamus.
2129 733 2281 818 Ipse
2322 732 2471 819 qui-

121 834 280 899 dem
334 836 572 901 consul
615 860 746 922 quo
789 850 1076 926 tempore
1103 837 1422 906 Claudius
1453 849 1795 927 superatus
1825 851 1945 917 est,
1984 840 2116 907 iam
2156 841 2225 905 in
2256 838 2473 908 Gallia

121 940 478 1029 Cisalpina
513 935 777 1010 uidetur
803 969 946 1014 esse
971 959 1303 1025 versatus3
1341 971 1491 1014 nam
1518 959 1581 1013 et
1607 945 1961 1034 Spartacus
1990 971 2073 1014 ne
2098 949 2167 1014 in
2191 945 2473 1015 Galliam

122 1063 508 1137 erumperet
557 1054 964 1120 metuebatur
1002 1079 1123 1122 nec
1163 1057 1337 1123 victo
1381 1057 1597 1143 legato
1632 1056 1795 1142 ipse,
1844 1056 1963 1122 sed
1997 1068 2257 1143 praetor
2292 1058 2469 1145 fugi-

121 1159 302 1226 tivos
343 1183 712 1248 aggressus
761 1173 878 1228 est.
938 1164 1312 1250 Insequenti
1355 1174 1573 1230 autem
1618 1184 1785 1230 anno
1810 1164 1913 1241 72,
1956 1187 2087 1250 quo
2104 1165 2187 1230 L.
2214 1163 2469 1232 Gellius

123 1268 476 1354 Poplicola
541 1279 605 1334 et
675 1267 798 1335 Cn.
855 1268 1198 1338 Cornelius
1253 1272 1579 1338 Lentulus
1642 1268 2001 1340 Clodianus
2064 1273 2469 1340 consulatum

125 1376 421 1442 inierunt
441 1423 462 1454 ,
535 1378 842 1462 quoniam
892 1403 1202 1466 magnum
1250 1380 1613 1466 periculum
1662 1402 1703 1445 a
1750 1380 2049 1468 fugitivis
2106 1381 2468 1459 timebatur,

129 1495 404 1550 senatus
453 1485 768 1550 trifariam
795 1485 1014 1553 Italiae
1053 1488 1317 1554 tutelam
1353 1487 1613 1564 divisit3
1655 1511 1805 1554 nam
1827 1489 2149 1554 Lentulus
2190 1489 2471 1555 mediam

123 1593 413 1671 Italiam,
457 1591 716 1659 Gellius
757 1595 1144 1673 inferiorem,
1185 1593 1456 1662 Cassius
1502 1607 1849 1682 prorogato
1891 1596 2159 1682 imperio
2188 1595 2470 1664 Galliam

134 1702 538 1767 defendebat
581 1702 1038 1788 adiutoresque
1082 1704 1234 1770 belli
1277 1714 1456 1770 erant
1502 1703 1587 1786 Q.
1632 1704 1869 1770 Arrius
1914 1715 1977 1769 et
2014 1702 2139 1770 Cn.
2182 1705 2467 1772 Manlius

144 1821 468 1894 praetores
512 1810 696 1896 (Liv.
753 1812 903 1896 epit.
937 1809 1207 1890 XCVI;
1269 1814 1446 1900 App.
1492 1811 1643 1877 bell.
1700 1811 1822 1877 civ.
1865 1812 1931 1891 1,
1988 1813 2157 1897 117).
2246 1812 2468 1895 Quare

143 1919 330 2002 quod
383 1917 769 1985 Plutarchus
829 1916 1048 1986 Crass.
1109 1922 1150 1987 9
1199 1918 1507 1986 Cassium
1562 1920 1841 2004 appellat
1906 1925 2014 2002 τῆς
2070 1922 2211 2005 περὶ
2259 1920 2467 1985 Πάδον

131 2026 444 2097 Γαλατίας
492 2028 826 2114 στρατηγόν
887 2031 1000 2118 (cf.
1044 2029 1220 2096 Flor.
1261 2029 1388 2105 III,
1428 2027 1531 2105 20,
1586 2029 1661 2093 10
1679 2052 1697 2104 ;
1758 2026 1953 2093 Ome.
1999 2027 2083 2106 V,
2133 2027 2243 2115 20)
2261 2075 2279 2107 ,
2337 2052 2469 2094 non

125 2136 212 2198 ita
253 2136 857 2221 interpretabimur,
899 2149 972 2203 ut
1009 2138 1070 2202 ei
1107 2136 1387 2219 Galliam
1423 2136 1529 2202 vel
1554 2133 2137 2222 Circumpadanam
2182 2139 2285 2204 vel
2318 2136 2469 2204 Cis-

127 2244 417 2330 alpinam
463 2255 792 2329 tamquam
831 2246 1223 2333 peculiarem
1258 2244 1657 2331 provinciam
1693 2245 1909 2310 datam
1952 2267 2095 2312 esse
2140 2257 2467 2334 putemus,

130 2353 246 2419 sed
288 2363 660 2439 prorogato
697 2376 844 2419 eum
871 2355 1140 2442 imperio
1173 2364 1529 2419 statuemus
1551 2353 1806 2419 iussum
1832 2375 1977 2418 esse
1998 2353 2173 2420 illam
2194 2356 2469 2420 maxime

126 2462 360 2528 Italiae
421 2471 676 2546 partem
743 2461 928 2527 tueri.
1025 2458 1132 2528 Ac
1193 2463 1501 2547 quoniam
1554 2483 1729 2526 more
1780 2463 2075 2528 Romano
2126 2463 2469 2549 imperium

127 2582 274 2656 post
319 2569 746 2636 consulatum
789 2570 1126 2655 prorogari
1168 2591 1300 2634 non
1339 2580 1555 2655 potest
1595 2570 1723 2636 nisi
1752 2569 1987 2636 iisdem
2007 2569 2191 2647 locis,
2230 2569 2467 2654 quibus

131 2681 196 2744 in
238 2679 640 2764 magistratu
680 2677 825 2763 ipso
863 2677 1208 2763 imperium
1249 2677 1481 2756 fuerat,
1524 2678 1847 2763 sequitur,
1890 2689 1965 2742 ut
2003 2675 2275 2744 Cassius
2292 2725 2311 2755 ,
2354 2679 2469 2765 qui

145 2787 370 2852 consul
408 2785 668 2850 Italiam
715 2786 1113 2869 provinciam
1165 2786 1428 2851 sortitus
1486 2795 1655 2862 erat,
1720 2785 1914 2851 simul
1961 2786 2029 2850 in
2070 2783 2287 2851 Gallia
2318 2785 2467 2852 -im-

154 2893 406 2978 perarit.
486 2892 933 2959 Veruntamen
973 2915 1123 2959 cum
1166 2917 1248 2960 ne
1288 2895 1382 2959 illi
1429 2894 1725 2980 quidem,
1766 2915 1932 2979 quos
1974 2891 2293 2969 diximus,
2344 2893 2467 2959 im-

137 3011 473 3087 peratores
535 2999 920 3085 Spartacum
977 3003 1418 3088 fugitivosque
1478 3003 1855 3089 extinguere
1909 2999 2303 3086 potuissent,
2362 3023 2467 3068 res

132 3119 434 3174 extracta
480 3121 580 3174 est
617 3110 686 3174 in
726 3132 966 3175 annum
1010 3109 1114 3188 71,
1153 3133 1283 3196 quo
1327 3110 1401 3174 Ρ.
1447 3107 1789 3177 Cornelius
1832 3109 2155 3175 Lentulus
2194 3105 2365 3174 Sura
2404 3119 2469 3174 et

127 3216 258 3284 Cn.
299 3217 620 3283 Aufidius
661 3216 932 3284 Orestes
979 3218 1277 3283 consules
1322 3218 1605 3285 fuerunt.
1679 3217 1853 3282 Tum
1893 3214 2189 3304 Spartaci
2231 3215 2471 3282 bellum

123 3337 400 3395 constat
441 3325 748 3391 traditum
794 3347 938 3392 esse
957 3325 1054 3390 M.
1079 3325 1336 3391 Licinio
1358 3324 1599 3392 Crasso
1629 3325 1902 3413 praetori
1927 3325 2131 3411 (Plut.
2150 3321 2375 3390 Crass.
2404 3325 2471 3402 93

131 3441 322 3525 App.
371 3433 521 3500 bell.
565 3434 691 3500 civ.
715 3434 769 3510 1,
817 3422 986 3520 118).
1047 3439 1142 3499 At
1185 3457 1266 3500 ex
1307 3433 1685 3500 consulibus
1726 3454 1933 3497 unum
1973 3432 2051 3497 P.
2092 3429 2471 3499 Cornelium

133 3545 386 3613 Suram
457 3544 695 3610 scimus
773 3542 852 3610 ab
922 3543 1006 3609 L.
1065 3541 1282 3610 Gellio
1338 3540 1460 3609 Cn.
1520 3541 1805 3608 Lentulo
1872 3541 2251 3607 censoribus
2268 3587 2287 3618 ,
2357 3543 2471 3628 qui

143 3675 366 3720 mense
395 3653 538 3718 fere
553 3651 742 3718 Iunio
766 3651 916 3718 anni
935 3652 1018 3718 70
1041 3650 1344 3730 inierunt,
1367 3661 1595 3717 senatu
1624 3671 1769 3716 esse
1799 3657 2047 3714 motum
2070 3644 2465 3736 (Comment.

161 3761 484 3848 epigraph.
525 3761 674 3827 Vol.
713 3761 786 3826 H
836 3783 901 3847 p.
951 3761 1136 3846 183),
1188 3771 1264 3826 ut
1308 3762 1459 3826 euni
1502 3770 1658 3826 tunc
1700 3778 1823 3823 nec
1862 3757 1931 3822 in
1972 3757 2309 3844 provincia
2350 3779 2473 3824 nec

145 3872 211 3936 in
255 3870 649 3958 magistratu
674 3869 880 3935 fuisse
911 3868 1269 3934 videamus.
1323 3868 1520 3934 Rexit
1548 3868 1753 3954 igitur
1777 3866 2031 3932 Italiam
2063 3889 2215 3932 cum
2236 3864 2470 3944 Gallia,

144 3982 263 4048 sed
309 4001 548 4046 nomen
591 3978 733 4044 eius
775 3987 840 4042 et
857 3978 935 4043 P.
957 3975 1180 4043 Crassi
1219 3977 1493 4043 victoria
1530 3986 1595 4042 et
1638 3972 1761 4040 Cn.
1783 3973 2077 4059 Pompeii
2122 3997 2203 4040 ex
2226 3974 2471 4061 Hispa-

148 4091 264 4156 nia
317 4087 702 4154 revertentis
761 4086 968 4173 gloria
1023 4085 1425 4162 obscuravit3
1483 4083 1781 4150 habuerit
1828 4084 2021 4148 etiam
2074 4082 2473 4167 aliquamdiu

141 4207 572 4286 prorogatum
595 4194 958 4282 imperium,
983 4193 1142 4260 dum
1165 4193 1243 4260 P.
1271 4190 1515 4258 Crasso
1538 4192 1863 4258 obtinente
1881 4189 2133 4255 Italiam
2150 4190 2471 4276 deposuit.

149 4307 492 4394 Collegam
551 4313 764 4371 autem
827 4303 968 4370 eius
1034 4299 1156 4368 Cn.
1216 4301 1556 4368 Aufidium
1576 4347 1595 4379 ,
1661 4300 1815 4387 quia
1872 4319 2193 4384 nusquam
2249 4307 2473 4383 postea

155 4422 725 4490 commemoratur,
791 4411 860 4476 in
885 4408 1270 4498 ‘Commena
1307 4409 1641 4498 epigr-aph.
1700 4408 1746 4474 l.
1794 4407 1841 4472 l.
1896 4405 2287 4472 coniecimus
2332 4427 2472 4471 ‘non
