2917 5017
691 319 774 368 De
809 315 982 368 Gallia
1017 318 1370 368 Romanorum
1407 318 1670 383 provincia
1702 319 1977 382 appendix.
2374 317 2493 384 183

333 481 651 548 Diximus
712 481 794 546 de
855 479 1308 546 commentario
1349 479 1829 546 Hofmanniano
1886 489 1950 546 et
1994 484 2149 550 satis
2193 484 2499 562 diximus,

168 600 234 652 ut
295 598 526 654 nostra
571 589 656 654 de
697 587 964 676 imperio
1007 584 1307 652 Caesaris
1352 589 1667 654 sententia
1720 588 1989 654 defensa
2032 613 2107 658 ac
2156 594 2503 660 constituta

171 718 311 761 esse
363 697 702 764 videatur:
765 696 1052 782 sequitur
1107 706 1182 760 ut
1235 695 1563 762 Theodori
1603 696 2017 764 Mommsenii
2074 699 2365 766 libellum
2416 702 2499 768 de

165 803 304 868 iure
330 801 638 870 Caesaris
673 817 734 870 et
779 815 1062 881 senatus,
1109 804 1220 888 qui
1263 803 1331 866 in
1375 804 1538 868 actis
1583 806 1901 872 societatis
1928 807 2075 874 hist.
2104 807 2257 894 phil.
2304 810 2499 876 Bres-

167 911 292 976 lav.
343 913 672 994 (Breslav.
723 912 909 992 1857)
965 911 1225 997 prodiit,
1264 911 1721 978 examinemus.
1806 914 1875 980 Is
1920 913 2004 980 ab
2054 915 2269 1002 priore
2306 918 2500 1004 longe

171 1031 269 1082 est
307 1018 637 1086 diversus.
716 1021 794 1084 In
845 1021 956 1086 illo
997 1041 1234 1106 magna
1273 1043 1422 1086 cum
1465 1043 1621 1086 cura
1656 1021 1869 1086 omnia
1923 1035 2303 1110 argumenta
2344 1026 2499 1092 affe-

162 1138 420 1204 runtur,
467 1129 594 1194 loci
635 1140 922 1194 veterum
951 1128 1424 1213 expenduntur,
1472 1138 1604 1192 tota
1628 1129 1917 1212 quaestio
1951 1131 2325 1218 singillatim
2350 1156 2498 1219 per·

165 1246 515 1300 tractaturz
560 1235 668 1300 hic
710 1235 1016 1300 minorem
1060 1258 1280 1300 curam
1326 1236 1586 1322 singula
1626 1238 2035 1304 examinandi
2074 1240 2326 1326 prodit,
2382 1242 2497 1306 sed

165 1344 366 1410 altius
397 1355 658 1412 evectus
684 1345 766 1408 de
803 1365 1053 1409 summa
1081 1344 1416 1430 republica
1461 1345 1749 1430 disputat
1790 1369 1991 1430 eaque
2026 1348 2291 1432 profert,
2334 1371 2497 1434 quae

165 1455 216 1516 si
257 1475 420 1517 vera
467 1464 702 1529 essent,
745 1453 1114 1518 universam
1155 1453 1488 1518 historiam
1529 1452 1885 1520 Romanam
1934 1476 2064 1519 non
2109 1455 2339 1520 leviter
2374 1457 2497 1521 im-

167 1570 514 1626 mutarent.
598 1562 826 1646 quue
889 1560 1096 1646 magis
1151 1582 1232 1622 ne
1277 1559 1444 1624 hanc
1487 1559 1750 1652 quidem
1792 1562 1914 1625 viri
1959 1561 2317 1628 doctissimi
2360 1564 2497 1630 dis·-

171 1667 572 1754 putationem
633 1667 881 1734 silentio
919 1667 1543 1753 praetermittendam
1586 1689 1729 1733 esse
1772 1670 2143 1753 putavimus
2163 1717 2180 1747 ,
2238 1694 2403 1756 quae
2442 1672 2497 1738 si

173 1799 320 1838 vera
365 1775 474 1851 sit,
533 1776 720 1842 facile
761 1774 840 1841 ab
883 1776 986 1852 iis,
1029 1776 1140 1861 qui
1183 1776 1428 1840 litteras
1470 1787 1723 1841 nostras
1769 1799 1897 1840 non
1944 1778 2013 1842 in
2062 1778 2497 1864 opinionibus,

167 1883 278 1948 sed
337 1884 408 1946 in
467 1886 859 1970 argumentis
897 1906 974 1948 ac
1018 1882 1374 1948 rationibus
1411 1883 1655 1966 positas
1696 1905 1841 1948 esse
1894 1885 2293 1962 existiment,
2343 1909 2497 1952 con-

172 2002 520 2068 temnatur,
567 1993 663 2057 sin
703 1993 886 2069 falsa,
927 1991 995 2055 in
1040 2000 1213 2056 tanta
1245 1989 1386 2054 eius
1429 2011 1471 2052 a
1510 2011 1641 2074 quo
1686 1992 1979 2058 instituta
2005 2004 2103 2057 est
2124 1995 2499 2060 auctoritate

163 2122 241 2164 ne
281 2111 681 2185 propagetur
723 2111 912 2185 atque
953 2098 1035 2163 ad
1081 2098 1521 2182 antiquitatem
1546 2097 1901 2163 Romanam
1938 2100 2151 2166 minus
2181 2113 2355 2168 recte
2384 2125 2496 2168 ex·-

165 2207 533 2292 plicandam
577 2208 958 2274 adhibeatur
1000 2206 1355 2272 verendum
1399 2207 1500 2271 sit.

347 2317 472 2382 Est
514 2329 729 2384 autem
768 2316 1176 2382 Mommsenii
1217 2314 1299 2378 de
1342 2313 1614 2398 imperio
1672 2311 1971 2380 Caesaris
2038 2316 2255 2402 opinio
2318 2318 2497 2384 haec.

167 2424 395 2512 Vulgo
447 2426 536 2492 ait
592 2451 652 2513 p.
710 2427 786 2493 37
853 2425 946 2490 sic
1000 2421 1350 2490 existimari
1393 2421 1733 2506 imperium
1774 2422 1913 2486 eius
1960 2423 2129 2507 prid.
2176 2421 2316 2488 Cal.
2358 2426 2495 2490 Ian.

173 2535 328 2598 anni
368 2534 450 2599 48
495 2536 706 2600 exisse
752 2554 1121 2621 paucosque
1165 2530 1305 2594 dies
1348 2529 1417 2594 in
1450 2528 1755 2594 universa
1792 2527 2060 2596 historia
2096 2554 2241 2599 esse
2264 2534 2496 2600 certio—

180 2665 307 2708 res.
393 2642 640 2706 Mirum
691 2643 894 2726 igitur
933 2639 1148 2704 hercle
1183 2649 1302 2715 est,
1345 2648 1436 2702 tot
1476 2637 1650 2702 viros
1696 2637 1942 2714 doctos,
1986 2639 2099 2724 qui
2136 2642 2499 2708 testimonia

165 2761 359 2836 atque
413 2761 710 2816 auctores
763 2749 1108 2834 diligenter
1146 2746 1645 2821 examinassent,
1683 2755 1894 2810 tamen
1942 2745 2023 2811 de
2074 2769 2143 2811 re
2188 2749 2494 2818 facillima

167 2866 350 2942 (nam
389 2857 712 2942 quomodo
757 2879 885 2920 non
925 2856 1008 2920 sit
1051 2853 1388 2930 facillima,
1438 2877 1569 2937 qua
1618 2852 1778 2916 nihil
1808 2853 1876 2916 in
1902 2853 2206 2920 universa
2228 2857 2499 2924 historia

167 2967 409 3033 certius
449 2988 592 3031 esse
633 2965 886 3030 dicatur
897 2965 955 3048 ΣΡ)
1001 2986 1130 3028 non
1175 2961 1527 3027 dubitarint
1572 2959 1780 3036 mod0,
1827 2982 2051 3024 verum
2090 2962 2280 3028 etiam
2326 2965 2491 3032 alius

165 3074 234 3138 in
293 3074 486 3139 aliam
539 3073 917 3138 sententiam
967 3070 1403 3137 discesserint.
1490 3066 1626 3133 Sed
1678 3089 1795 3131 cur
1850 3067 1989 3134 dies
2046 3068 2153 3134 ille
2200 3073 2496 3140 exeuntis

169 3182 320 3246 anni
357 3180 440 3246 49
487 3181 883 3246 certissimus
927 3180 1070 3246 est?
1130 3178 1325 3262 Quia,
1364 3176 1594 3261 inquit,
1640 3185 1907 3253 constat,
1953 3173 2301 3246 Caesarem
2349 3205 2495 3269 spe-

171 3311 354 3354 rasse
393 3311 462 3352 se
502 3288 658 3353 dum
702 3289 974 3352 alterum
1013 3288 1419 3353 consulatum
1443 3307 1611 3350 anno
1647 3284 1727 3350 48
1752 3287 2215 3374 auspicaretur,
2252 3290 2320 3354 in
2346 3314 2496 3376 pro-

168 3398 386 3462 vincia
428 3419 570 3461 esse
614 3418 1010 3462 mansurum.
1094 3395 1187 3460 At
1228 3395 1559 3462 diversum
1605 3408 1722 3470 est,
1766 3395 1941 3480 quod
1985 3397 2336 3480 quaeritur,
2378 3421 2499 3462 nee

167 3506 222 3570 si
265 3504 565 3590 sperabat
597 3504 688 3568 ita
731 3500 994 3580 Caesar,
1039 3505 1362 3590 sequitur,
1424 3517 1499 3570 ut
1539 3503 2049 3590 quinquennium
2086 3503 2252 3590 legis
2298 3505 2495 3570 Pom-

161 3613 295 3700 peii
337 3625 402 3676 et
435 3609 659 3676 Crassi
717 3635 793 3678 eo
837 3613 942 3677 die
985 3617 1243 3693 exierit3
1289 3616 1611 3702 siquidem
1655 3628 1719 3680 et
1756 3635 2087 3698 speramus
2116 3637 2305 3698 saepe
2330 3636 2496 3698 quae

163 3745 298 3788 non
350 3730 606 3808 oportet
660 3720 800 3786 fieri
851 3733 916 3785 et
967 3724 1244 3810 relinqui
1301 3734 1515 3810 potest
1568 3722 1637 3786 in
1678 3723 2015 3808 provincia
2069 3720 2260 3786 etiam
2306 3721 2494 3787 cuius

163 3832 310 3896 dies
357 3829 603 3894 exierit.
695 3824 1081 3911 Quaeritur‘
1103 3843 1348 3909 autem,
1399 3830 1560 3916 quid
1601 3853 1680 3896 ex
1719 3831 1865 3916 lege
1906 3830 2165 3896 licuerit
2209 3826 2495 3908 Caesari,

164 3940 388 4023 idque,
419 3937 666 4023 opinor,
710 3938 836 4003 nisi
875 3961 957 4002 ex
1001 3939 1080 4004 iis
1125 3961 1288 4024 quae
1314 3937 1702 4026 postulabat,
1748 3937 2054 4024 cognosci
2092 3957 2224 4000 non
2263 3946 2495 4021 potest,

167 4047 542 4133 postulasse
579 4057 792 4110 autem
823 4045 1168 4112 Caesarem
1213 4047 1336 4112 hoc
1381 4058 1667 4123 tantum,
1709 4057 1783 4111 ut
1834 4046 1991 4111 dum
2048 4045 2498 4130 designaretur

169 4154 408 4220 consul
466 4154 508 4218 i.
549 4177 604 4218 e.
649 4177 856 4241 usque
901 4154 984 4219 ad
1021 4153 1308 4220 medium
1352 4155 1489 4220 fere
1546 4178 1788 4222 annum
1830 4153 1909 4220 49
1952 4152 2351 4240 provinciam
2392 4174 2496 4218 re-

165 4264 404 4330 tineret
456 4263 596 4349 ipse
655 4265 891 4330 fatetur
951 4263 1420 4329 Mommsenius
1478 4285 1543 4350 p.
1604 4264 1705 4328 54.
1771 4262 2031 4327 Poterat
2070 4261 2344 4325 fortasse
2386 4259 2497 4324 ille

169 4396 456 4463 sperare,
507 4373 563 4438 si
623 4372 820 4438 semel
875 4381 1046 4437 esset
1101 4371 1483 4458 designatus
1499 4419 1516 4449 ,
1576 4369 1947 4436 auctoritate
1997 4367 2147 4433 novi
2214 4366 2496 4446 honoris,
