2917 5017
447 305 573 371 256
759 336 765 341 -
1111 304 1192 353 De
1229 302 1489 352 dictatoris
1527 300 1764 351 Caesaris
1803 298 2101 349 honoribus.

449 470 684 537 deinde
741 480 814 534 ut
865 467 948 531 de
1003 464 1543 554 appellationibus
1592 462 1883 528 iudicare
1931 460 2173 536 liceret,
2235 458 2515 543 <lenique
2572 467 2655 521 ut
2719 456 2789 518 in

451 579 752 645 omnibus
811 575 1072 641 iudiciis
1133 573 1420 639 calculus
1492 572 1631 636 eius
1694 582 2015 655 tamquam
2070 567 2405 631 Minervae
2472 566 2793 629 ferretur.

451 688 635 753 Haec
677 708 890 751 nonne
935 694 1153 771 aperte
1181 704 1329 747 cum
1367 680 1471 756 iis,
1502 702 1671 764 quae
1704 700 1901 763 supra
1925 675 2215 761 exposita
2240 684 2411 751 sunt,
2438 670 2795 758 pugnant?

451 796 710 861 Etenim
757 792 1270 859 vetustissimum
1311 787 1719 853 tribunorum
1761 783 1967 870 plebis
2004 783 2109 847 ius
2149 793 2304 859 erat,
2344 793 2421 845 ut
2460 780 2799 845 auxilium
2882 816 2885 825 ·

450 904 710 979 ferrent,
771 924 892 967 nec
929 901 1144 965 minus
1187 900 1256 964 in
1305 896 1599 961 libertate
1638 918 1749 961 eos
1802 902 2050 959 constat
2100 890 2183 955 de
2238 886 2799 975 appellationibus

451 1012 810 1077 iudicasse:
857 1008 1133 1074 habebat
1166 1007 1370 1093 igitur
1407 1018 1755 1088 utrumque
1798 999 2197 1066 Octavianus
2234 1009 2505 1084 accepta
2533 996 2803 1061 dudum

455 1119 802 1186 tribunicia
857 1128 1195 1204 potestate,
1251 1115 1568 1179 habuerat
1620 1112 1775 1176 item
1834 1106 2103 1183 Caesar,
2160 1107 2265 1171 cui
2322 1107 2581 1183 omnia,
2629 1128 2803 1189 quae

456 1227 734 1293 tribunis
796 1226 1080 1301 licerent,
1141 1244 1450 1289 concessa
1508 1242 1651 1285 esse
1706 1218 1837 1283 Dio
1898 1214 2144 1281 scribit.
2226 1216 2319 1279 At
2372 1215 2805 1301 imperatoris

457 1360 614 1401 num
657 1348 958 1422 putamus
999 1356 1128 1397 non
1179 1332 1386 1397 maius
1433 1327 1747 1395 auxilium
1786 1348 1983 1411 quam
2028 1323 2271 1389 tribuni
2296 1323 2513 1410 plebis
2542 1324 2804 1389 fuisse?

459 1445 608 1522 Hic,
654 1444 710 1508 si
753 1444 860 1507 cui
905 1441 1216 1508 auxilium
1253 1441 1471 1515 ferret,
1510 1459 1753 1501 moram
1784 1434 1891 1499 ille
1921 1431 2181 1517 quidem
2205 1443 2457 1517 poterat
2482 1432 2803 1509 obiicere,

459 1552 577 1617 scd
633 1553 758 1617 nisi
811 1553 1204 1638 collegarum
1261 1569 1584 1613 consensu
1638 1543 2071 1618 adiuvaretur,
2118 1541 2362 1619 tollere,
2406 1542 2601 1627 quod
2644 1565 2805 1627 age-

459 1662 670 1737 batur,
731 1682 860 1725 non
910 1670 1190 1745 poterat:
1247 1678 1412 1741 quae
1472 1676 1579 1719 res
1638 1674 1785 1717 cum
1840 1650 1920 1716 ab
1974 1650 2079 1727 iis,
2125 1648 2244 1736 qui
2265 1713 2269 1717 ,
2292 1650 2375 1715 de
2414 1651 2551 1715 hoc
2598 1673 2809 1737 argu-

462 1780 676 1835 mento
751 1768 1177 1853 scripserunt,
1233 1765 1447 1829 minus
1518 1761 1859 1847 perspicue
1915 1758 2083 1823 tradi
2126 1759 2361 1836 soleat,
2426 1770 2659 1823 tamen
2732 1783 2811 1823 ex

461 1877 835 1943 certissimis
874 1876 1114 1942 liberae
1163 1872 1557 1959 reipublicae
1600 1868 1911 1956 exemplis
1956 1867 2355 1953 intelligitur.
2440 1866 2593 1932 Sed
2642 1892 2811 1953 9110-
2882 1874 2885 1929 ἓ

459 1987 632 2051 niam
691 1986 816 2050 hoc
869 1984 1008 2049 loco
1065 2006 1194 2047 non
1255 1982 1661 2067 disputamus
1721 1979 1803 2041 de
1862 1976 2137 2042 tribunis
2202 1976 2447 2062 plebis,
2510 1978 2813 2041 contenti

460 2094 702 2159 erimus
756 2093 1086 2157 luculento
1139 2090 1282 2155 loco
1331 2090 1543 2155 Taciti
1594 2086 1831 2153 Annal.
1875 2086 2073 2164 XIII,
2117 2086 2219 2162 28,
2279 2107 2409 2169 quo
2454 2086 2811 2151 Antistius

459 2202 606 2267 trib.
649 2201 818 2287 pleb.
859 2199 1172 2264 auxilium
1219 2199 1445 2263 tulisse
1486 2208 1783 2261 narratur
1826 2194 2251 2261 histrionibus
2294 2219 2332 2260 a
2373 2207 2697 2280 praetore
2748 2196 2815 2259 in

459 2310 722 2377 vincula
771 2308 1005 2373 ductis.
1089 2307 1360 2371 Praetor
1417 2328 1567 2371 cum
1612 2328 1689 2371 ea
1738 2305 1821 2369 de
1867 2326 1936 2368 re
1984 2305 2069 2368 ad
2122 2316 2419 2369 senatum
2458 2304 2815 2369 retulisset

463 2420 720 2485 omissis
786 2415 1042 2481 interim
1107 2414 1551 2490 histrionibus,
1613 2434 1743 2477 non
1812 2411 2007 2477 modo
2067 2435 2198 2479 non
2267 2412 2473 2478 valuit
2556 2414 2817 2479 tribuni

463 2528 798 2603 auxilium,
859 2525 974 2589 sed
1033 2525 1322 2589 incusata
1363 2524 1554 2587 etiam
1598 2535 1698 2585 est
1754 2520 1895 2585 eius
1943 2520 2219 2586 licentia.
2302 2522 2543 2587 Alium
2587 2524 2817 2589 locum

464 2635 640 2722 apud
691 2634 885 2698 Dion.
928 2632 1085 2708 LX,
1129 2632 1230 2709 28,
1281 2652 1412 2717 quo
1459 2629 1701 2694 tribuni
1744 2627 1978 2714 plebis,
2026 2629 2141 2713 qui
2194 2629 2427 2694 liberto
2470 2631 2821 2697 adversus
2880 2610 2882 2669 3

461 2756 804 2829 patronum
860 2764 1048 2828 opem
1107 2740 1436 2815 tulissent,
1482 2736 1693 2823 puniti
1740 2760 1883 2802 esse
1928 2736 2255 2815 dicuntur,
2302 2736 2453 2803 ideo
2506 2764 2659 2805 non
2706 2741 2820 2805 ad·

463 2853 676 2929 hibe0,
735 2851 910 2936 quod
961 2872 1084 2919 nec
1141 2858 1388 2914 constat
1438 2870 1596 2912 num
1652 2866 1873 2911 omnes
1927 2845 2170 2911 tribuni
2224 2849 2702 2914 consenserint
2764 2866 2821 2915 et

462 2964 808 3045 imperator
851 2960 992 3045 ipse
1032 2956 1505 3024 animadvertit.
1580 2954 1801 3019 Affine
1836 2967 2049 3019 autem
2094 2976 2362 3039 prorsus
2392 2970 2607 3042 atquc
2636 2960 2821 3024 eius-

465 3071 610 3135 dem
678 3068 934 3155 generis
989 3078 1088 3131 est
1138 3064 1581 3131 intercedendi
1637 3064 1765 3139 ius,
1826 3084 1957 3147 quo
2010 3063 2126 3129 ubi
2178 3086 2354 3129 unus
2406 3066 2519 3129 vel
2580 3068 2823 3153 plures

462 3190 754 3253 utuntur,
801 3176 1182 3261 impediunt,
1227 3196 1356 3239 non
1401 3174 1674 3248 tollunt3
1719 3171 1833 3236 ubi
1873 3172 2161 3239 universi
2190 3172 2645 3253 consentiunt,
2679 3176 2823 3241 sine

466 3284 866 3351 dubitatione
921 3282 1098 3367 quod
1153 3282 1400 3357 nolunt,
1457 3303 1586 3345 non
1643 3279 1734 3343 fit.
1818 3280 2043 3363 Itaque
2094 3279 2363 3346 Tacitus
2410 3282 2691 3349 Histor.
2730 3286 2823 3360 H,

463 3394 540 3459 91
593 3391 924 3457 Vitellium
968 3390 1336 3476 aliquande,
1397 3413 1548 3454 cum
1595 3400 1817 3454 contra
1872 3388 2165 3454 studium
2207 3390 2347 3455 eius
2398 3406 2819 3470 censeretur,

464 3501 760 3565 tribunos
806 3497 1010 3584 plebis
1056 3498 1297 3564 auxilio
1341 3518 1609 3563 vocasse
1656 3498 1874 3574 tradit,
1918 3498 2032 3582 qui
2072 3497 2126 3562 si
2154 3500 2621 3579 consentirent,
2652 3505 2817 3588 quin

469 3620 732 3674 senatus
792 3607 1160 3673 consultum
1209 3606 1464 3671 irritum
1528 3617 1718 3682 esset,
1780 3628 1911 3669 non
1964 3588 2259 3671 dubium⁰
2278 3620 2431 3673 erat.
2510 3610 2599 3675 In
2652 3634 2815 3677 con-

465 3740 662 3783 sensu
721 3715 891 3781 enim
959 3715 1164 3781 omnis
1223 3715 1633 3780 tribunorum
1692 3713 1981 3799 potentia
2038 3715 2249 3799 posita
2302 3727 2431 3793 est,
2491 3719 2615 3803 qui
2697 3719 2814 3783 ubi

463 3824 666 3901 abest,
727 3824 810 3889 ad
869 3824 1354 3909 impediendum
1411 3823 1689 3887 multum
1747 3822 1983 3899 valent,
2042 3822 2127 3886 ad
2188 3824 2551 3888 tollendum
2612 3828 2815 3891 nihil.

463 3933 845 4018 Eodemque
899 3931 1005 3997 vel
1065 3932 1349 4017 plurium
1407 3933 1513 3997 vel
1576 3931 1864 3996 omnium
1922 3952 2245 3997 consensu
2312 3938 2557 4018 (neque
2622 3937 2817 4001 enim
2878 4004 2880 4013 ,

461 4040 722 4125 quando
770 4040 1052 4125 plurium
1101 4041 1416 4105 sententia
1461 4040 1797 4107 suffecisse
1840 4038 2157 4118 videatur,
2201 4041 2327 4106 hoc
2366 4042 2513 4106 loco
2560 4042 2815 4130 dispu-
2878 4100 2880 4103 Α

461 4149 764 4224 tabimus,
821 4160 1162 4234 propterea
1217 4149 1392 4233 quod
1441 4150 1526 4213 ad
1570 4172 1883 4215 summam
1936 4148 2331 4233 quaestionis
2380 4150 2545 4214 nihi]
2588 4154 2813 4235 valet)

463 4280 627 4344 opus
687 4269 786 4323 est
831 4260 896 4321 in
941 4256 1362 4342 appellatione
1408 4257 1813 4323 tribunorum
1851 4256 2063 4344 plebis
2109 4280 2258 4324 cum
2296 4258 2539 4323 auxilio
2580 4261 2807 4327 tribu·
2878 4264 2880 4317 ἰ

462 4367 634 4431 11ἰοί0
679 4367 1052 4442 coniuncta3
1105 4388 1322 4459 ‘neque
1373 4367 1547 4432 enim
1588 4367 1673 4432 ad
1719 4390 1925 4433 unum
1968 4368 2325 4445 tribunum,
2379 4366 2497 4432 sed
2542 4368 2631 4432 ad
2686 4370 2804 4433 tri·
2878 4420 2880 4435 1
