2917 5017
495 335 612 402 178
1002 339 1084 388 De
1119 337 1293 388 Gallia
1331 337 1683 387 Romanorum
1723 335 1989 402 provincia
2024 335 2298 400 appendix.

490 503 844 588 sumpsisse
871 499 1208 566 dictitaritl
1253 497 1348 564 At
1373 508 1721 562 retractum
1742 499 1809 560 in
1832 497 2063 562 urbem
2106 519 2249 562 esse
2277 494 2619 563 Caesarem
2644 525 2695 564 a.
2730 502 2780 565 d.
2858 513 2860 540 ³

491 611 626 676 VII
670 610 772 675 Id.
814 609 973 686 Ian„
1012 611 1257 674 litteras
1299 608 1531 671 missas
1556 604 1697 671 Cal.
1724 606 1883 682 Ian„
1927 627 2003 669 ac
2044 603 2349 668 debuisse
2394 629 2503 670 eas
2546 608 2781 674 iniurias

485 719 744 783 inverso
801 718 1028 783 ordine
1099 716 1603 782 commemorari.
1692 713 1899 794 Quasi
1962 735 2117 777 vero
2164 723 2277 778 aut
2315 716 2614 800 temporis
2652 717 2784 781 ordo
2858 705 2860 752 ³

485 826 596 890 illo
651 827 796 891 loco
857 825 1347 910 diligentissime
1408 822 1767 888 servandus
1822 822 2018 884 fuerit
2074 833 2185 884 aut
2236 821 2613 908 Pompeiani
2665 837 2785 887 ante

489 931 633 997 Cal.
670 935 808 998 Ian.
847 955 976 996 non
1017 933 1225 996 conati
1269 933 1396 997 sint
1436 930 1783 997 Caesarem
1826 927 2177 994 retrahere!
2252 929 2431 994 Nihil
2473 931 2671 1016 igitur
2708 946 2788 997 est

413 1027 418 1034 ¹
485 1043 554 1105 in
595 1041 696 1106 his
746 1041 1163 1117 difficultatis,
1209 1051 1274 1104 at
1315 1040 1595 1105 maxima
1639 1039 1853 1103 hercle
1892 1038 1961 1101 in
1998 1037 2353 1101 Hofmanni
2392 1038 2661 1116 ratione,
2698 1042 2789 1125 qui

491 1161 846 1216 semenstre
890 1149 1227 1234 imperium
1267 1159 1559 1232 ereptum
1603 1169 1793 1230 quam
1844 1146 1967 1211 sibi
2012 1147 2095 1210 sit
2138 1145 2509 1223 molestum,
2555 1169 2636 1212 ne
2674 1149 2789 1234 ipse

485 1258 746 1342 quidem
797 1257 950 1322 satis
998 1255 1377 1320 dissimulat.
1461 1253 1925 1338 Simillimeque
1966 1253 2047 1316 de
2091 1253 2289 1318 altero
2330 1254 2475 1319 loco
2513 1253 2789 1320 Caesaris

490 1365 640 1430 bell.
677 1366 802 1430 civ.
838 1366 891 1441 I,
936 1364 1017 1430 32
1041 1363 1427 1440 iudicamus,
1474 1362 1659 1448 quisi
1686 1363 2013 1427 veteribus
2038 1364 2413 1428 auctoribus
2448 1364 2677 1428 credas
2700 1387 2792 1427 nee

486 1473 567 1538 ab
625 1472 900 1559 epistola
951 1471 1254 1536 historiae
1312 1471 1671 1536 secundum
1724 1471 2029 1554 temporis
2080 1471 2371 1536 ordinem
2426 1472 2795 1555 compositae

487 1582 592 1645 vel
629 1583 942 1645 fastorum
975 1579 1376 1662 diligentiam
1417 1579 1731 1662 requiras,
1774 1578 2149 1643 facillimum
2180 1578 2375 1643 habet
2396 1579 2797 1644 intellectum.

655 1689 1119 1752 Destruximus
1161 1688 1316 1762 fere,
1365 1686 1493 1750 nisi
1518 1687 1677 1770 quid
1709 1709 1827 1751 nos
1856 1687 2047 1772 fugit,
2080 1688 2277 1750 totius
2297 1687 2799 1752 Hofmannianae

487 1795 940 1882 disputationis
1001 1794 1418 1859 fundamenta
1472 1794 1669 1880 idque
1718 1795 1809 1858 ita
1850 1794 2039 1859 nobis
2082 1794 2452 1859 faciendum
2502 1817 2654 1858 esse
2696 1817 2800 1880 pu·
2858 1801 2860 1874 j

484 1905 786 1980 tavimuS,
811 1919 886 1967 ut
914 1903 1283 1988 singillatim
1308 1925 1477 1987 quae
1496 1903 1877 1968 afferrentur
1902 1912 2281 1987 argumenta
2304 1903 2799 1968 examinaremus

485 2012 1104 2096 perpetuitatemque
1143 2012 1346 2096 ipsam
1388 2011 1701 2075 rationum
1734 2009 2225 2095 diligentissime
2258 2032 2802 2094 persequeremur.

489 2119 836 2203 Reliquum
881 2118 1408 2182 commentarium
1452 2119 1667 2182 minus
1720 2141 1943 2182 curare
1997 2115 2218 2180 licebit
2234 2141 2250 2192 ;
2308 2119 2609 2200 quamvis
2654 2120 2801 2182 enim

485 2238 548 2290 et
591 2226 886 2291 doctrina
939 2235 1003 2288 et
1047 2225 1396 2290 subtilitate
1440 2225 1757 2301 abundet,
1810 2226 1961 2309 quia
2016 2234 2227 2289 tamen
2270 2225 2334 2287 in
2372 2224 2451 2288 iis
2498 2246 2674 2309 quae
2716 2249 2802 2288 re-

483 2334 869 2410 futavimus,
924 2334 1186 2410 nititur,
1241 2335 1308 2398 in
1358 2335 1577 2398 multis
1622 2345 1687 2397 et
1728 2333 1981 2418 magnis
2036 2330 2233 2396 rebus
2280 2354 2549 2398 necesse
2594 2344 2699 2397 est
2736 2332 2802 2394 ab

482 2442 748 2506 veritate
793 2440 1145 2506 abhorreat.
1233 2441 1454 2506 Veluti
1498 2463 1663 2526 quae
1718 2463 1782 2525 p.
1826 2441 1905 2506 67
1956 2441 2037 2504 de
2084 2437 2205 2504 Cn.
2245 2440 2539 2525 Pompeii
2582 2441 2805 2505 litteris

483 2549 566 2612 ad
629 2560 920 2614 senatum
966 2549 1180 2612 missis
1225 2559 1671 2634 exponuntur,
1740 2560 1910 2612 certe
1956 2569 2185 2631 parum
2231 2547 2589 2633 probabilia
2637 2549 2809 2614 vide-

484 2657 730 2721 buntur
769 2677 932 2732 esse,
981 2655 1222 2741 quippe
1261 2678 1424 2739 quae
1465 2656 1545 2721 ab
1588 2679 1665 2721 ea
1717 2655 2015 2741 opinione
2058 2655 2571 2740 proficiscantur,
2622 2656 2812 2720 Pom-

481 2764 698 2848 peium
757 2764 906 2828 anni
965 2765 1048 2829 50
1111 2765 1368 2828 comitia
1424 2766 1495 2828 in
1532 2766 1694 2830 Idus
1754 2761 2157 2828 Novembres
2208 2763 2465 2827 differre
2504 2763 2813 2840 voluisse,

479 2883 554 2935 ut
595 2871 676 2936 iis
719 2867 961 2936 Caesar
1003 2871 1296 2957 deposito
1340 2870 1609 2956 imperio
1654 2895 1961 2956 praesens
2016 2880 2292 2957 peteret3
2354 2882 2549 2957 caput
2598 2884 2811 2936 autem

477 3002 717 3044 nonum
759 2977 842 3044 de
883 2979 1158 3044 comitiis
1207 2980 1360 3044 anni
1401 2980 1484 3044 50
1524 3003 1563 3043 a
1602 3002 1668 3065 p.
1712 2981 1792 3046 87
1836 2980 2023 3044 cadet
2064 2990 2298 3054 totum,
2351 3001 2479 3062 quo
2530 2981 2813 3046 rationes

479 3099 908 3173 exponuntur,
955 3111 1074 3152 cur
1117 3085 1361 3153 Caesar
1418 3089 1501 3152 de
1538 3089 1875 3154 consulatu
1930 3089 2079 3152 anni
2124 3088 2204 3152 49
2252 3087 2543 3152 deiectus
2600 3099 2810 3154 tamen
2858 3155 2860 3166 ,

477 3196 560 3258 ad
609 3219 786 3260 arma
825 3197 922 3260 ire
957 3195 1250 3259 noluerit.
1324 3195 1737 3280 Quamquam
1770 3197 1959 3260 etiam
2000 3195 2175 3260 aliud
2216 3195 2711 3262 incommodum
2749 3199 2810 3260 in

479 3325 730 3368 summa
771 3302 1122 3367 subtilitate
1162 3302 1285 3366 viri
1318 3303 1675 3368 doctissimi
1708 3315 1928 3368 natum
1960 3314 2059 3368 est
2098 3327 2181 3368 ex
2220 3327 2463 3377 eorum,
2497 3327 2535 3368 a
2565 3305 2809 3389 quibus
2858 3379 2860 3384 .

380 3448 383 3450 -
477 3410 934 3496 proficiscitur,
993 3411 1272 3476 vanitate
1334 3421 1523 3496 atque
1573 3412 1957 3477 infirmitate.
2043 3411 2415 3476 Deducitur
2468 3413 2643 3476 enim
2702 3435 2810 3478 ne-
2858 3443 2860 3488 ς

478 3519 756 3583 cessario
803 3542 994 3606 saepe
1039 3541 1136 3597 e0,
1175 3533 1248 3584 ut
1282 3521 1541 3586 haereat
1580 3520 1649 3582 in
1678 3531 1969 3585 veterum
1996 3521 2379 3605 scriptorum
2404 3522 2812 3596 testimoniis,

475 3647 638 3710 quae
697 3651 844 3692 cum
903 3629 1100 3693 semel
1155 3628 1222 3692 in
1271 3629 1432 3714 ipsis
1493 3628 1943 3714 disputationis
2010 3629 2447 3694 fundamentis
2491 3630 2811 3695 iaciendis

477 3746 880 3800 contemnere
925 3737 1274 3820 coepisset,
1333 3737 1619 3800 animum
1661 3738 1874 3822 ipsum
1920 3737 2139 3802 nescio
2176 3759 2305 3820 quo
2351 3749 2540 3824 pacto
2581 3762 2811 3804 assue-

476 3842 650 3919 fecit,
693 3855 784 3919 ut,
841 3844 894 3908 si
936 3843 1096 3927 quid
1143 3843 1530 3929 displiceret,
1574 3845 1645 3909 id
1670 3867 1972 3931 spernere
1996 3867 2191 3931 quam
2216 3869 2401 3911 suam
2425 3849 2811 3914 sententiam

472 3962 719 4014 mutare
773 3951 1006 4015 mallet.
1088 3951 1312 4035 Itaque
1369 3965 1628 4038 praeter
1683 3952 2066 4019 Ciceronem
2123 3977 2311 4020 nemo
2358 3965 2457 4020 est
2512 3968 2811 4022 veterum

477 4057 886 4142 scriptorum,
929 4059 1043 4144 qui
1079 4081 1209 4124 non
1251 4061 1525 4126 alicuius
1576 4063 1810 4128 erroris
1856 4075 2185 4148 arguatur.
2247 4065 2355 4130 Ac
2380 4064 2516 4129 Dio
2538 4065 2811 4148 quidem

471 4173 646 4230 totus
704 4166 1060 4251 despicitur
1097 4190 1218 4234 nec
1271 4168 1607 4236 subtiliore
1648 4172 2169 4258 interpretatione
2221 4173 2463 4258 dignus
2504 4171 2805 4249 habetur,

473 4271 655 4336 velut
691 4295 758 4358 p.
808 4274 888 4339 52
935 4275 1018 4341 de
1062 4275 1439 4343 difficillima
1470 4279 1889 4344 intercalandi
1928 4280 2322 4365 quaestione,
2365 4303 2560 4366 quem
2604 4282 2660 4345 si
2704 4281 2807 4346 di-

469 4377 776 4463 ligentius
831 4381 1250 4468 interpretere
1262 4432 1281 4462 ,
1335 4386 1563 4452 videas
1610 4409 1739 4452 non
1786 4388 1999 4453 dicere
2013 4435 2031 4465 ,
2096 4389 2367 4475 primam
2410 4392 2799 4456 mentionem
