2917 5017
455 350 581 415 280
1071 352 1154 401 De
1193 352 1392 415 legibus
1431 350 1820 415 municipalibus
1857 350 2166 415 Hispanicis.

455 528 775 582 vetantur.
870 516 1118 581 Earum
1171 512 1386 598 prima·
1429 522 1529 576 est
1578 510 1861 575 libertini
1915 510 2209 595 generis3
2268 534 2415 575 nam
2472 520 2535 575 et
2592 526 2773 575 vetus

452 627 558 691 lex
617 627 830 690 fuerat
881 636 944 689 et
993 624 1208 689 denuo
1255 643 1420 686 anno
1464 620 1543 684 24
1592 642 1652 704 p.
1696 614 1851 682 Chr.
1896 620 2041 705 lege
2086 618 2357 683 Visellia
2398 618 2773 702 diligentius

454 744 714 798 cautum
757 744 913 809 erat,
955 754 1036 796 ne
1073 732 1185 816 qui
1225 728 1567 795 libertinus
1608 737 1798 803 esset,
1842 722 2119 791 honores
2146 727 2589 813 'municipales
2630 748 2774 791 con-

454 851 832 926 sequeretur
870 838 1260 922 (Comment.
1296 838 1332 901 Ι
1376 860 1439 923 p.
1485 834 1653 918 122).
1724 834 1920 915 Quod
1960 847 2174 901 autem
2212 858 2419 921 genus
2458 837 2775 922 ingenuo-

452 973 600 1014 rum
641 949 976 1013 hominum
1019 940 1465 1013 admitteretur
1505 944 1549 1007 i.
1586 966 1641 1007 e.
1685 966 1842 1007 num
1886 944 2245 1029 municipes
2292 945 2412 1009 soli
2457 968 2553 1037 an·
2590 946 2775 1008 etlam

451 1059 562 1143 qui
607 1059 880 1123 aliorum
925 1056 1305 1142 oppidorum
1347 1054 1523 1118 cives
1566 1062 1800 1129 essent,
1846 1052 1957 1135 qui
2000 1074 2081 1115 ex
2118 1075 2373 1137 quaque
2412 1064 2602 1139 parte
2638 1076 2776 1117 mu-

451 1165 670 1251 nicipii
686 1213 704 1243 ,
749 1165 1028 1250 denique
1074 1174 1293 1227 utrum
1339 1161 1515 1226 cives
1557 1160 1829 1224 Romani
1870 1184 1951 1224 an
1995 1160 2187 1225 etiam
2228 1162 2501 1227 Latinae
2552 1162 2775 1226 condi-

451 1274 652 1339 cionis
706 1274 999 1337 homines
1019 1320 1036 1349 ,
1099 1272 1256 1335 haec
1311 1270 1527 1334 omnia
1579 1270 1646 1332 in
1702 1268 2032 1353 superiore
2088 1269 2303 1353 aliquo
2362 1270 2575 1355 capite
2634 1292 2775 1355 per-

451 1382 690 1467 scripta
745 1392 957 1457 erant,
1014 1379 1188 1465 quod
1235 1378 1440 1463 periit.
1527 1378 1751 1441 Altera
1793 1398 1988 1441 causa
2030 1388 2167 1441 e‘rat
2205 1378 2431 1442 aetatis
2450 1426 2469 1454 ,
2530 1380 2591 1443 si
2638 1380 2776 1463 quis

449 1491 660 1554 minor
695 1511 1010 1554 annorum
1048 1487 1279 1573 viginti
1317 1486 1605 1571 quinque
1642 1494 1845 1561 esset,
1898 1484 1977 1549 de
2016 1508 2143 1569 qua
2183 1486 2467 1551 diximus
2504 1487 2575 1550 in
2605 1509 2778 1552 com-

453 1610 644 1663 ment.
670 1597 705 1661 I
744 1620 806 1683 p.
838 1596 975 1673 120,
1025 1596 1230 1671 tertia,
1273 1617 1354 1657 ne
1397 1592 1569 1659 IIvir
1606 1595 1807 1670 fieret,
1852 1594 1965 1678 qui
2003 1593 2295 1677 proximo
2334 1595 2779 1679 quinquennio

449 1728 598 1770 eum
641 1706 949 1770 honorem
989 1702 1322 1789 gessisset,
1365 1723 1532 1786 quae
1573 1724 1717 1765 cum
1757 1702 1909 1766 item
1938 1712 2123 1765 vetus
2151 1702 2257 1766 lex
2281 1702 2535 1781 fuisset,
2588 1728 2779 1791 saepe

449 1814 796 1897 multisque
837 1812 905 1877 in
945 1812 1220 1877 urbibus
1267 1811 1563 1895 neglecta
1608 1821 1705 1874 est
1750 1806 2143 1895 (Comment.
2184 1810 2220 1874 Ι
2258 1832 2323 1895 p.
2365 1812 2447 1877 68
2494 1824 2561 1877 et
2610 1814 2779 1896 136),

451 1922 568 1987 sed
631 1922 752 1987 hac
814 1921 882 1985 in
948 1919 1166 1985 tabula
1225 1930 1523 1985 accurate
1582 1928 1863 1982 cavetur.
1964 1917 2073 1982 Ad
2132 1931 2425 2003 quartam
2494 1921 2779 2006 denique

453 2052 715 2095 causam
757 2030 1099 2116 pertinent,
1143 2050 1308 2112 quae
1353 2038 1635 2091 extremo
1669 2027 1809 2090 loco
1840 2026 2023 2091 sunt:
2074 2031 2251 2107 quive
2286 2032 2357 2089 in
2392 2051 2618 2091 earum
2658 2053 2779 2111 qua

447 2162 642 2201 causa
689 2142 838 2215 erit,
875 2147 1131 2218 propter
1174 2158 1360 2216 quam
1401 2139 1458 2196 si
1494 2136 1553 2199 C.
1595 2138 1671 2197 R.
1719 2143 1894 2210 esset,
1956 2139 2024 2195 in
2067 2156 2325 2196 numero
2368 2138 2777 2198 decurionum

447 2250 1006 2327 conscriptorumve
1051 2266 1189 2305 eum
1231 2265 1350 2304 esse
1389 2264 1519 2303 non
1562 2246 1789 2305 liceret.
1882 2240 2067 2307 Haec
2117 2241 2343 2306 merito
2402 2245 2779 2308 referuntur

445 2354 527 2417 ad
571 2354 781 2439 legem
825 2352 1058 2417 Iuliam
1097 2350 1549 2436 municipalem
1568 2396 1584 2424 ,
1648 2371 1814 2434 quae
1852 2350 2232 2435 appellat-ur,
2277 2353 2382 2416 vel
2422 2352 2649 2437 potius
2696 2354 2779 2417 ad

445 2461 727 2525 edictum
783 2461 946 2525 illud
964 2508 980 2537 ,
1047 2460 1224 2545 quod
1285 2459 1561 2523 dictator
1602 2454 1847 2523 Caesar
1894 2480 2041 2522 cum
2096 2460 2461 2543 praefectus
2520 2484 2779 2525 morum

447 2578 636 2643 esset,
681 2568 764 2632 de
805 2568 1136 2633 civitatum
1166 2566 1537 2631 Italicarum
1577 2566 1773 2631 curiis
1815 2566 2019 2633 edixit
2058 2564 2451 2649 (Comment.
2480 2570 2516 2633 I
2548 2592 2619 2655 p.
2644 2570 2779 2653 82),

444 2674 617 2760 quod
663 2686 838 2739 extat
877 2676 944 2739 in
984 2676 1220 2744 tabulis
1267 2674 1833 2739 Heracleensibus.
1916 2676 2017 2740 Eo
2058 2686 2340 2751 cavetur,
2386 2698 2470 2741 ne
2512 2677 2633 2761 qui
2674 2679 2777 2741 iu—

445 2783 616 2849 dicio
657 2783 882 2849 infami
929 2784 1389 2857 condemnatus
1435 2783 1517 2846 sit
1560 2783 1756 2866 quive
1798 2806 1945 2847 eum
1986 2798 2343 2866 quaestum,
2391 2806 2471 2849 ex
2499 2808 2639 2869 quo
2666 2800 2780 2850 aut

443 2891 708 2955 infamia
751 2892 1164 2957 contrahatur
1205 2902 1316 2956 aut
1357 2891 1422 2955 in
1469 2890 1619 2955 odia
1654 2890 1987 2955 hominum
2020 2891 2407 2968 incurratur,
2454 2907 2777 2971 exerceat,

443 2999 513 3062 in
561 3000 760 3065 curiis
807 3022 1030 3065 eorum
1069 3001 1454 3086 oppidorum
1498 3000 1611 3074 sit,
1669 3021 1834 3083 quae
1884 2999 2205 3064 civitatem
2249 2999 2613 3065 Romanam
2660 3002 2777 3067 ha-

443 3105 654 3171 beant.
753 3108 814 3171 N
817 3132 920 3174 am
978 3132 1124 3174 cum
1181 3110 1247 3174 in
1305 3109 1571 3193 reliquis
1632 3106 1823 3172 edicti
1884 3107 2201 3192 capitibus
2260 3108 2484 3173 Italiae
2534 3132 2775 3175 nomen

440 3226 828 3299 apponatur,
885 3219 1062 3282 unde
1115 3218 1292 3303 quod
1341 3216 1768 3302 praecipitur,
1834 3215 1915 3279 ad
1966 3215 2133 3280 hanc
2192 3217 2393 3281 solam
2445 3219 2775 3303 pertinere

441 3322 802 3400 discamus,
845 3326 914 3388 in
957 3326 1108 3403 hoc,
1154 3347 1284 3409 quo
1327 3324 1408 3389 de
1453 3323 1913 3389 decurionibus
1959 3325 2195 3411 agitur,
2238 3325 2619 3412 municipia,
2668 3350 2772 3393 co-

439 3430 670 3508 loniae,
713 3434 1172 3517 praefecturae,
1217 3434 1377 3509 fora,
1425 3432 1849 3497 conciliabula
1885 3429 1962 3497 C.
1989 3433 2067 3498 R.
2110 3433 2289 3497 nulla
2326 3431 2551 3499 Italiae
2590 3460 2770 3501 men-

442 3539 614 3604 tione
659 3540 908 3606 adiecta
949 3543 1370 3629 appellantur.
1453 3540 1653 3623 Quod
1693 3541 1746 3605 si
1787 3541 1931 3625 quis
1977 3562 2133 3605 casu
2171 3543 2413 3605 factum
2460 3564 2607 3607 esse
2649 3567 2770 3630 pu-

441 3647 620 3725 tabit,
665 3648 828 3713 nihil
871 3650 991 3714 erit
1031 3652 1205 3734 quod
1249 3650 1527 3736 amplius
1572 3648 1969 3734 disputetur3
2033 3670 2151 3713 nos
2197 3648 2460 3733 quidem
2510 3672 2663 3715 cum
2704 3653 2769 3717 in

439 3778 517 3819 eo
559 3757 900 3821 consilium
930 3757 1256 3841 quoddam
1289 3758 1454 3843 legis
1488 3762 1981 3843 cognoscamus,
2025 3758 2119 3823 sic
2152 3758 2519 3835 statuimus,
2560 3761 2767 3824 omni-

439 3864 563 3929 bus
609 3865 868 3929 omnino
906 3865 1146 3930 civium
1182 3865 1378 3930 rebus
1422 3865 1725 3952 publicis,
1768 3890 1935 3950 quae
1978 3878 2041 3931 et
2082 3868 2149 3929 in
2184 3866 2373 3931 Italia
2410 3878 2473 3931 et
2510 3867 2579 3931 in
2621 3891 2765 3953 pro-

439 3973 670 4039 vinciis
715 3985 960 4050 essent,
1011 3974 1174 4038 illud
1217 3974 1298 4039 de
1345 3974 1803 4039 decurionibus
1848 3996 1991 4039 esse
2034 3974 2519 4059 praescriptum.
2614 3974 2763 4041 Ser-

439 4092 786 4166 vatumque
833 4094 930 4147 est
971 4082 1147 4167 quod
1193 4080 1436 4147 Caesar
1480 4082 1799 4159 edixerat,
1856 4081 1937 4146 ab
1976 4082 2471 4168 imperatoribus
2489 4132 2507 4161 ‚
2550 4088 2664 4169 qui
2710 4086 2761 4149 si

439 4210 568 4272 qua
611 4189 970 4254 condebant
1011 4190 1250 4256 civium
1295 4192 1569 4277 oppida,
1618 4214 1695 4256 ea
1730 4191 1855 4255 hoc
1894 4190 2062 4277 legis
2088 4190 2293 4255 Iuliae
2340 4193 2547 4278 capite
2588 4204 2759 4257 tene·

438 4296 705 4375 bantur,
768 4298 866 4363 sin
909 4298 1144 4364 Latina
1197 4311 1411 4377 erant,
1468 4301 1641 4365 idem
1690 4310 1901 4365 tamen
1947 4299 2015 4363 in
2056 4300 2267 4381 legem
2313 4300 2756 4387 municipalem

439 4404 643 4493 recipi
682 4428 801 4493 par
841 4419 993 4473 erat.
1091 4406 1310 4491 Quare
1357 4408 1409 4471 si
1455 4407 1709 4475 Malaca
1752 4408 1922 4472 solos
1970 4406 2144 4475 cives
2159 4406 2515 4473 ‘Romanos
2556 4410 2754 4475 habu-
