2917 5017
440 285 518 352 12
1090 285 1173 336 De
1213 281 1382 334 Gallia
1419 281 1772 332 Romanorum
1803 277 2079 344 provincia.

425 451 694 529 bantur,
757 452 910 537 quia
963 447 1320 536 Hispaniae
1364 441 1645 510 Viriathi
1721 441 2033 506 seditione
2096 437 2387 504 turbatae
2446 434 2771 502 eximiam

429 559 752 644 quandam
791 581 1011 625 curam
1048 553 1495 643 postulabant:
1536 573 1697 636 quas
1742 558 2081 636 propterea
2124 546 2269 634 plus
2302 567 2496 631 quam
2523 543 2773 608 decem
2878 567 2880 604 ι

429 690 686 743 annos,·
732 667 888 731 dum
940 662 1237 731 Viriatho
1293 682 1483 726 caeso
1539 659 1881 743 dirutaque
1928 656 2275 721 Numantia
2343 654 2552 740 capita
2613 653 2779 738 ipsa
2880 667 2882 678 ·

426 773 580 840 belli
621 774 874 840 sublata
899 783 1068 848 sunt,
1109 769 1484 836 consulares
1530 767 1735 832 fuisse
1772 763 2265 852 prorogatisque
2292 762 2775 848 imperatorum

431 882 718 967 imperiis
757 881 899 966 regi
941 877 1357 945 consuevisse
1395 875 1717 941 videmus.
1773 875 2001 958 Itaque
2032 894 2199 937 anno
2242 870 2359 935 145
2400 871 2561 936 alter
2602 891 2776 934 con-

433 989 649 1054 sulum
690 988 774 1071 Q.
800 986 1048 1052 Fabius
1083 985 1412 1050 Maximus
1452 980 1840 1067 Hispaniam
1880 979 2249 1045 ulteriorem
2291 978 2557 1064 accepit,
2599 978 2777 1043 cite-

429 1097 664 1160 riorem
727 1092 804 1159 C.
866 1095 1134 1159 Laelius
1196 1103 1453 1178 praetor
1473 1139 1487 1166 ,
1550 1089 1784 1175 reliqui
1852 1100 1983 1154 tres
2043 1099 2374 1174 praetores
2443 1086 2778 1163 Africam,

433 1201 740 1279 Siciliam,
785 1199 1169 1278 Sardiniam,
1216 1201 1348 1265 duo
1392 1199 1675 1265 urbanas
1721 1197 2107 1284 provincias.
2166 1196 2547 1281 Eademque
2592 1195 2781 1260 ratio

435 1322 688 1376 servata
737 1320 836 1380 est
855 1331 1022 1374 anno
1054 1307 1193 1386 144,
1237 1329 1386 1372 cum
1430 1306 1753 1383 consules,
1803 1306 1916 1391 qui
1959 1305 2043 1371 ad
2085 1304 2328 1370 bellum
2360 1327 2585 1392 parum
2630 1303 2781 1390 apti

436 1418 829 1493 viderentur,
877 1427 1092 1481 vetere
1131 1439 1308 1481 more
1354 1415 1599 1480 Italiam
1650 1425 1714 1482 et
1755 1411 2034 1482 Galliam
2078 1423 2469 1499 acceperunt
2512 1413 2781 1500 (Valer.

438 1525 615 1590 Max.
668 1525 799 1601 VI,
871 1525 944 1601 4,
997 1525 1114 1606 2),
1195 1523 1581 1609 Hispaniam
1639 1523 2009 1587 ulteriorem
2077 1534 2425 1610 prorogato
2491 1522 2783 1609 imperio

437 1632 522 1714 Q.
544 1632 810 1710 Fabius,
856 1632 1215 1697 citeriorem
1257 1633 1521 1719 ignotus
1568 1630 1799 1715 aliquis
1839 1641 2115 1716 praetor,
2165 1630 2252 1713 Q.
2296 1630 2584 1696 Marcius
2620 1631 2783 1695 Rex

442 1741 846 1827 peregrinam
886 1741 1394 1806 iurisdictionem
1441 1739 1766 1821 (Frontin.
1824 1740 1906 1805 de
1945 1739 2217 1824 aquaed.
2263 1762 2318 1806 c.
2362 1739 2466 1823 7),
2528 1738 2780 1824 reliqui

435 1848 748 1914 urbanam
788 1850 1207 1935 provinciam,
1238 1848 1554 1924 Africam,
1590 1847 1897 1925 Siciliam,
1930 1845 2295 1913 Sardiniam
2328 1847 2781 1912 obtinuerunt.

436 1956 608 2021 Tum
653 1980 819 2023 anno
859 1958 978 2023 143
1027 1967 1208 2023 sexta
1249 1958 1418 2022 facta
1459 1967 1558 2021 est
1600 1955 1933 2041 provincia
1975 1954 2383 2033 Macedonia,
2422 1979 2555 2041 quo
2596 1980 2782 2022 anno

441 2066 756 2130 incertum
799 2065 1006 2131 videri
1045 2075 1258 2150 potest
1301 2064 1467 2148 quae
1516 2063 1708 2127 suerit
1741 2063 2007 2128 sortitio.
2080 2061 2214 2130 Sed
2242 2065 2529 2152 quinque
2554 2077 2780 2132 tamen

437 2195 519 2237 ex
571 2172 653 2236 iis
705 2173 894 2238 video
950 2173 1156 2239 fuisse
1192 2165 1583 2257 praetorias,
1658 2171 2042 2258 Hispaniam
2100 2173 2507 2251 ulteriorem,
2571 2199 2781 2261 quam

443 2281 800 2346 succedens
844 2281 927 2364 Ω.
971 2281 1178 2348 Fabio
1221 2280 1473 2366 accepit
1518 2279 1867 2362 Quinctius
1910 2281 2041 2358 ille,
2084 2281 2165 2346 de
2199 2305 2327 2367 quo
2370 2289 2544 2370 App.
2572 2283 2780 2370 Hisp.

441 2411 496 2453 c.
537 2389 620 2455 66
657 2401 902 2469 narrat,
958 2393 1069 2475 qui
1113 2389 1195 2456 ab
1237 2389 1433 2475 Pigh.
1480 2390 1549 2455 Π
1590 2414 1651 2475 p.
1689 2390 1804 2456 471
1853 2414 2085 2476 parum
2130 2405 2305 2456 recte
2350 2391 2419 2456 in
2462 2390 2547 2475 Ω.
2570 2392 2779 2458 Pom-

437 2497 658 2583 peium
693 2508 997 2575 mutatur,
1046 2498 1359 2576 Africam,
1402 2496 1879 2576 Macedoniam,
1917 2496 2229 2577 Siciliam,
2257 2499 2650 2579 Sardiniam,
2696 2514 2779 2566 ut

436 2629 609 2672 unus
649 2615 897 2672 tantum
938 2616 1196 2692 praetor
1237 2605 1320 2672 ad
1363 2616 1703 2691 utramque
1754 2607 2266 2675 iurisdictionem
2310 2609 2777 2674 administran-

441 2713 590 2778 dam
643 2713 711 2778 in
763 2713 926 2779 urbe
985 2726 1354 2780 versaretur
1405 2714 1503 2780 M.
1545 2715 1867 2782 Aemilius
1919 2717 2215 2802 Lepidus
2268 2720 2295 2801 (
2313 2717 2369 2781 F
2368 2718 2602 2784 rontin.
2640 2718 2686 2783 l.
2725 2718 2777 2784 l.

442 2843 497 2886 c.
541 2822 645 2906 7),
705 2822 911 2899 idem,
970 2822 1082 2907 qui
1137 2844 1304 2887 anno
1352 2822 1469 2889 137
1528 2824 1756 2888 consul
1815 2824 1960 2890 fuit.
2043 2826 2185 2891 Nec
2226 2827 2383 2892 mihi
2424 2827 2777 2913 utriusque

438 2927 722 2994 urbanae
757 2929 1124 3016 provinciae
1168 2930 1536 2996 coniunctio
1588 2931 1925 3000 discedere
1968 2935 2230 3000 videtur
2268 2959 2305 3000 a
2348 2937 2486 3002 veri
2540 2936 2775 3002 simili-

441 3037 687 3114 tudine,
729 3047 1070 3123 propterea
1111 3039 1287 3123 quod
1315 3037 1400 3122 Q.
1422 3040 1677 3106 Marcio
1722 3042 1807 3106 ad
1854 3067 2057 3129 aquae
2098 3044 2387 3123 ductum,
2428 3066 2613 3129 quem
2656 3045 2771 3108 in-

443 3156 730 3231 ceperat,
787 3145 1254 3230 perficiendum
1299 3168 1470 3212 novo
1530 3170 1706 3213 more
1760 3150 2104 3235 imperium
2148 3177 2267 3239 per
2304 3154 2479 3219 hunc
2520 3176 2773 3219 annum

441 3264 860 3339 prorogatum
911 3275 1054 3318 esse
1112 3255 1372 3320 scimus.
1454 3252 1591 3321 Sed
1630 3256 1754 3322 hoc
1796 3258 2061 3343 quidem
2106 3261 2188 3326 sit
2229 3261 2535 3327 dubium:
2602 3262 2775 3329 illud

443 3362 794 3427 certissime
839 3384 918 3426 ex
963 3361 1402 3427 consularium
1441 3364 1925 3448 provinciarum
1957 3369 2277 3436 divisione
2314 3370 2768 3458 perspicimus,

443 3467 725 3534 Galliam
763 3469 888 3534 hoc
931 3491 1098 3534 anno
1153 3471 1443 3536 nondum
1498 3473 1704 3539 fuisse
1751 3476 2173 3561 provinciam.
2260 3479 2431 3546 Nam
2482 3503 2562 3546 ex
2605 3503 2763 3546 con·-

443 3577 694 3642 sulibus
752 3599 957 3643 unum
1011 3578 1096 3660 Q.
1163 3576 1517 3643 Caecilium
1570 3581 1912 3647 Metellum
1962 3585 2348 3674 Hispaniam
2404 3569 2766 3656 citeriorem

442 3706 591 3749 cum
634 3684 801 3752 bello
847 3684 1234 3753 Celtiberico
1282 3689 1579 3754 sortitum
1624 3712 1766 3756 esse
1812 3697 2268 3777 cognoscimus
2310 3721 2393 3763 ex
2417 3698 2567 3765 Liv.
2612 3701 2765 3786 epit.

441 3792 629 3870 LIII,
673 3794 846 3880 App.
887 3794 1080 3880 Hisp.
1127 3818 1184 3860 c.
1226 3796 1328 3874 66,
1377 3797 1595 3864 Valer.
1638 3799 1818 3865 Max.
1860 3802 1989 3881 IX,
2038 3806 2097 3882 3,
2141 3808 2215 3884 73
2270 3808 2544 3872 alterum
2587 3809 2763 3895 App.

443 3898 796 3967 Claudium
842 3902 1201 3968 Pulchrum
1256 3927 1402 3970 cum
1464 3905 1743 3974 Salassis
1762 3955 1779 3985 ,
1846 3923 2039 3996 gente
2091 3915 2366 4002 Alpina,
2430 3939 2762 4004 pugnasse

441 4009 735 4074 scribunt
777 4010 927 4075 Liv.
970 4011 1015 4076 l.
1057 4011 1122 4089 1.,
1169 4008 1362 4079 Oros.
1394 4014 1476 4091 V,
1522 4015 1581 4092 4,
1626 4017 1708 4082 cf.
1747 4017 1963 4086 Valer.
2003 4020 2182 4088 Max.
2208 4024 2291 4101 V,
2328 4024 2387 4101 4,
2420 4025 2480 4090 6.
2541 4026 2762 4109 Quare

441 4118 496 4182 si
534 4117 669 4182 ulla
702 4128 857 4184 tunc
901 4120 1135 4185 fuisset
1175 4121 1509 4206 provincia
1554 4122 1801 4204 Gallia,
1852 4127 2021 4194 hanc
2064 4131 2276 4196 sortiri
2321 4131 2575 4212 debuit,
2644 4135 2759 4202 sed

442 4226 737 4290 sortitum
791 4249 934 4293 esse
989 4228 1244 4294 Italiam
1305 4231 1534 4297 scribit
1577 4233 1709 4301 Dio
1754 4236 1831 4300 fr.
1868 4235 2226 4304 LXXIX:
2297 4243 2329 4305 ὁ
2372 4240 2683 4315 Κλαύδιος
2724 4249 2756 4310 ὁ

443 4336 764 4420 συνάρχων
821 4334 1141 4401 Μετέλλου
1203 4373 1281 4386 --·
1341 4339 1553 4427 ἔτυχεν
1600 4343 1661 4406 ἐν
1719 4351 1796 4429 τῇ
1834 4344 2061 4430 Ἰταλίᾳ
2114 4350 2324 4435 λαχὼν
2386 4350 2595 4437 ἄρχειν
2657 4355 2757 4418 καὶ
