2917 5017
462 338 543 405 58
1122 343 1207 393 De
1244 341 1415 393 Gallia
1448 342 1796 393 Romanorum
1845 342 2120 407 provincia.

461 516 597 572 erat
632 529 709 572 ac
750 506 1156 586 Macedonia,
1216 509 1261 571 i.
1306 530 1361 573 e.
1408 509 1464 572 si
1505 508 1588 576 ab
1630 531 1750 573 suo
1791 507 2118 593 praeside,
2177 506 2292 591 qui
2323 505 2390 569 in
2431 504 2578 589 ipsa
2619 525 2757 588 pro-

460 614 671 679 vincia
725 628 1091 681 versaretur
1108 664 1127 693 ,
1191 616 1331 701 regi
1390 615 1698 694 debebat,
1761 617 1919 701 quid
1974 616 2232 681 tandem
2283 610 2515 679 Cicero
2564 609 2766 677 Gallia

460 734 725 809 accepta
766 725 1185 790 lucrabatur?
1261 724 1435 789 Num
1493 725 1708 789 minus
1764 723 2099 809 oportebat
2159 722 2379 789 relicta
2421 721 2634 785 Roma
2675 742 2767 783 re-

450 832 755 916 lictisque
800 854 963 918 quae
1008 834 1073 897 in
1113 832 1274 897 urbe
1326 832 1796 899 exercebantur
1855 831 2116 897 iudiciis
2177 852 2450 916 peregre
2509 826 2768 892 abesse?

460 939 753 1005 Haberet
796 940 1219 1005 abstinentiae
1262 952 1326 1005 et
1366 940 1739 1005 demerendi
1783 938 2050 1005 Antonii
2097 961 2388 1013 causam,
2441 958 2595 1001 cum
2636 935 2769 999 Ma-

462 1048 799 1113 cedoniam
844 1049 1133 1125 cederet,
1186 1047 1449 1115 haberet
1491 1050 1684 1114 etiam
1739 1048 2126 1113 securiorem
2169 1069 2245 1111 ac
2289 1046 2431 1131 paci
2475 1043 2770 1129 aptiorem

461 1155 889 1241 provinciam,
946 1157 1063 1221 sed
1112 1157 1273 1222 illud
1320 1168 1490 1223 certe
1535 1156 1720 1243 sequi
1761 1178 1890 1220 non
1931 1165 2177 1241 poterat
2212 1154 2386 1240 quod
2430 1152 2566 1217 Dio
2611 1152 2770 1227 dicit,

464 1263 638 1348 quod
696 1262 955 1329 iudiciis
1014 1286 1243 1330 vacare
1300 1265 1512 1331 vellet.
1609 1267 1899 1351 Apparet
1955 1264 2158 1349 igitur
2208 1286 2288 1328 ex
2344 1262 2471 1328 alio
2525 1260 2769 1347 provin-

463 1371 705 1437 ciarum
751 1394 987 1456 genere
1029 1374 1233 1439 fuisse
1257 1353 1746 1451 'Macedoniam‚
1785 1396 1865 1439 ex
1909 1372 2034 1438 alio
2059 1370 2340 1437 Galliam
2363 1367 2768 1455 Cisalpinam,

466 1480 620 1545 item
658 1474 1038 1565 intelligitur
1080 1482 1245 1547 hanc
1282 1481 1363 1548 ab
1406 1505 1506 1558 eo,
1560 1482 1671 1566 qui
1714 1481 1958 1545 Romae
2001 1492 2366 1544 versaretur
2405 1501 2485 1545 ac
2525 1476 2767 1541 iudiciis

465 1597 909 1674 occuparetur,
954 1590 1241 1673 potuisse
1283 1590 1445 1675 regi.
1511 1589 1678 1654 Cum
1719 1600 1932 1653 autem
1973 1611 2168 1673 supra
2193 1586 2604 1653 documentis
2651 1608 2772 1651 cer-

472 1696 737 1760 tissimis
796 1696 962 1760 hanc
1020 1696 1223 1782 ipsam
1281 1695 1532 1763 Galliae
1605 1697 1916 1763 citerioris
1980 1696 2293 1761 rationem
2359 1705 2510 1761 ante
2571 1693 2774 1759 Sullae

472 1814 743 1869 aetatem
786 1804 990 1869 fuisse
1018 1805 1512 1883 ostenderimuS,
1554 1818 1626 1871 ut
1651 1805 2044 1871 coniunctim
2066 1827 2212 1870 cum
2239 1805 2430 1872 Italia
2455 1814 2774 1889 regeretur

475 1912 717 1996 quique
769 1912 922 1977 huic
986 1922 1339 1997 praeesset,
1404 1914 1580 1979 idem
1641 1914 1814 1978 illam
1881 1912 2358 1978 administraret
2419 1912 2778 1995 Romaeque

468 2028 855 2095 versaretur,
896 2042 1109 2084 nonne
1150 2022 1560 2087 manifestum
1603 2034 1702 2085 est
1741 2021 2008 2087 eandem
2053 2021 2191 2085 eius
2235 2033 2534 2087 naturam
2573 2017 2774 2083 fuisse

464 2124 779 2191 Cicerone
820 2128 1128 2191 consule?
1210 2129 1435 2213 Neque
1475 2129 1600 2195 alia
1643 2130 1876 2206 similia
1921 2128 2340 2206 documenta,
2393 2150 2565 2214 quae
2615 2125 2775 2189 idem

462 2235 838 2311 ostendant,
908 2233 1165 2299 desunt.
1248 2237 1554 2301 Proxime
1617 2238 1784 2302 enim
1838 2237 1971 2302 Dio
2023 2238 2065 2301 l.
2111 2238 2155 2301 1.
2215 2237 2340 2302 hoc
2387 2261 2428 2301 a
2477 2234 2771 2301 Cicerone

460 2344 705 2409 factum
750 2364 893 2407 esse
934 2354 1187 2421 narrat,
1234 2355 1307 2409 ut
1348 2346 1554 2429 ipsam
1600 2344 1772 2409 illam
1817 2344 2099 2411 Galliam
2141 2344 2506 2409 citeriorem
2523 2388 2540 2421 ,
2597 2363 2764 2427 quam

460 2450 541 2517 ab
578 2452 863 2516 Antonio
908 2463 1261 2539 acceperat,
1304 2453 1672 2538 deponeret.
1749 2452 2084 2517 Pei-tinent
2131 2452 2216 2516 ad
2259 2475 2400 2517 eam
2443 2475 2586 2517 rem
2626 2469 2770 2535 quae

466 2556 697 2623 Cicero
762 2559 829 2623 in
873 2559 1007 2623 Pis.
1060 2582 1115 2625 c.
1160 2561 1200 2625 2
1261 2559 1486 2624 habet:
1555 2567 1686 2643 Ego
1732 2565 2128 2642 provinciam
2171 2564 2480 2639 Galliam,
2539 2567 2769 2623 senatus
2861 2642 2863 2645 Α

461 2672 833 2731 auctoritate
868 2672 1145 2731 exercitu
1170 2678 1233 2730 et
1258 2673 1532 2749 pecunia
1578 2673 1949 2731 instructam
1977 2678 2040 2730 et
2065 2659 2378 2745 ornatam,
2425 2692 2612 2751 quam
2642 2688 2771 2729 cum

468 2782 741 2840 Antonio
780 2780 1251 2852 communicavi,
1294 2778 1457 2857 quod
1491 2780 1584 2837 ita
1621 2776 2049 2839 existimabam
2095 2786 2370 2857 tempora
2413 2776 2771 2857 reipublicae

444 2888 665 2967 serre,
720 2890 788 2947 in
854 2888 1136 2947 contione
1194 2886 1443 2965 deposui
1489 2887 1867 2946 reclamante
1911 2888 2144 2965 populo
2191 2888 2498 2947 Romano.
2589 2880 2768 2945 Hunc

464 2994 701 3069 locum,
743 2993 857 3078 qui
889 2993 957 3056 in
978 2991 1280 3057 omnibus
1310 2990 1645 3057 codicibus
1689 2991 1780 3057 ita
1821 3002 1894 3055 ut
1933 2991 2312 3076 scripsimus
2351 2991 2614 3077 legitur,
2657 3008 2762 3051 non

468 3100 909 3165 existimamus
951 3110 1123 3165 recte
1158 3099 1238 3165 ab
1266 3100 1618 3165 Garatonio
1653 3122 1796 3165 esse
1828 3100 2232 3186 explicatum,
2275 3121 2397 3165 nec
2437 3099 2770 3185 probamus

462 3231 657 3284 nunc,
697 3214 867 3293 quod
910 3208 977 3271 in
1021 3223 1358 3271 comment.
1402 3207 1731 3293 epigraph.
1761 3207 1906 3272 Vol.
1932 3208 2002 3271 II
2039 3232 2102 3293 p.
2134 3208 2250 3273 194
2295 3205 2548 3272 Galliae
2575 3202 2770 3271 Cisal-

463 3318 649 3403 pinae
698 3318 940 3381 ratione
984 3317 1275 3381 nondum
1327 3317 1482 3380 satis
1528 3327 1864 3401 perspecta
1899 3339 2118 3381 veram
2150 3315 2359 3381 videri
2401 3315 2544 3380 eius
2587 3312 2768 3377 inter-

461 3426 878 3512 pretationem
952 3424 1484 3511 significavimus.
1598 3423 1859 3489 Etenim
1920 3423 2312 3490 Garatonius
2381 3424 2503 3488 hoc
2573 3419 2767 3485 dicere

464 3531 845 3599 Ciceronem
888 3534 1173 3619 putabat,
1218 3532 1518 3609 Galliam,
1572 3554 1735 3618 quae
1781 3534 1864 3597 ad
1910 3533 2271 3598 Antonium
2309 3533 2448 3597 iure
2493 3555 2570 3598 ac
2615 3536 2760 3594 sorte

463 3640 823 3727 spectabat,
876 3644 944 3707 in
990 3642 1165 3707 illius
1208 3640 1480 3727 gratiam
1525 3640 1694 3705 ultro
1747 3664 1816 3705 se
1877 3641 2242 3726 suscepisse
2291 3642 2488 3727 idque
2531 3638 2766 3726 privata

462 3751 791 3836 pactione,
851 3773 981 3835 qua
1022 3772 1147 3815 non
1195 3750 1409 3826 fieret,
1472 3760 1546 3813 ut
1590 3771 1666 3813 ea
1709 3750 1922 3815 minus
1969 3750 2239 3815 Antonii
2298 3762 2501 3825 esset,
2557 3744 2670 3812 sed
2705 3750 2767 3805 ut

463 3882 605 3924 eam
628 3856 859 3925 Cicero
901 3881 1017 3945 pro
1046 3858 1331 3923 Antonio
1376 3856 1640 3922 haberet
1681 3881 1758 3923 ac
1789 3868 2060 3944 regeret.
2121 3859 2201 3922 In
2235 3858 2475 3943 quibus
2509 3854 2764 3941 primum

464 3968 779 4053 privatam
840 3967 1015 4032 illam
1070 3989 1262 4053 quam
1308 3966 1398 4031 ait
1456 3966 1818 4051 pactionem
1876 3988 2006 4030 non
2063 3965 2376 4052 intelligo.
2478 3961 2764 4031 solebant

466 4076 636 4142 enim
680 4076 938 4141 omnino
979 4076 1345 4161 provinciae
1391 4075 1768 4141 consulibus
1815 4074 2052 4139 futuris
2101 4075 2195 4140 sic
2238 4073 2518 4152 decerni,
2559 4083 2628 4137 ut
2665 4076 2764 4133 aut

468 4185 679 4249 sortiri
715 4195 827 4249 aut
852 4206 1217 4269 comparare
1244 4206 1353 4249 eas
1390 4186 1555 4249 inter
1601 4206 1670 4249 se
1710 4183 2107 4259 iuberentur,
2155 4185 2542 4270 comparatio
2567 4189 2761 4247 autem

464 4294 595 4371 illa,
638 4316 831 4379 quam
870 4304 1137 4380 apparet
1169 4316 1299 4357 non
1322 4291 1516 4357 modo
1541 4302 1688 4357 ante
1717 4292 2134 4369 sortitionem,
2181 4292 2297 4359 sed
2327 4305 2758 4375 nonnunquam

468 4402 661 4470 etiam
701 4411 847 4489 post
870 4422 1011 4467 eam
1035 4400 1175 4469 fieri
1214 4402 1522 4489 potuisse,
1567 4422 1696 4485 quo
1726 4411 1912 4486 pacto
1953 4399 2208 4486 publice
2237 4402 2479 4487 suscipi
2503 4392 2759 4487 potuerit
