2917 5017
726 349 730 354 ,
794 295 878 348 Ds
916 294 1091 350 Gallia
1129 299 1485 352 Romanorum
1533 301 1809 366 provincia.
2376 299 2457 368 49

124 453 469 544 Cisalpina
483 505 504 536 ,
562 482 644 525 ex
693 461 899 548 ipsius
954 463 1049 528 rei
1109 473 1340 528 natura
1389 485 1471 530 ne
1520 472 1667 550 post
1711 462 1959 530 Sullam
2002 463 2267 550 quidem
2318 465 2459 532 eius

121 566 444 634 rationem
504 579 816 634 mutatam
880 583 1022 637 esse
1092 572 1448 657 poterimus
1508 570 1830 656 colligere.
1924 571 2203 638 Accedit
2260 572 2459 649 aliud,

115 675 298 760 quod
350 675 529 742 inter
573 674 854 744 Galliam
900 679 1066 746 hanc
1110 677 1509 766 Cisalpinam
1526 725 1547 756 ,
1607 701 1773 765 quae
1827 689 2121 765 putatur,
2174 689 2239 746 et
2295 680 2463 746 inter

119 783 414 869 reliquas
468 786 691 871 populi
733 787 1004 852 Romani
1042 809 1208 873 quae
1253 809 1404 854 vere
1453 788 1720 854 fuerunt
1757 787 2119 874 provincias
2161 809 2463 873 magnam

115 892 460 976 quandam
503 894 942 960 diversitatem
981 895 1186 962 fuisse
1226 895 1565 981 significet.
1646 895 1907 960 Etenim
1950 895 2231 982 reliquas
2248 943 2267 973 ,
2332 918 2461 962 non

118 1000 322 1065 modo
371 1024 614 1087 parvas
673 1014 862 1088 atque
903 1004 1216 1082 inermes,
1269 1027 1497 1070 verum
1538 1003 1730 1068 etiam
1773 1025 2040 1090 magnas
2079 1027 2157 1072 ac
2204 1005 2462 1092 populis

116 1109 461 1175 bellicosis
501 1110 770 1189 vicinas,
810 1111 1156 1198 aliquando
1191 1112 1274 1178 ab
1317 1112 1398 1177 iis
1441 1110 1917 1178 administratas
1956 1134 2101 1178 esse
2143 1113 2463 1191 videmus,

115 1218 231 1303 qui
286 1229 630 1304 praetores
684 1230 932 1285 tantum
974 1220 1286 1298 fuissent,
1347 1243 1479 1286 non
1534 1219 1853 1286 consules.
1944 1219 2007 1286 N
2008 1241 2115 1286 am
2166 1231 2241 1285 ut
2278 1221 2349 1285 in
2387 1243 2464 1287 eo

117 1326 444 1412 temporis
485 1326 694 1412 spatio
711 1375 730 1406 ,
790 1327 872 1394 de
915 1349 1046 1414 quo
1101 1329 1356 1415 agimus
1376 1374 1395 1406 ,
1459 1327 1889 1394 consistamus
1909 1375 1927 1406 ,
1990 1327 2463 1407 Macedoniam,

119 1434 316 1499 cuius
339 1435 664 1520 plurimos
689 1447 973 1502 rectores
1000 1436 1322 1515 novimus,
1343 1457 1426 1502 ex
1450 1445 1753 1522 praetura
1774 1434 2049 1502 obtinuit
2072 1436 2155 1502 L.
2173 1437 2465 1504 Rubrius

123 1539 480 1608 Culleolus
537 1540 925 1632 (Comment.
985 1544 1322 1632 epigraph.
1364 1544 1515 1611 Vol.
1556 1545 1626 1610 H
1669 1567 1733 1630 p.
1784 1545 1969 1625 184),
2024 1541 2103 1610 C.
2146 1543 2465 1612 Octavius

124 1651 334 1736 (ibid.
399 1675 467 1738 p.
536 1653 732 1737 194),
817 1652 900 1716 L.
964 1652 1330 1740 Appuleius
1407 1649 1800 1720 Saturninus
1878 1653 2077 1740 (ibid.
2147 1678 2211 1741 p.
2282 1654 2465 1739 194),

138 1757 228 1840 Q.
285 1759 657 1826 Ancharius
723 1761 911 1848 (ibid.
967 1785 1031 1847 p.
1073 1761 1266 1848 201),
1335 1759 1631 1826 Africam
1668 1760 1752 1826 L.
1792 1761 2087 1828 Licinius
2142 1761 2467 1828 Lucullus

141 1864 336 1949 (Cic.
391 1868 588 1933 Acad.
637 1869 741 1946 H,
798 1869 897 1952 1),
954 1868 1038 1934 L.
1099 1867 1376 1954 Sergius
1431 1863 1715 1935 Catilina
1773 1865 1945 1952 (Cic.
2015 1893 2080 1955 p.
2142 1867 2319 1935 Cael.
2374 1870 2465 1954 4),

133 1974 220 2057 Q.
245 1975 598 2063 Pompeius
623 1976 841 2042 Rufus
888 1974 1058 2063 (Cic.
1085 1999 1151 2063 p.
1179 1975 1357 2042 Cael.
1383 1975 1517 2062 30),
1561 1975 1641 2040 T.
1666 1974 1925 2042 Vettius
1954 1977 2166 2044 Iudex
2206 1977 2469 2063 aliique,

121 2107 417 2170 quorum
459 2086 724 2151 nomina
766 2085 1178 2171 ignoramus;
1235 2084 1545 2170 perpauci
1603 2085 1773 2149 enim
1814 2086 1919 2151 vel
1960 2108 2149 2152 nemo
2194 2108 2277 2152 ex
2316 2109 2471 2152 con-

125 2194 354 2260 sulatu
413 2194 584 2260 hanc
637 2194 1037 2282 provinciam
1088 2194 1354 2260 sortitus
1402 2205 1521 2258 est.
1617 2193 2001 2278 Hispaniam
2056 2207 2273 2262 autem
2316 2197 2471 2262 cite-

124 2305 373 2370 riorem
413 2303 712 2389 proxime
749 2314 896 2368 ante
935 2300 1060 2368 Cn.
1100 2303 1491 2388 Pompeium
1535 2325 1617 2369 ex
1658 2315 1961 2390 praetura
2004 2305 2173 2370 rexit
2209 2303 2295 2386 Q.
2343 2302 2471 2370 Ca-

125 2411 328 2478 lidius
371 2408 554 2496 (Cic.
598 2435 662 2497 p.
705 2412 931 2478 Planc.
977 2411 1113 2496 29),
1153 2421 1294 2476 tum
1331 2409 1427 2474 M.
1478 2411 1732 2498 Pupius
1772 2411 1950 2490 Piso,
2005 2412 2082 2477 P.
2128 2409 2471 2480 Cornelius

129 2521 466 2586 Lentulus
515 2517 824 2606 Spinther
861 2541 1028 2586 anno
1071 2519 1153 2585 59
1201 2515 1426 2603 (Caes.
1470 2517 1621 2584 bell.
1664 2519 1789 2585 civ.
1823 2520 1879 2598 Ι,
1924 2519 2057 2604 22),
2102 2521 2475 2588 ulteriorem

135 2630 478 2695 Antistius
518 2628 626 2694 ille
655 2629 885 2707 Vetus,
931 2627 1120 2693 cuius
1150 2638 1453 2712 quaestor
1490 2627 1617 2694 fuit
1637 2623 1715 2693 C.
1742 2627 1951 2693 Iulius
1978 2624 2223 2694 Caesar
2264 2629 2474 2714 (Plut.

140 2735 332 2804 Caes.
375 2739 472 2821 5),
520 2734 598 2802 C.
644 2734 1008 2804 Cosconius
1047 2733 1218 2822 (Cic.
1257 2735 1326 2801 in
1368 2736 1519 2801 Vat.
1564 2736 1658 2820 5),
1700 2735 1843 2821 ipse
1886 2733 1965 2800 C.
2004 2733 2268 2814 Caesar,
2314 2733 2471 2802 Sex.

155 2845 544 2928 Quinctilius
590 2845 807 2910 Varus
829 2891 848 2922 ,
905 2843 1036 2910 alii.
1141 2843 1509 2910 Sardiniam
1560 2853 1625 2908 et
1678 2840 1969 2909 Siciliam
2023 2853 2172 2928 post
2224 2840 2475 2909 Sullam

149 2954 304 3039 quia
343 2954 784 3041 quietissimae
833 2965 1047 3031 erant,
1111 2975 1332 3030 nemo,
1393 2951 1507 3038 qui
1566 2951 1909 3018 consulatu
1968 2951 2230 3017 functus
2282 2959 2475 3028 esset,

139 3064 429 3150 aceepit,
486 3083 610 3128 nec
672 3061 880 3148 magis
934 3061 1198 3138 Asiam,
1263 3060 1319 3126 si
1374 3059 1457 3124 L.
1509 3060 1867 3126 Lucullum
1922 3071 1987 3126 et
2031 3059 2153 3124 M.'
2192 3059 2477 3126 Acilium

135 3173 576 3240 Glabrionem
634 3171 940 3258 excipias.
1027 3165 1323 3236 Ciliciam
1380 3189 1461 3234 ex
1500 3179 1804 3255 praetura
1854 3168 2061 3234 tenuit
2106 3164 2230 3233 Cn.
2273 3168 2477 3234 Dola-

135 3284 331 3361 bella,
381 3282 468 3346 de
517 3302 644 3364 quo
691 3279 998 3354 diximus,
1044 3276 1436 3362 Bithyniam,
1492 3285 1837 3362 postquam
1883 3275 2263 3342 Mithridate
2304 3275 2476 3340 victo

135 3403 400 3480 pacata·
428 3398 562 3467 est,
616 3384 694 3453 C.
738 3386 1042 3473 Papirius
1090 3381 1338 3463 Carbo,
1397 3383 1477 3451 C.
1521 3385 1873 3452 Memmius
1926 3383 2295 3462 Gemellus,
2350 3383 2478 3450 alii.

145 3504 246 3569 De
290 3496 715 3566 Narbonensi
752 3495 1033 3581 denique
1060 3492 1274 3560 Gallia
1315 3493 1489 3560 infra
1522 3492 1783 3580 saepius
1824 3491 2321 3579 disputabimus.
2386 3493 2481 3558 At
2620 3541 2627 3550 .

153 3611 406 3678 Galliae
427 3604 802 3691 Cisalpinae
839 3625 990 3670 cum
1019 3602 1238 3668 nullus
1278 3602 1539 3668 omnino
1563 3623 1847 3688 praeses,
1890 3600 2047 3685 quin
2078 3601 2482 3666 consulatum

167 3719 450 3805 gesserit,
495 3721 1048 3788 commemoretur,
1081 3731 1292 3796 neque
1331 3732 1408 3776 ea
1447 3720 1561 3776 aut
1602 3707 1919 3776 eiusmodi
1955 3707 2151 3773 fuerit
2189 3705 2261 3770 in
2307 3715 2484 3772 tanta
2616 3737 2629 3749 ·

165 3827 329 3896 urbis
373 3821 880 3914 propinquitate,
923 3829 998 3885 ut
1037 3818 1152 3904 qui
1197 3818 1360 3886 bene
1401 3840 1547 3884 eam
1583 3817 1775 3885 etiam
1808 3838 1889 3882 ex
1931 3825 2235 3902 praetura
2274 3813 2480 3880 admi-

159 3938 530 4010 nistrasset,
575 3932 774 3998 latere
811 3941 1070 4016 posset,
1131 3940 1243 3996 aut
1284 3936 1417 3993 tam
1456 3926 1651 4013 plena
1688 3947 2008 3992 armorum
2056 3945 2135 3991 ac
2174 3921 2360 4001 belli,
2410 3933 2484 3988 ut

159 4047 278 4112 nisi
317 4068 362 4110 a
405 4041 733 4111 consulari
773 4039 914 4106 viro
957 4049 1024 4105 et
1076 4057 1314 4124 magno
1363 4057 1517 4102 cum
1570 4034 1857 4100 exercitu
1907 4033 2048 4118 regi
2103 4055 2235 4097 non
2288 4051 2483 4117 posse

163 4156 514 4231 videretur,
557 4149 894 4228 efficietur,
947 4157 1022 4213 ut
1061 4147 1253 4212 etiam
1291 4154 1438 4230 post
1482 4141 1733 4210 Sullam
1783 4141 2107 4206 diversam
2148 4139 2483 4225 regiminis

167 4266 279 4332 rati
287 4286 484 4330 onem
525 4258 828 4326 habuerit
873 4279 951 4324 ac
985 4254 1272 4340 reliquae
1309 4253 1699 4341 provinciae.
1782 4252 1971 4334 Quae
2010 4271 2161 4316 cum
2206 4248 2299 4314 ita
2339 4249 2486 4325 sint,

175 4374 354 4440 etiam
381 4370 695 4456 deinceps
729 4366 889 4433 alter
917 4363 1282 4441 consulum,
1320 4362 1434 4449 qui
1449 4360 1702 4428 Italiam
1733 4357 2129 4533 provinciam
2161 4355 2489 4424 sortiendo
