2917 5017
448 323 568 389 140
1055 331 1137 380 ΒΘ
1173 329 1346 381 Gallia
1383 333 1731 392 Romanorum
1776 344 2053 407 provincia.

413 492 764 558 ·tissimum
819 505 950 572 est,
1015 507 1090 562 ut
1133 501 1248 579 leg.
1290 503 1446 576 Aug.
1486 517 1587 578 pr.
1623 517 1722 576 pr.
1768 497 2156 581 appelletur,
2219 507 2463 561 omisso
2508 507 2775 572 nomine

443 603 833 686 provinciae,
873 605 1072 690 quod,
1113 628 1264 670 cum
1297 604 1525 670 titulus
1562 603 1629 667 in
1659 603 1801 690 ipsa
1836 605 2171 690 provincia
2196 614 2576 691 poneretur,
2622 606 2780 668 addi

441 709 667 777 inutile
725 723 892 790 erat,
955 723 1029 777 ut
1087 713 1473 797 quinquiens
1530 721 1775 776 tantum
1834 735 2067 777 nomen
2119 735 2263 778 esse
2310 713 2623 776 videatur
2666 715 2781 792 leg.
2877 745 2885 752 v·

449 824 604 900 Aug.
648 843 770 901 pro
819 844 918 902 pr.
977 823 1092 901 leg.
1136 827 1231 884 Ill
1271 828 1432 902 Aug.
1494 821 1597 885 vel
1650 821 1943 886 similiter
1994 821 2215 886 addita
2276 821 2560 906 legione.
2676 821 2783 884 Ex

441 927 600 1012 ipsis
659 938 872 994 autem
929 929 1058 994 illis
1113 930 1398 1014 quinque
1457 928 1663 994 titulis
1717 929 1999 1014 primuS,
2068 929 2179 1013 qui
2234 939 2333 994 est
2386 953 2449 992 n.
2506 931 2627 1006 11,
2696 929 2787 992 ita

445 1036 722 1121 scriptus
765 1048 886 1114 est,
926 1048 1002 1102 ιιι
1043 1060 1278 1102 nomen
1315 1037 1591 1123 legionis
1636 1038 1825 1101 etiam
1870 1038 1952 1102 ad
1992 1037 2353 1113 cohortem,
2399 1060 2573 1122 quae
2624 1037 2785 1102 sub-

445 1145 756 1228 sequitur,
801 1146 1008 1230 possit
1047 1147 1401 1231 pertinere,
1450 1145 1615 1221 du0,
1676 1169 1773 1208 nr.
1814 1145 1895 1210 46
1936 1155 1999 1210 et
2040 1145 2145 1222 97,
2200 1146 2409 1210 mutili
2454 1155 2625 1210 sunt
2670 1169 2787 1232 pa-

441 1274 714 1336 rumque
761 1267 999 1318 certam
1034 1253 1627 1339 interpretationem
1668 1253 2035 1331 admittunt,
2080 1254 2309 1339 reliqui
2344 1255 2481 1320 duo
2530 1257 2676 1335 (nr.
2708 1255 2787 1320 25
2883 1265 2885 1267 ’

445 1371 508 1424 et
547 1360 658 1445 26)
705 1371 856 1426 sunt
897 1361 992 1426 M.
1037 1361 1280 1428 Valerii
1321 1361 1722 1437 Maximiani,
1768 1362 1880 1446 qui
1922 1364 2117 1428 semel
2159 1367 2275 1444 leg.
2316 1368 2477 1444 Aug.
2524 1368 2656 1444 leg.
2698 1369 2793 1427 III

443 1471 603 1550 Aug.
640 1491 737 1550 pr.
766 1492 872 1550 pr.
911 1475 1129 1533 consul
1138 1517 1155 1545 ,
1213 1469 1448 1534 deinde
1504 1473 1617 1550 leg.
1667 1475 1823 1550 Aug.
1859 1492 1963 1550 pr.
1997 1492 2099 1553 pr.
2149 1475 2262 1554 leg.
2308 1476 2408 1534 III
2444 1477 2623 1554 Aug.
2672 1495 2787 1537 cos.

436 1598 682 1659 praeses
723 1581 1078 1640 rarim‘mus
1119 1577 1388 1654 dicitur3
1439 1578 1557 1642 sed
1596 1587 1867 1662 uterque
1904 1600 1984 1642 ex
2016 1578 2117 1644 his
2148 1579 2349 1644 titulis
2384 1603 2423 1644 a
2448 1580 2787 1644 militibus
2879 1666 2881 1670 ,

441 1686 694 1770 positus
737 1708 1003 1772 prorsus
1053 1686 1393 1750 militarem
1434 1707 1681 1749 morem
1730 1687 2045 1764 ostendit,
2090 1699 2166 1751 ut
2210 1688 2277 1751 in
2316 1688 2395 1752 iis
2438 1687 2789 1773 legionem

441 1793 851 1878 potissimum
895 1795 1286 1861 nominatam
1334 1817 1479 1858 esse
1529 1793 1761 1858 mirum
1822 1818 1965 1860 esse
2009 1819 2138 1860 non
2178 1796 2405 1881 possit.
2494 1796 2789 1872 Verum,

443 1903 558 1987 qui
599 1915 780 1968 extra
812 1903 1184 1968 Numidiam
1226 1902 1420 1987 positi
1471 1913 1621 1966 sunt
1663 1903 1863 1980 tituli,
1928 1915 2195 1989 possent
2245 1904 2527 1969 fortasse
2590 1915 2792 1990 pote·
2877 1987 2879 2002 Ι

449 2021 676 2076 statem
706 2013 904 2097 legati
935 2012 1394 2086 demonstrare,
1434 2011 1491 2074 si
1519 2023 1735 2075 essent
1766 2022 1876 2078 aut
1910 2013 2125 2097 plures
2158 2021 2271 2076 aut
2298 2012 2793 2078 emendatiores

447 2129 560 2183 aut
622 2141 750 2182 non
813 2119 1128 2203 singulari
1192 2119 1404 2202 aliqua
1461 2118 1543 2182 de
1602 2141 1801 2184 causa
1860 2141 1899 2182 a
1954 2119 2207 2204 vulgari
2266 2143 2441 2185 more
2504 2121 2791 2186 diversi.

443 2227 612 2292 Nam
644 2227 812 2292 duae
845 2226 988 2291 illae
1021 2227 1473 2312 inscriptiones
1518 2227 1723 2312 (apud
1754 2228 1929 2292 Mur.
1956 2227 2101 2304 691,
2130 2229 2167 2294 7
2194 2238 2259 2293 et
2281 2228 2467 2294 Grut.
2498 2229 2663 2307 498,
2704 2232 2791 2314 5),
2882 2277 2885 2282 -

441 2337 508 2401 in
571 2335 809 2420 quibus
863 2340 978 2418 leg.
1034 2341 1151 2418 leg.
1190 2341 1292 2399 III
1325 2343 1489 2416 Aug.
1546 2346 1609 2398 et
1658 2337 1774 2414 leg.
1828 2337 1959 2398 divi
2006 2339 2284 2400 Traiani
2322 2339 2623 2400 Parthici
2670 2344 2792 2420 leg.

445 2451 540 2509 Ill
585 2450 741 2526 Aug.
801 2444 933 2508 dici
987 2445 1316 2520 videatur,
1377 2443 1539 2508 adeo
1597 2453 1747 2508 sunt
1802 2443 1904 2507 vel
1952 2454 2290 2529 corruptae
2336 2445 2441 2510 vel
2481 2444 2794 2512 incertae

442 2552 758 2628 lectionis,
797 2561 870 2616 ut
913 2551 1072 2615 nihil
1109 2551 1358 2636 possint
1391 2551 1853 2616 demonstrare.
1943 2551 2128 2615 Aliae
2171 2552 2359 2629 duae,
2400 2553 2482 2616 L.
2528 2551 2796 2641 Calpe·
2863 2588 2873 2608 ι

445 2659 578 2724 tani
614 2660 827 2724 R-antii
867 2658 1224 2740 Quirinalis
1263 2658 1507 2723 Valerii
1550 2659 1731 2724 Festi
1772 2658 2048 2743 (Borgh.
2077 2660 2339 2724 Bullett.
2366 2659 2645 2747 Neapol.
2680 2665 2793 2729 IV
2865 2724 2873 2733 .

443 2793 505 2855 p.
554 2770 664 2854 34)
709 2779 774 2834 et
813 2766 892 2834 C.
936 2767 1182 2833 Pinarii
1225 2765 1511 2832 Cornelii
1558 2765 1911 2832 Clementis
1960 2769 2165 2853 (apud
2212 2765 2541 2834 Cardinal.
2584 2771 2790 2858 Dipl.
2882 2793 2885 2796 ⁴

444 2879 667 2964 imper.
711 2903 773 2942 n.
823 2877 974 2958 122)
1018 2875 1126 2941 vix
1165 2885 1440 2960 possunt
1482 2875 1753 2951 admitti,
1801 2876 1954 2960 quia
1989 2857 2253 2941 Africae
2288 2899 2546 2954 nomen,
2590 2881 2792 2964 quod
2882 2899 2885 2962 Ι

443 2986 912 3052 Mommsenius
961 2985 1029 3049 in
1067 2984 1146 3048 iis
1191 2983 1483 3048 invenire
1528 2983 1651 3047 sibi
1699 2983 1991 3059 videtur,
2055 2984 2123 3047 in
2148 2985 2641 3070 supplementis
2702 2989 2791 3052 de
2882 3007 2885 3046 ς

445 3095 820 3160 coniectura:
877 3093 1114 3159 additis
1175 3102 1272 3157 est
1327 3113 1537 3176 neque
1594 3115 1671 3156 ea
1728 3093 2097 3157 coniectura
2150 3093 2447 3177 quamvis
2502 3117 2544 3158 a
2588 3094 2788 3160 Bart.
2882 3117 2885 3154 !

444 3203 805 3288 Borghesio
845 3201 1307 3287 proficiscatur,
1349 3211 1461 3264 aut
1508 3210 1681 3264 certa
1726 3201 1879 3266 satis
1916 3211 2029 3265 aut
2070 3224 2145 3265 ea
2178 3201 2611 3267 existimanda
2654 3215 2786 3280 est,
2882 3229 2885 3284 Ε

445 3335 525 3376 ex
580 3333 710 3395 qua
765 3310 846 3374 de
905 3308 1233 3395 provincia
1289 3307 1601 3373 Numidia
1658 3308 1891 3374 debeat
1949 3309 2183 3394 colligi.
2298 3310 2400 3374 Ita
2463 3321 2786 3394 quattuor
2882 3329 2885 3376 i

444 3419 612 3482 tituli
649 3418 1100 3503 relinquuntur
1139 3417 1313 3502 apud
1345 3417 1877 3493 Mommsenium,
1938 3440 2215 3501 quorum
2250 3418 2355 3482 ille
2382 3418 2469 3482 A.
2495 3418 2771 3505 Egnatii
2882 3429 2885 3468 ἑ

445 3527 736 3605 Proculi,
797 3550 990 3612 quem
1035 3523 1226 3591 Grut.
1274 3549 1334 3610 p.
1381 3525 1525 3602 404,
1573 3526 1609 3589 3
1668 3523 1864 3590 habet
1928 3526 2041 3608 (cf.
2095 3524 2330 3589 Marin.
2386 3523 2539 3590 Act.
2593 3527 2764 3591 fratr.

445 3638 607 3700 Arv.
649 3657 714 3722 p.
753 3637 942 3717 765),
1007 3636 1074 3701 in
1116 3657 1246 3720 quo
1293 3644 1395 3700 est
1432 3638 1548 3714 leg.
1594 3638 1754 3714 Aug.
1791 3625 1969 3715 provi
2015 3637 2161 3715 Afr.
2206 3636 2447 3699 dioeces.
2495 3638 2775 3712 Numici„

447 3767 599 3808 cum
659 3745 784 3809 alia
843 3745 1162 3829 quaedam
1220 3741 1414 3806 habet
1470 3741 1631 3806 mira
1686 3741 1817 3805 iam
1862 3763 1901 3806 a
1948 3740 2227 3806 Marinio
2279 3752 2531 3820 notata,
2608 3752 2777 3820 tum,

447 3850 696 3916 etiamsi
733 3862 796 3936 et
825 3875 976 3918 vere
1005 3851 1280 3916 traditus
1309 3861 1372 3915 et
1402 3861 1577 3915 recte
1606 3849 1883 3934 scriptus
1914 3859 2033 3926 est,
2070 3851 2459 3934 singularem
2484 3851 2777 3937 aliquam

445 3957 530 4024 A.
569 3959 833 4044 Egnatii
889 3983 1146 4024 causam
1200 3959 1404 4024 fuisse
1453 3957 1754 4023 ostendit.
1838 3957 2095 4023 Etenim
2139 3958 2470 4024 dioeceses
2516 3971 2777 4025 constat
2882 3931 2885 4030 i

443 4065 752 4151 appellari
797 4089 904 4132 eas
947 4067 1314 4154 provinciae
1357 4077 1596 4153 partes,
1640 4088 1803 4151 quas
1838 4068 2304 4152 proconsulum
2340 4068 2444 4133 vel
2473 4068 2771 4154 Augusti

445 4175 806 4260 legatorum
864 4176 1062 4261 legati
1123 4175 1244 4240 sub
1305 4175 1565 4238 illorum
1628 4175 1814 4258 quasi
1874 4176 2141 4261 imperio
2204 4187 2395 4260 atque
2455 4177 2769 4263 auspiciis

444 4305 671 4368 regere
725 4284 948 4348 solent.
1032 4282 1272 4365 Quare
1305 4282 1360 4347 si
1411 4283 1537 4347 hoc
1575 4305 1809 4348 nomen
1858 4283 1925 4348 in
1962 4285 2073 4350 illa
2113 4283 2453 4362 Numidia,
2516 4307 2685 4370 quae
2730 4309 2769 4351 a
2882 4283 2885 4352 ᾗ

449 4387 750 4475 Caligula
793 4390 1141 4456 constituta
1183 4399 1300 4466 est,
1344 4413 1539 4474 quam
1564 4389 1829 4475 'legatus
1870 4391 2181 4478 principis
2226 4413 2451 4478 regere
2498 4393 2761 4471 solebat,
