2917 5017
485 328 612 397 240
1139 334 1222 383 De
1261 330 1525 383 dictatoris
1564 328 1801 380 Caesaris
1844 328 2143 380 honoribus.

489 496 810 579 ἐποίησενς
855 496 1012 559 item
1049 494 1390 579 Appianus
1429 490 1579 557 bell.
1623 490 1746 555 civ.
1771 490 1906 567 ΙΙΙ,
1943 490 1983 554 9
2018 488 2771 575 Ὀκταούϊος-ἵππαρχος

486 604 594 686 μὲν
625 603 813 665 αὐτοῦ’
841 600 1154 685 Καίσαρος
1193 601 1481 684 γεγένητο
1522 600 1675 683 πρὸς
1720 599 1783 661 ἓν
1829 597 1983 674 ἔτος,
2035 599 2099 669 ἐξ
2138 598 2211 661 οὗ
2259 600 2439 682 τήνδε
2484 598 2591 680 τὴν
2626 602 2771 681 τιμὴν

490 712 522 773 ὁ
576 708 819 794 Καῖσαρ
879 710 942 778 ἐς
993 708 1135 776 τοὺς
1197 709 1416 792 φίλους
1472 706 1821 792 περιφέρων
1882 707 2120 789 ἐτήσιον
2186 706 2315 769 ἔσθ’
2380 707 2479 770 ὅτε
2544 706 2771 767 ἐποιεῖτο

489 816 676 894 εἶναι,
721 840 932 903 neque
969 816 1354 882 adversatur
1394 816 1646 879 Plinius
1690 825 1819 879 nat.
1865 815 2013 879 hist.
2051 816 2215 892 VII,
2262 814 2363 891 45,
2416 816 2555 891 147,
2602 838 2638 879 a
2673 837 2776 898 quo

485 924 654 989 inter
697 948 802 1002 ea,
847 948 1010 1009 quae
1052 925 1358 1009 Augusto
1401 922 1679 988 adversa
1721 922 2100 1000 acciderint,
2145 934 2525 988 numeratur
2563 927 2777 1004 repulsa
2847 948 2849 957 ·

485 1038 558 1096 in
597 1038 954 1115 magisterio
995 1038 1266 1114 equitum
1306 1035 1481 1113 apud
1518 1036 1902 1095 avunculum.
1940 1042 2001 1093 et
2032 1042 2250 1095 contra
2285 1036 2639 1114 petitionem
2678 1036 2780 1094 eius

481 1145 810 1221 praelatus
855 1144 1156 1223 Lepidus,
1215 1162 1346 1224 quo
1389 1140 1532 1204 loco
1574 1139 1687 1225 qui
1736 1140 2085 1225 significari
2130 1152 2358 1225 putant
2397 1164 2529 1205 non
2570 1141 2781 1204 factum

488 1270 630 1312 esse
673 1249 932 1313 omnino
973 1270 1259 1333 unquam
1301 1248 1682 1333 magistrum
1734 1248 2023 1332 equitum
2064 1244 2529 1325 Octavianum,
2582 1270 2780 1333 parum

486 1368 658 1421 recte
699 1356 1218 1441 interpretantur.
1285 1355 1514 1441 Neque
1552 1356 1723 1420 enim
1766 1355 1877 1440 qui
1920 1356 2246 1441 repulsam
2290 1358 2433 1434 fert,
2480 1379 2782 1440 nunquam

490 1464 802 1529 honorem
839 1487 1030 1550 quem
1070 1466 1232 1550 petit
1271 1463 1671 1549 adipiscitur,
1718 1465 1831 1529 sed
1874 1486 1952 1529 eo
1992 1476 2279 1549 tempore
2318 1486 2447 1547 quo
2484 1466 2643 1551 petit
2680 1487 2783 1527 non

488 1572 871 1658 adipiscitur
915 1583 1106 1657 atque
1151 1574 1382 1659 ingens
1429 1596 1739 1637 numerus
1784 1596 1864 1637 ex
1910 1570 2394 1658 magistratibus
2454 1583 2629 1637 esset
2674 1572 2783 1635 exi-

487 1681 796 1758 mendus,
863 1681 916 1745 si
978 1703 1236 1757 omnes,
1301 1702 1465 1764 quos
1521 1681 1845 1765 repulsam
1901 1682 2131 1745 tulisse
2190 1692 2475 1757 constat,
2540 1680 2783 1744 honores

487 1789 816 1873 accepisse
869 1812 1276 1875 negaremus.
1370 1788 1653 1852 Petierat
1704 1790 1911 1875 igitur
1954 1786 2355 1854 Octavianus
2410 1789 2692 1873 primum
2734 1788 2785 1849 in

487 1897 858 1982 magisterio
915 1898 1133 1961 locum
1188 1918 1357 1961 anno
1397 1896 1477 1960 45
1528 1917 1732 1980 eoque
1784 1897 1935 1981 quia
1977 1896 2247 1960 nimium
2289 1896 2669 1961 adolescens
2708 1896 2785 1959 vi-

487 2003 764 2069 debatur
805 2005 1095 2069 deiectus
1138 2015 1476 2089 acceperat
1516 2005 1806 2069 alterum.
1894 2006 2119 2089 Neque
2175 2026 2573 2089 magnopere
2624 2004 2785 2068 mira-

487 2112 704 2177 bimur
769 2134 890 2177 nec
951 2112 1334 2176 Suetonium
1397 2134 1520 2176 nec
1578 2110 1957 2178 Ciceronem
2024 2114 2224 2178 ullam
2286 2113 2485 2179 huius
2557 2112 2785 2177 honoris

486 2222 720 2285 fecisse
763 2220 1179 2295 mentionem3
1245 2220 1522 2305 perierat
1569 2222 1738 2285 enim
1790 2232 1964 2286 totus
2013 2224 2227 2287 occiso
2276 2222 2563 2287 Caesare
2606 2222 2783 2286 nomi-

485 2349 695 2413 neque
749 2328 896 2414 ipso
951 2327 1306 2412 dictaturae
1352 2350 1432 2391 ex
1474 2327 1731 2393 civitate
1775 2328 2057 2408 sublat0,
2121 2331 2306 2395 cuius
2350 2330 2627 2394 tollendi
2670 2326 2786 2393 An-

487 2436 660 2500 tonio
701 2457 830 2500 non
872 2458 1135 2521 parvam
1182 2456 1443 2499 causam
1494 2436 1660 2500 hanc
1714 2436 1921 2507 fuisse
1972 2436 2282 2515 arbitror,
2338 2450 2412 2503 ut
2452 2433 2788 2502 Octaviano

484 2564 734 2607 omnem
773 2543 1105 2629 potestatis
1147 2543 1337 2606 etiam
1385 2544 1668 2627 speciem
1712 2543 2042 2607 adimeret.
2128 2544 2267 2609 Nec
2312 2545 2367 2609 si
2408 2542 2789 2610 Octavianus

485 2662 782 2716 narratur
817 2650 1123 2716 avunculi
1159 2650 1642 2736 expeditionum
1678 2674 1891 2717 comes
1916 2652 2179 2717 futurus
2211 2652 2413 2717 fuisse
2452 2652 2791 2739 (copiosius

487 2759 656 2824 enim
709 2760 830 2823 hoc
881 2758 1144 2843 disputo
1194 2770 1458 2845 propter
1494 2760 1859 2825 Drumanni
1908 2759 1975 2822 in
2020 2759 2170 2825 hist.
2215 2760 2401 2825 Rom.
2437 2762 2549 2825 ΠΙ
2592 2784 2654 2847 p.
2690 2758 2790 2825 684

487 2866 832 2951 errorem),
876 2866 1000 2931 hoc
1043 2876 1293 2931 tantum
1333 2868 1524 2944 valet,
1572 2880 1647 2932 ut
1686 2891 1815 2933 non
1856 2870 2134 2954 potuerit
2178 2892 2295 2954 per
2342 2868 2610 2953 aliquod
2654 2880 2792 2931 tem-

484 2998 608 3062 pus
649 2975 920 3040 Romam
979 2974 1192 3039 redire
1249 2986 1360 3040 aut
1411 2976 1646 3041 absens
1699 2978 2081 3062 magistratu
2138 2978 2344 3063 fungi.
2431 2978 2562 3042 Est
2602 2989 2790 3041 autem

485 3085 676 3149 etiam
717 3084 880 3147 illud
916 3065 1367 3159 memorabile,
1428 3084 1605 3168 quod
1649 3084 1990 3169 Appianas
2042 3085 2160 3161 ait,
2222 3095 2296 3148 ut
2338 3086 2640 3170 pluribus
2690 3086 2791 3148 im-

486 3192 708 3277 pertiri
745 3202 996 3277 posset,
1051 3190 1527 3273 quodammodo
1568 3214 1854 3256 annuum
1896 3193 2139 3257 factum
2180 3214 2323 3257 esse
2366 3192 2791 3279 magisterium

487 3299 794 3382 equitum.
858 3298 1237 3361 ·Biennium
1275 3298 1480 3383 igitur
1520 3299 1716 3375 illud,
1782 3300 1847 3362 in
1892 3299 2067 3383 quod
2116 3301 2350 3364 summi
2394 3301 2789 3387 magistratus

486 3406 806 3491 designati
833 3416 1031 3481 erant,
1065 3404 1338 3470 dictator
1365 3408 1459 3470 sic
1486 3406 1813 3482 diviserat,
1851 3419 1923 3470 ut
1952 3408 2047 3471 M.
2068 3407 2398 3493 Lepidum
2426 3409 2789 3495 magistrum

487 3514 776 3597 equitum
817 3536 956 3577 esse
993 3513 1205 3589 vellet,
1251 3513 1407 3576 dum
1447 3536 1615 3578 anno
1644 3514 1723 3578 44
1754 3514 1822 3578 in
1850 3515 2247 3600 provinciam
2276 3517 2609 3601 profectus
2640 3524 2787 3581 esset
2851 3590 2852 3603 χ

486 3620 836 3707 (neminem
875 3632 1088 3685 autem
1135 3645 1388 3698 eorum,
1453 3623 1565 3706 qui
1614 3623 1682 3685 in
1727 3644 1967 3687 annum
2007 3619 2085 3687 44
2129 3623 2499 3708 provincias
2542 3645 2786 3708 accepe-
2851 3654 2852 3699 3

483 3738 660 3803 rant,
723 3749 944 3791 mense
980 3729 1220 3794 Martio
1261 3730 1342 3795 ab
1385 3729 1545 3795 urbe
1589 3731 1799 3795 exisse
1844 3731 2187 3795 docuimus
2228 3732 2295 3794 in
2338 3728 2694 3796 Comment.
2731 3729 2788 3793 Π

483 3855 547 3919 p.
577 3832 751 3918 235),
789 3846 925 3899 tum
964 3836 1031 3899 in
1061 3836 1383 3920 reliquum
1413 3861 1653 3903 annum
1680 3837 2133 3914 Octavianum,
2176 3839 2333 3901 dum
2364 3838 2420 3903 is
2454 3840 2537 3904 ad
2566 3839 2786 3904 bellum

483 3940 1022 4026 proficisceretur,
1067 3944 1345 4029 denique
1383 3945 1451 4009 in
1496 3969 1737 4010 annum
1782 3946 1861 4011 43
1902 3944 2025 4010 Cn.
2050 3946 2412 4010 Domitium
2442 3943 2784 4019 Calvinum,

484 4071 673 4134 quem
717 4050 837 4114 soli
875 4051 1024 4115 fasti
1049 4048 1397 4137 Capitolini
1433 4052 1789 4117 nominant:
1844 4054 1955 4138 qui
1991 4076 2138 4117 cum
2175 4068 2325 4139 post
2359 4052 2601 4118 bellum
2624 4052 2784 4117 Afri-

484 4178 738 4233 canum,
781 4158 849 4221 in
891 4181 1019 4242 quo
1059 4160 1264 4224 fuisse
1305 4184 1449 4224 eum
1501 4162 1864 4246 complures
1905 4161 2185 4237 tradunt,
2226 4160 2469 4226 Romae
2513 4171 2780 4227 versatus

483 4284 626 4329 esse
674 4265 971 4330 videatur
1019 4264 1193 4350 (Cic.
1231 4289 1294 4352 p.
1336 4268 1486 4333 Dei.
1532 4292 1586 4333 c.
1634 4273 1763 4355 11),
1810 4292 2030 4334 earum
2071 4291 2287 4333 rerum
2329 4290 2490 4352 quas
2532 4268 2599 4330 in
2641 4265 2780 4331 Asia
2851 4318 2852 4321 ,

483 4382 546 4434 et
585 4371 812 4437 Africa
860 4387 1182 4459 gesserat,
1245 4377 1532 4461 praemia
1591 4376 1985 4463 expectabat.
2064 4375 2287 4457 Quare
2335 4376 2447 4459 qui
2490 4382 2778 4457 insequens
2851 4410 2852 4415 κ
