2917 5017
517 341 636 408 162
1023 344 1105 394 Do
1141 341 1311 392 Gallia
1343 341 1690 390 Romanorum
1727 339 1990 406 provincia
2026 340 2303 404 appendix.

509 509 725 585 tradit,
768 508 1042 595 primum
1085 527 1230 570 non·
1255 504 1531 569 obscure
1570 502 1713 567 libr.
1755 502 1843 580 II,
1888 502 1990 578 26,
2036 511 2173 564 tum
2214 510 2427 584 aperte
2472 523 2525 564 c.
2562 500 2656 576 27,
2692 500 2779 564 ubi

511 641 712 705 agens
749 618 830 682 de
871 625 1116 691 senatu,
1160 612 1270 699 qui
1297 611 1436 677 Cal.
1461 611 1654 675 Mart.
1696 610 1846 675 anni
1870 609 1951 674 50
1987 608 2245 672 habitus
2286 620 2402 686 est,
2444 609 2537 673 sic
2566 607 2780 673 scribit:

510 725 821 794 Κλαύδιος
875 727 1162 808 εἰςηγεῖτο
1219 723 1479 805 πέμπειν
1534 718 1797 803 Καίσαρι
1848 721 2179 803 διαδόχους
2225 718 2321 779 ἐπὶ
2362 719 2437 780 τὰ
2484 716 2651 799 ἔθνη·
2707 720 2783 779 καὶ

509 834 622 918 γὰρ
684 833 897 915 ἔληγεν
955 836 986 896 ὁ
1048 831 1303 915 χρόνος,
1361 829 1537 893 unde
1595 828 2007 894 Hofmannus
2065 825 2157 911 (p.
2200 825 2313 908 29)
2370 846 2444 888 eo
2498 825 2634 910 ipso
2686 825 2783 900 die,

510 963 636 1024 quo
677 939 933 1005 habitus
979 951 1076 1004 est
1121 949 1416 1014 senatus,
1473 937 1517 1001 i.
1560 959 1613 1001 e.
1664 933 1799 1002 Cal.
1842 937 2035 1000 Mart.
2082 935 2255 997 finiri
2310 934 2645 1019 imperium
2685 935 2786 996 col-

508 1048 684 1133 ligit,
740 1071 963 1134 parum
1007 1058 1181 1112 recta
1221 1069 1448 1111 rursus
1498 1056 1687 1110 utens
1730 1043 2283 1128 interpretatione3
2339 1065 2489 1106 nam
2532 1041 2727 1125 ἔληγεν
2764 1045 2785 1105 ὃ

509 1155 732 1240 χρόνος
770 1165 868 1220 est
911 1155 1446 1238 appropinquabat
1472 1157 1636 1234 finis
1675 1157 1979 1235 temporis,
2025 1152 2232 1213 exibat
2274 1159 2528 1232 tempus.
2608 1148 2789 1229 Quare

511 1274 756 1327 tantum
815 1262 996 1327 abest
1050 1262 1388 1346 Appianus
1443 1272 1516 1324 ut
1562 1257 1701 1324 Cal.
1742 1259 1937 1323 Mart.
1994 1259 2143 1324 anni
2188 1259 2269 1322 50
2328 1259 2541 1323 exisse
2598 1258 2788 1332 tradat,

511 1381 584 1436 ut
622 1380 771 1457 post
815 1393 964 1434 eum
1006 1370 1179 1433 diem
1221 1369 1434 1433 exisse
1478 1369 1725 1433 doceat.

678 1478 1115 1543 Veruntamen
1154 1479 1503 1542 contemnit
1539 1477 1949 1540 Hofmannus
1995 1475 2114 1539 hos
2150 1484 2485 1551 auctores,
2540 1475 2789 1559 quamvis

513 1587 630 1652 soli
685 1610 764 1651 ex
819 1586 1117 1651 omnibus
1179 1585 1260 1649 de
1301 1585 1554 1670 imperii
1602 1581 1971 1648 Caesariani
2018 1583 2195 1647 exitu
2238 1607 2367 1648 non
2418 1583 2790 1668 significatio-

511 1717 658 1758 nem
697 1694 978 1777 aliquam
1015 1693 1487 1770 obscuriorem,
1546 1692 1663 1758 sed
1707 1701 1999 1777 apertum
2045 1693 2489 1756 testimonium
2542 1690 2791 1756 habeant.

513 1801 832 1887 Displicet
875 1802 936 1865 ei
971 1812 1144 1866 totus
1189 1824 1395 1866 annus
1436 1803 1539 1878 50,
1578 1800 1775 1884 idque
1818 1799 2037 1864 multis
2080 1800 2161 1864 de
2204 1800 2439 1876 causis,
2480 1822 2561 1864 ex
2598 1798 2791 1883 quibus

509 1918 812 1994 quattuor
855 1909 1139 1972 nominat
1175 1933 1238 1994 p.
1273 1909 1368 1972 13.
1449 1909 1538 1972 Et
1577 1911 1853 1995 primum
1896 1909 2179 1994 quidem,
2223 1907 2459 1992 inquit,
2500 1908 2611 1992 qui
2645 1908 2792 1990 quin·

512 2017 866 2100 quennium
925 2013 1222 2081 Caesaris
1275 2017 1545 2101 imperio
1600 2018 1743 2103 lege
1798 2017 2091 2102 Pompeii
2152 2027 2215 2080 et
2263 2013 2493 2080 Crassi
2550 2015 2792 2080 additum

513 2147 655 2188 esse
701 2135 903 2209 putat,
949 2123 1123 2186 idem
1169 2123 1615 2189 decedendum
1664 2127 1868 2190 fuisse
1916 2124 2180 2190 Caesari
2224 2147 2391 2189 anno
2438 2125 2529 2188 50
2580 2134 2793 2187 conten-

511 2233 662 2296 dere
711 2252 840 2295 non
880 2240 1124 2314 potest3
1177 2233 1591 2296 contenderet
1635 2235 1806 2298 enim
1848 2257 1943 2310 ea,
1987 2257 2152 2317 quae
2190 2255 2319 2297 non
2347 2243 2571 2298 essent
2602 2242 2731 2318 apta
2753 2241 2794 2293 et
2860 2307 2862 2310 Α

509 2341 677 2404 inter
715 2362 784 2404 se
824 2339 1287 2403 convenientia.
1366 2338 1689 2405 Nimirum
1726 2366 1763 2406 a
1790 2339 1929 2406 Cal.
1961 2341 2154 2406 Mart.
2196 2341 2346 2404 anni
2374 2341 2484 2417 54,
2525 2340 2633 2424 qui
2669 2337 2794 2422 legis
2857 2345 2863 2493 1

514 2448 808 2513 Vatiniae
868 2447 1008 2512 dies
1063 2448 1303 2523 fuerat,
1363 2450 1445 2511 ad
1504 2471 1745 2513 annum
1784 2450 1865 2514 50
1906 2449 2405 2533 quadriennium
2456 2459 2700 2513 tantum
2732 2445 2795 2507 fit.

510 2557 735 2639 Itaque
761 2555 1041 2618 Dionem
1084 2555 1349 2638 quidem
1391 2567 1658 2620 excusat
1693 2557 2127 2633 Hofmannus,
2169 2557 2280 2639 qui
2320 2579 2472 2621 cum
2516 2555 2599 2620 de
2640 2555 2796 2618 trien·
2858 2595 2860 2614 ,

511 2664 617 2727 nio
654 2662 1048 2738 tradidisset,
1089 2663 1170 2726 ad
1213 2685 1362 2727 eum
1389 2687 1631 2728 annum
1654 2665 1868 2749 aliqua
1902 2666 2143 2730 ratione
2171 2665 2513 2749 pervenire
2542 2661 2795 2748 potuerit.
2855 2701 2861 2788 Ι

510 2771 602 2835 At
626 2771 930 2858 Appiano
965 2771 1126 2856 quid
1169 2771 1527 2836 faciamus?
1597 2770 1897 2836 Tradidit
1940 2774 2022 2837 de
2060 2772 2274 2857 priore
2302 2769 2605 2837 Caesaris
2644 2770 2795 2854 quin-

510 2879 810 2963 quenniO,
856 2878 1050 2943 tradit
1085 2878 1166 2943 de
1212 2879 1432 2956 altem,
1478 2889 1691 2944 tamen
1734 2902 1902 2945 anno
1946 2881 2029 2944 50
2068 2879 2209 2944 finit
2249 2879 2613 2966 imperium.
2696 2878 2796 2940 Im-

509 3009 784 3063 memor,
846 2984 1085 3069 inquit,
1151 3009 1305 3050 suae
1347 2986 1416 3050 in
1464 2987 1733 3052 alienam
1782 2988 2161 3052 sententiam
2206 2988 2461 3052 transiit
2512 3011 2629 3053 nec
2672 2985 2795 3071 quid

510 3095 785 3179 quisque
839 3093 1044 3168 dicat,
1109 3095 1224 3157 sed
1280 3094 1438 3178 quid
1497 3095 1729 3179 cuique
1786 3105 2284 3160 consentaneum
2332 3096 2415 3158 sit
2460 3096 2699 3170 dicere,
2747 3092 2796 3155 id

509 3225 628 3267 nos
687 3213 972 3287 spectare
1027 3210 1296 3284 oportet.
1413 3201 1769 3277 Numeros,
1832 3203 2093 3288 opinor,
2158 3202 2491 3268 nesciebat
2548 3215 2653 3268 aut
2698 3211 2795 3263 tam
2849 3130 2857 3252 i

513 3309 778 3395 supinae
827 3317 962 3372 erat
1001 3307 1393 3384 oscitantiae,
1439 3319 1514 3372 ut
1552 3310 1729 3393 quod
1769 3313 1963 3374 modo
2012 3310 2322 3387 dixisset,
2372 3311 2441 3374 id
2492 3312 2629 3397 ipse
2666 3306 2794 3373 obli-

511 3415 884 3480 visceretur.
989 3415 1218 3480 Nonne
1263 3417 1406 3504 ipsa
1453 3419 1612 3484 haec
1658 3419 1829 3496 vitii,
1886 3419 2060 3503 quod
2110 3417 2168 3482 ei
2213 3418 2552 3496 tribuitur,
2606 3418 2791 3484 absur-

512 3523 704 3599 ditas,
745 3546 826 3587 ne
864 3547 1250 3609 quemquam
1290 3528 1551 3592 omnino
1587 3529 1677 3592 ita
1711 3549 2019 3612 peccasse
2058 3525 2541 3604 arbitraremur,
2582 3525 2782 3590 efficere

515 3631 780 3697 debuit?
864 3633 1182 3710 Alterum,
1228 3657 1356 3719 quo
1401 3636 1634 3700 Dionis
1682 3658 1857 3700 error
1900 3635 2335 3711 convincatur,
2381 3643 2787 3722 argumentum
2850 3643 2852 3676 ³

510 3740 751 3824 petitur
793 3761 872 3803 ex
905 3737 1200 3805 Suetonii
1230 3740 1418 3806 Caes.
1463 3765 1518 3807 c.
1548 3744 1659 3808 26:
1713 3745 1938 3808 Caesar
1978 3747 2109 3824 egit
2143 3767 2283 3805 cam
2324 3745 2592 3806 tribunis
2620 3739 2791 3824 plebis,
2848 3809 2850 3828 ἦ

511 3851 809 3928 collegam
848 3871 908 3910 se
937 3851 1222 3929 Pompeio
1261 3852 1727 3926 destinantibus,
1772 3854 1845 3914 id
1868 3856 2079 3932 potius
2123 3855 2211 3914 ad
2229 3856 2531 3934 populum
2551 3853 2791 3933 ferrent,

513 3966 586 4017 at
626 3955 866 4016 absenti
900 3956 1032 4032 sibi,
1075 3959 1438 4039 quandoque
1478 3963 1728 4040 imperii
1753 3968 1989 4040 tempas
2017 3963 2260 4040 expleri
2286 3964 2582 4041 coepisset,
2607 3956 2793 4039 petitio
2846 3945 2848 3950 ¹

510 4063 767 4124 secundi
799 4066 1156 4125 consulatus
1202 4068 1463 4129 daretur
1479 4116 1495 4140 ‚
1540 4089 1621 4130 ex
1659 4066 1899 4150 quibus
1948 4067 2166 4132 verbis
2212 4067 2619 4132 Hofmannus
2661 4060 2791 4150 peti-

511 4169 749 4234 tionem
799 4169 976 4234 illam
1032 4171 1601 4238 extraordinariam
1643 4173 1725 4238 ad
1770 4173 2068 4239 ultimum
2110 4175 2362 4260 imperii
2406 4197 2637 4240 annum
2674 4191 2791 4256 per·

509 4275 713 4341 tinere
757 4277 1038 4362 colligit:
1094 4279 1224 4344 iam
1269 4277 1615 4346 Caesarem
1660 4303 1827 4344 anno
1874 4283 1955 4346 50
1999 4293 2217 4367 petere
2262 4283 2546 4348 voluisse
2591 4299 2788 4346 consu-

508 4383 731 4460 latum,
775 4385 1098 4470 efficique,
1141 4398 1214 4451 ut
1253 4399 1400 4453 ante
1442 4389 1699 4453 comitia
1740 4390 1888 4453 anni
1915 4390 1997 4455 50
2040 4411 2169 4454 non
2209 4391 2433 4458 exierit
2466 4390 2785 4477 imperium·
2842 4449 2844 4464 ,
