<?xml version="1.0" encoding="UTF-8"?>
<!DOCTYPE html PUBLIC "-//W3C//DTD XHTML 1.0 Transitional//EN"
    "http://www.w3.org/TR/xhtml1/DTD/xhtml1-transitional.dtd">
<html xmlns="http://www.w3.org/1999/xhtml" xml:lang="en" lang="en">
 <head>
  <title>
</title>
<meta http-equiv="Content-Type" content="text/html;charset=utf-8" />
  <meta name='ocr-system' content='tesseract 3.04.00' />
  <meta name='ocr-capabilities' content='ocr_page ocr_carea ocr_par ocr_line ocrx_word'/>
</head>
<body>
  <div class='ocr_page' id='page_1' title='image "augustiwilhelmi01unkngoog_0328.png"; bbox 0 0 2917 5017; ppageno 0'>
   <div class='ocr_carea' id='block_1_1' title="bbox 803 358 2508 425">
    <p class='ocr_par' dir='ltr' id='par_1_1' title="bbox 803 358 2508 425">
     <span class='ocr_line' id='line_1_1' title="bbox 803 358 2508 425; baseline 0.008 -20"><span class='ocrx_word' id='word_1_1' title='bbox 803 359 886 409; x_wconf 83' lang='lat' dir='ltr'><strong>De</strong></span> <span class='ocrx_word' id='word_1_2' title='bbox 923 358 1122 421; x_wconf 82' lang='lat' dir='ltr'><strong>legibus</strong></span> <span class='ocrx_word' id='word_1_3' title='bbox 1161 360 1554 425; x_wconf 73' lang='lat' dir='ltr'><strong>municipalibus</strong></span> <span class='ocrx_word' id='word_1_4' title='bbox 1594 360 1899 425; x_wconf 78' lang='lat' dir='ltr'><strong>Hispanicis.</strong></span> <span class='ocrx_word' id='word_1_5' title='bbox 2384 358 2508 425; x_wconf 85' lang='lat'><strong>313</strong></span> 
     </span>
    </p>
   </div>
   <div class='ocr_carea' id='block_1_2' title="bbox 163 521 2541 4509">
    <p class='ocr_par' dir='ltr' id='par_1_2' title="bbox 166 521 2507 2561">
     <span class='ocr_line' id='line_1_2' title="bbox 179 521 2507 609; baseline 0.003 -23"><span class='ocrx_word' id='word_1_6' title='bbox 179 542 454 607; x_wconf 88' lang='lat' dir='ltr'><strong>prorsus</strong></span> <span class='ocrx_word' id='word_1_7' title='bbox 493 524 796 589; x_wconf 85' lang='lat' dir='ltr'><strong>memoria</strong></span> <span class='ocrx_word' id='word_1_8' title='bbox 831 534 930 587; x_wconf 89' lang='lat' dir='ltr'><strong>est</strong></span> <span class='ocrx_word' id='word_1_9' title='bbox 965 521 1140 609; x_wconf 89' lang='lat' dir='ltr'><strong>apud</strong></span> <span class='ocrx_word' id='word_1_10' title='bbox 1165 521 1450 587; x_wconf 88' lang='lat' dir='ltr'><strong>Plinium</strong></span> <span class='ocrx_word' id='word_1_11' title='bbox 1491 524 1592 587; x_wconf 88' lang='lat' dir='ltr'><strong>vel</strong></span> <span class='ocrx_word' id='word_1_12' title='bbox 1627 521 1789 587; x_wconf 89' lang='lat' dir='ltr'><strong>iuris</strong></span> <span class='ocrx_word' id='word_1_13' title='bbox 1832 522 2217 609; x_wconf 85' lang='lat' dir='ltr'><strong>significatio</strong></span> <span class='ocrx_word' id='word_1_14' title='bbox 2252 526 2507 592; x_wconf 85' lang='lat' dir='ltr'><strong>omissa.</strong></span> 
     </span>
     <span class='ocr_line' id='line_1_3' title="bbox 177 629 2507 719; baseline 0.003 -26"><span class='ocrx_word' id='word_1_15' title='bbox 177 629 289 693; x_wconf 81' lang='lat' dir='ltr'><strong>Ex</strong></span> <span class='ocrx_word' id='word_1_16' title='bbox 330 629 572 716; x_wconf 83' lang='lat' dir='ltr'><strong>quibus</strong></span> <span class='ocrx_word' id='word_1_17' title='bbox 633 632 689 696; x_wconf 86' lang='lat' dir='ltr'><strong>si</strong></span> <span class='ocrx_word' id='word_1_18' title='bbox 737 654 940 695; x_wconf 90' lang='lat' dir='ltr'><strong>unum</strong></span> <span class='ocrx_word' id='word_1_19' title='bbox 991 639 1345 695; x_wconf 75' lang='lat' dir='ltr'><strong>statuamus</strong></span> <span class='ocrx_word' id='word_1_20' title='bbox 1400 654 1545 697; x_wconf 88' lang='lat' dir='ltr'><strong>esse</strong></span> <span class='ocrx_word' id='word_1_21' title='bbox 1592 631 1755 696; x_wconf 91' lang='lat' dir='ltr'><strong>illud</strong></span> <span class='ocrx_word' id='word_1_22' title='bbox 1802 633 2226 719; x_wconf 89' lang='lat' dir='ltr'><strong>municipium</strong></span> <span class='ocrx_word' id='word_1_23' title='bbox 2270 635 2507 699; x_wconf 84' lang='lat' dir='ltr'><strong>civium</strong></span> 
     </span>
     <span class='ocr_line' id='line_1_4' title="bbox 175 736 2505 829; baseline 0.003 -28"><span class='ocrx_word' id='word_1_24' title='bbox 175 736 653 817; x_wconf 87' lang='lat' dir='ltr'><strong>Romanorum,</strong></span> <span class='ocrx_word' id='word_1_25' title='bbox 713 740 844 804; x_wconf 90' lang='lat' dir='ltr'><strong>duo</strong></span> <span class='ocrx_word' id='word_1_26' title='bbox 908 740 1390 823; x_wconf 86' lang='lat' dir='ltr'><strong>relinquuntur,</strong></span> <span class='ocrx_word' id='word_1_27' title='bbox 1454 762 1619 823; x_wconf 90' lang='lat' dir='ltr'><strong>quae</strong></span> <span class='ocrx_word' id='word_1_28' title='bbox 1680 763 1829 805; x_wconf 88' lang='lat' dir='ltr'><strong>cum</strong></span> <span class='ocrx_word' id='word_1_29' title='bbox 1894 740 2157 807; x_wconf 88' lang='lat' dir='ltr'><strong>ineunte</strong></span> <span class='ocrx_word' id='word_1_30' title='bbox 2212 742 2505 829; x_wconf 80' lang='lat' dir='ltr'><strong>Augusti</strong></span> 
     </span>
     <span class='ocr_line' id='line_1_5' title="bbox 175 846 2507 937; baseline 0.003 -28"><span class='ocrx_word' id='word_1_31' title='bbox 175 846 452 930; x_wconf 80' lang='lat' dir='ltr'><strong>imperio</strong></span> <span class='ocrx_word' id='word_1_32' title='bbox 479 847 768 913; x_wconf 89' lang='lat' dir='ltr'><strong>nondum</strong></span> <span class='ocrx_word' id='word_1_33' title='bbox 793 848 1119 913; x_wconf 87' lang='lat' dir='ltr'><strong>civitatem</strong></span> <span class='ocrx_word' id='word_1_34' title='bbox 1140 846 1495 912; x_wconf 81' lang='lat' dir='ltr'><strong>Romanam</strong></span> <span class='ocrx_word' id='word_1_35' title='bbox 1522 848 1850 925; x_wconf 87' lang='lat' dir='ltr'><strong>haberent,</strong></span> <span class='ocrx_word' id='word_1_36' title='bbox 1884 861 2156 915; x_wconf 86' lang='lat' dir='ltr'><strong>exeunte</strong></span> <span class='ocrx_word' id='word_1_37' title='bbox 2180 851 2507 937; x_wconf 88' lang='lat' dir='ltr'><strong>accepisse</strong></span> 
     </span>
     <span class='ocr_line' id='line_1_6' title="bbox 172 954 2507 1044; baseline 0.003 -27"><span class='ocrx_word' id='word_1_38' title='bbox 172 954 510 1040; x_wconf 82' lang='lat' dir='ltr'><strong>probabile</strong></span> <span class='ocrx_word' id='word_1_39' title='bbox 549 956 650 1021; x_wconf 88' lang='lat' dir='ltr'><strong>sit.</strong></span> <span class='ocrx_word' id='word_1_40' title='bbox 716 954 1184 1040; x_wconf 89' lang='lat' dir='ltr'><strong>Simillimaque</strong></span> <span class='ocrx_word' id='word_1_41' title='bbox 1223 956 1292 1018; x_wconf 91' lang='lat' dir='ltr'><strong>in</strong></span> <span class='ocrx_word' id='word_1_42' title='bbox 1315 954 1657 1021; x_wconf 78' lang='lat' dir='ltr'><strong>Lusitania</strong></span> <span class='ocrx_word' id='word_1_43' title='bbox 1682 955 1936 1023; x_wconf 84' lang='lat' dir='ltr'><strong>Eborac</strong></span> <span class='ocrx_word' id='word_1_44' title='bbox 1976 968 2075 1023; x_wconf 89' lang='lat' dir='ltr'><strong>est</strong></span> <span class='ocrx_word' id='word_1_45' title='bbox 2114 959 2297 1034; x_wconf 88' lang='lat' dir='ltr'><strong>ratic,</strong></span> <span class='ocrx_word' id='word_1_46' title='bbox 2341 981 2507 1044; x_wconf 89' lang='lat' dir='ltr'><strong>quae</strong></span> 
     </span>
     <span class='ocr_line' id='line_1_7' title="bbox 173 1064 2505 1150; baseline 0.001 -21"><span class='ocrx_word' id='word_1_47' title='bbox 173 1086 328 1129; x_wconf 89' lang='lat' dir='ltr'><strong>cum</strong></span> <span class='ocrx_word' id='word_1_48' title='bbox 375 1064 458 1129; x_wconf 93' lang='lat' dir='ltr'><strong>ab</strong></span> <span class='ocrx_word' id='word_1_49' title='bbox 499 1065 706 1131; x_wconf 87' lang='lat' dir='ltr'><strong>Plinio</strong></span> <span class='ocrx_word' id='word_1_50' title='bbox 745 1064 914 1129; x_wconf 89' lang='lat' dir='ltr'><strong>inter</strong></span> <span class='ocrx_word' id='word_1_51' title='bbox 949 1064 1186 1129; x_wconf 91' lang='lat' dir='ltr'><strong>Latina</strong></span> <span class='ocrx_word' id='word_1_52' title='bbox 1227 1065 1497 1150; x_wconf 89' lang='lat' dir='ltr'><strong>oppida,</strong></span> <span class='ocrx_word' id='word_1_53' title='bbox 1544 1076 1621 1129; x_wconf 91' lang='lat' dir='ltr'><strong>ut</strong></span> <span class='ocrx_word' id='word_1_54' title='bbox 1658 1066 1974 1143; x_wconf 80' lang='lat' dir='ltr'><strong>diximus,</strong></span> <span class='ocrx_word' id='word_1_55' title='bbox 2028 1068 2373 1143; x_wconf 81' lang='lat' dir='ltr'><strong>referatur,</strong></span> <span class='ocrx_word' id='word_1_56' title='bbox 2422 1066 2505 1131; x_wconf 91' lang='lat' dir='ltr'><strong>ab</strong></span> 
     </span>
     <span class='ocr_line' id='line_1_8' title="bbox 171 1172 2507 1261; baseline 0.001 -25"><span class='ocrx_word' id='word_1_57' title='bbox 171 1172 492 1259; x_wconf 87' lang='lat' dir='ltr'><strong>Augusto</strong></span> <span class='ocrx_word' id='word_1_58' title='bbox 539 1174 862 1239; x_wconf 83' lang='lat' dir='ltr'><strong>civitatem</strong></span> <span class='ocrx_word' id='word_1_59' title='bbox 886 1172 1243 1237; x_wconf 80' lang='lat' dir='ltr'><strong>Romanam</strong></span> <span class='ocrx_word' id='word_1_60' title='bbox 1287 1195 1362 1237; x_wconf 91' lang='lat' dir='ltr'><strong>ac</strong></span> <span class='ocrx_word' id='word_1_61' title='bbox 1401 1173 1509 1239; x_wconf 90' lang='lat' dir='ltr'><strong>ius</strong></span> <span class='ocrx_word' id='word_1_62' title='bbox 1548 1174 1879 1261; x_wconf 87' lang='lat' dir='ltr'><strong>municipii</strong></span> <span class='ocrx_word' id='word_1_63' title='bbox 1920 1175 2187 1261; x_wconf 91' lang='lat' dir='ltr'><strong>accepit,</strong></span> <span class='ocrx_word' id='word_1_64' title='bbox 2230 1175 2299 1240; x_wconf 90' lang='lat' dir='ltr'><strong>id</strong></span> <span class='ocrx_word' id='word_1_65' title='bbox 2330 1175 2507 1260; x_wconf 88' lang='lat' dir='ltr'><strong>quod</strong></span> 
     </span>
     <span class='ocr_line' id='line_1_9' title="bbox 173 1279 2506 1368; baseline 0.001 -24"><span class='ocrx_word' id='word_1_66' title='bbox 173 1304 260 1345; x_wconf 81' lang='lat' dir='ltr'><strong>ex</strong></span> <span class='ocrx_word' id='word_1_67' title='bbox 307 1282 590 1346; x_wconf 91' lang='lat' dir='ltr'><strong>nummis</strong></span> <span class='ocrx_word' id='word_1_68' title='bbox 641 1281 815 1368; x_wconf 89' lang='lat' dir='ltr'><strong>apud</strong></span> <span class='ocrx_word' id='word_1_69' title='bbox 857 1279 1130 1345; x_wconf 88' lang='lat' dir='ltr'><strong>Eckhel.</strong></span> <span class='ocrx_word' id='word_1_70' title='bbox 1171 1279 1259 1345; x_wconf 90' lang='lat' dir='ltr'><strong>D.</strong></span> <span class='ocrx_word' id='word_1_71' title='bbox 1301 1279 1380 1345; x_wconf 90' lang='lat' dir='ltr'><strong>N.</strong></span> <span class='ocrx_word' id='word_1_72' title='bbox 1422 1282 1458 1346; x_wconf 96' lang='lat' dir='ltr'>I</span> <span class='ocrx_word' id='word_1_73' title='bbox 1499 1304 1564 1367; x_wconf 89' lang='lat' dir='ltr'><strong>p.</strong></span> <span class='ocrx_word' id='word_1_74' title='bbox 1611 1285 1679 1347; x_wconf 85' lang='lat'><strong>11</strong></span> <span class='ocrx_word' id='word_1_75' title='bbox 1725 1282 2126 1367; x_wconf 85' lang='lat' dir='ltr'><strong>intelligitur.</strong></span> <span class='ocrx_word' id='word_1_76' title='bbox 2224 1285 2301 1349; x_wconf 90' lang='lat' dir='ltr'><strong>In</strong></span> <span class='ocrx_word' id='word_1_77' title='bbox 2340 1284 2506 1348; x_wconf 89' lang='lat' dir='ltr'><strong>Bae-</strong></span> 
     </span>
     <span class='ocr_line' id='line_1_10' title="bbox 169 1388 2506 1477; baseline 0.002 -26"><span class='ocrx_word' id='word_1_78' title='bbox 169 1390 308 1455; x_wconf 90' lang='lat' dir='ltr'><strong>tica</strong></span> <span class='ocrx_word' id='word_1_79' title='bbox 351 1390 616 1474; x_wconf 88' lang='lat' dir='ltr'><strong>quidem</strong></span> <span class='ocrx_word' id='word_1_80' title='bbox 661 1390 1054 1475; x_wconf 80' lang='lat' dir='ltr'><strong>singularem</strong></span> <span class='ocrx_word' id='word_1_81' title='bbox 1089 1388 1256 1453; x_wconf 89' lang='lat' dir='ltr'><strong>hanc</strong></span> <span class='ocrx_word' id='word_1_82' title='bbox 1280 1389 1475 1453; x_wconf 88' lang='lat' dir='ltr'><strong>Plinii</strong></span> <span class='ocrx_word' id='word_1_83' title='bbox 1513 1412 1715 1475; x_wconf 88' lang='lat' dir='ltr'><strong>prope</strong></span> <span class='ocrx_word' id='word_1_84' title='bbox 1746 1390 2019 1455; x_wconf 82' lang='lat' dir='ltr'><strong>dixerim</strong></span> <span class='ocrx_word' id='word_1_85' title='bbox 2047 1390 2506 1477; x_wconf 81' lang='lat' dir='ltr'><strong>negligentiam</strong></span> 
     </span>
     <span class='ocr_line' id='line_1_11' title="bbox 169 1497 2505 1584; baseline 0.001 -23"><span class='ocrx_word' id='word_1_86' title='bbox 169 1497 581 1583; x_wconf 83' lang='lat' dir='ltr'><strong>deprehendi</strong></span> <span class='ocrx_word' id='word_1_87' title='bbox 623 1521 752 1563; x_wconf 90' lang='lat' dir='ltr'><strong>non</strong></span> <span class='ocrx_word' id='word_1_88' title='bbox 793 1497 962 1561; x_wconf 85' lang='lat' dir='ltr'><strong>licet.</strong></span> <span class='ocrx_word' id='word_1_89' title='bbox 1042 1498 1121 1561; x_wconf 91' lang='lat' dir='ltr'><strong>In</strong></span> <span class='ocrx_word' id='word_1_90' title='bbox 1165 1520 1294 1581; x_wconf 90' lang='lat' dir='ltr'><strong>qua</strong></span> <span class='ocrx_word' id='word_1_91' title='bbox 1333 1498 1668 1583; x_wconf 85' lang='lat' dir='ltr'><strong>provincia</strong></span> <span class='ocrx_word' id='word_1_92' title='bbox 1704 1500 2005 1584; x_wconf 89' lang='lat' dir='ltr'><strong>quoniam</strong></span> <span class='ocrx_word' id='word_1_93' title='bbox 2052 1522 2133 1564; x_wconf 83' lang='lat' dir='ltr'><strong>ex</strong></span> <span class='ocrx_word' id='word_1_94' title='bbox 2172 1510 2317 1565; x_wconf 90' lang='lat' dir='ltr'><strong>octo</strong></span> <span class='ocrx_word' id='word_1_95' title='bbox 2361 1523 2505 1564; x_wconf 90' lang='lat' dir='ltr'><strong>mu-</strong></span> 
     </span>
     <span class='ocr_line' id='line_1_12' title="bbox 167 1605 2505 1693; baseline 0.001 -25"><span class='ocrx_word' id='word_1_96' title='bbox 167 1606 434 1692; x_wconf 87' lang='lat' dir='ltr'><strong>nicipiis</strong></span> <span class='ocrx_word' id='word_1_97' title='bbox 450 1653 468 1683; x_wconf 91' lang='lat'><strong>,</strong></span> <span class='ocrx_word' id='word_1_98' title='bbox 523 1628 686 1690; x_wconf 88' lang='lat' dir='ltr'><strong>quae</strong></span> <span class='ocrx_word' id='word_1_99' title='bbox 729 1605 934 1671; x_wconf 85' lang='lat' dir='ltr'><strong>fuisse</strong></span> <span class='ocrx_word' id='word_1_100' title='bbox 971 1606 1093 1682; x_wconf 89' lang='lat' dir='ltr'><strong>ait,</strong></span> <span class='ocrx_word' id='word_1_101' title='bbox 1142 1605 1275 1670; x_wconf 90' lang='lat' dir='ltr'><strong>duo</strong></span> <span class='ocrx_word' id='word_1_102' title='bbox 1320 1615 1571 1671; x_wconf 88' lang='lat' dir='ltr'><strong>tantum</strong></span> <span class='ocrx_word' id='word_1_103' title='bbox 1612 1606 1928 1684; x_wconf 88' lang='lat' dir='ltr'><strong>nominat,</strong></span> <span class='ocrx_word' id='word_1_104' title='bbox 1974 1631 2139 1693; x_wconf 91' lang='lat' dir='ltr'><strong>quae</strong></span> <span class='ocrx_word' id='word_1_105' title='bbox 2180 1618 2505 1691; x_wconf 89' lang='lat' dir='ltr'><strong>praeterea</strong></span> 
     </span>
     <span class='ocr_line' id='line_1_13' title="bbox 171 1714 2505 1800; baseline -0 -20"><span class='ocrx_word' id='word_1_106' title='bbox 171 1724 668 1800; x_wconf 84' lang='lat' dir='ltr'><strong>cognoscuntur</strong></span> <span class='ocrx_word' id='word_1_107' title='bbox 713 1737 792 1779; x_wconf 89' lang='lat' dir='ltr'><strong>ex</strong></span> <span class='ocrx_word' id='word_1_108' title='bbox 837 1714 1118 1778; x_wconf 89' lang='lat' dir='ltr'><strong>nummis</strong></span> <span class='ocrx_word' id='word_1_109' title='bbox 1161 1714 1513 1800; x_wconf 88' lang='lat' dir='ltr'><strong>municipia</strong></span> <span class='ocrx_word' id='word_1_110' title='bbox 1553 1717 1756 1792; x_wconf 85' lang='lat' dir='ltr'><strong>Arva,</strong></span> <span class='ocrx_word' id='word_1_111' title='bbox 1802 1716 2057 1792; x_wconf 90' lang='lat' dir='ltr'><strong>Italica,</strong></span> <span class='ocrx_word' id='word_1_112' title='bbox 2100 1714 2359 1781; x_wconf 81' lang='lat' dir='ltr'><strong>Obulco</strong></span> <span class='ocrx_word' id='word_1_113' title='bbox 2376 1763 2394 1793; x_wconf 92' lang='lat'><strong>,</strong></span> <span class='ocrx_word' id='word_1_114' title='bbox 2438 1716 2505 1780; x_wconf 90' lang='lat' dir='ltr'><strong>in</strong></span> 
     </span>
     <span class='ocr_line' id='line_1_14' title="bbox 169 1822 2505 1911; baseline -0.001 -21"><span class='ocrx_word' id='word_1_115' title='bbox 169 1847 294 1890; x_wconf 86' lang='lat' dir='ltr'><strong>sex</strong></span> <span class='ocrx_word' id='word_1_116' title='bbox 338 1824 500 1900; x_wconf 87' lang='lat' dir='ltr'><strong>illis,</strong></span> <span class='ocrx_word' id='word_1_117' title='bbox 540 1846 706 1909; x_wconf 90' lang='lat' dir='ltr'><strong>quae</strong></span> <span class='ocrx_word' id='word_1_118' title='bbox 746 1822 830 1888; x_wconf 94' lang='lat' dir='ltr'><strong>ab</strong></span> <span class='ocrx_word' id='word_1_119' title='bbox 875 1845 952 1887; x_wconf 95' lang='lat' dir='ltr'><strong>eo</strong></span> <span class='ocrx_word' id='word_1_120' title='bbox 996 1845 1124 1886; x_wconf 90' lang='lat' dir='ltr'><strong>non</strong></span> <span class='ocrx_word' id='word_1_121' title='bbox 1167 1824 1609 1901; x_wconf 87' lang='lat' dir='ltr'><strong>nominantur,</strong></span> <span class='ocrx_word' id='word_1_122' title='bbox 1666 1836 1939 1911; x_wconf 81' lang='lat' dir='ltr'><strong>possunt</strong></span> <span class='ocrx_word' id='word_1_123' title='bbox 1980 1848 2123 1889; x_wconf 90' lang='lat' dir='ltr'><strong>esse</strong></span> <span class='ocrx_word' id='word_1_124' title='bbox 2166 1826 2363 1910; x_wconf 89' lang='lat' dir='ltr'><strong>idque</strong></span> <span class='ocrx_word' id='word_1_125' title='bbox 2404 1836 2505 1890; x_wconf 91' lang='lat' dir='ltr'><strong>est</strong></span> 
     </span>
     <span class='ocr_line' id='line_1_15' title="bbox 168 1930 2501 2019; baseline 0 -21"><span class='ocrx_word' id='word_1_126' title='bbox 168 1957 254 1998; x_wconf 90' lang='lat' dir='ltr'><strong>eo</strong></span> <span class='ocrx_word' id='word_1_127' title='bbox 296 1932 724 2019; x_wconf 86' lang='lat' dir='ltr'><strong>probabilius,</strong></span> <span class='ocrx_word' id='word_1_128' title='bbox 778 1930 954 2016; x_wconf 89' lang='lat' dir='ltr'><strong>quod</strong></span> <span class='ocrx_word' id='word_1_129' title='bbox 993 1930 1497 1997; x_wconf 87' lang='lat' dir='ltr'><strong>Tarraconensis</strong></span> <span class='ocrx_word' id='word_1_130' title='bbox 1538 1933 1683 1997; x_wconf 88' lang='lat' dir='ltr'><strong>iura</strong></span> <span class='ocrx_word' id='word_1_131' title='bbox 1726 1956 1843 1997; x_wconf 88' lang='lat' dir='ltr'><strong>cur</strong></span> <span class='ocrx_word' id='word_1_132' title='bbox 1886 1934 1967 1997; x_wconf 88' lang='lat' dir='ltr'><strong>ab</strong></span> <span class='ocrx_word' id='word_1_133' title='bbox 2010 1933 2317 2018; x_wconf 86' lang='lat' dir='ltr'><strong>Augusto</strong></span> <span class='ocrx_word' id='word_1_134' title='bbox 2360 1943 2501 1998; x_wconf 89' lang='lat' dir='ltr'><strong>tan-</strong></span> 
     </span>
     <span class='ocr_line' id='line_1_16' title="bbox 169 2039 2505 2127; baseline 0 -21"><span class='ocrx_word' id='word_1_135' title='bbox 169 2053 400 2127; x_wconf 90' lang='lat' dir='ltr'><strong>topere</strong></span> <span class='ocrx_word' id='word_1_136' title='bbox 446 2051 690 2107; x_wconf 87' lang='lat' dir='ltr'><strong>mutata</strong></span> <span class='ocrx_word' id='word_1_137' title='bbox 727 2040 884 2117; x_wconf 90' lang='lat' dir='ltr'><strong>sint,</strong></span> <span class='ocrx_word' id='word_1_138' title='bbox 938 2039 1167 2103; x_wconf 88' lang='lat' dir='ltr'><strong>idonea</strong></span> <span class='ocrx_word' id='word_1_139' title='bbox 1205 2060 1398 2104; x_wconf 88' lang='lat' dir='ltr'><strong>causa</strong></span> <span class='ocrx_word' id='word_1_140' title='bbox 1432 2041 1846 2127; x_wconf 83' lang='lat' dir='ltr'><strong>intelligitur3</strong></span> <span class='ocrx_word' id='word_1_141' title='bbox 1910 2042 2295 2127; x_wconf 89' lang='lat' dir='ltr'><strong>gravissima</strong></span> <span class='ocrx_word' id='word_1_142' title='bbox 2334 2041 2505 2106; x_wconf 91' lang='lat' dir='ltr'><strong>enim</strong></span> 
     </span>
     <span class='ocr_line' id='line_1_17' title="bbox 173 2144 2505 2235; baseline -0 -19"><span class='ocrx_word' id='word_1_143' title='bbox 173 2174 335 2216; x_wconf 87' lang='lat' dir='ltr'><strong>cum</strong></span> <span class='ocrx_word' id='word_1_144' title='bbox 383 2149 740 2215; x_wconf 89' lang='lat' dir='ltr'><strong>Asturibus</strong></span> <span class='ocrx_word' id='word_1_145' title='bbox 786 2159 850 2213; x_wconf 90' lang='lat' dir='ltr'><strong>et</strong></span> <span class='ocrx_word' id='word_1_146' title='bbox 893 2144 1234 2212; x_wconf 86' lang='lat' dir='ltr'><strong>Cantabris</strong></span> <span class='ocrx_word' id='word_1_147' title='bbox 1279 2146 1448 2212; x_wconf 88' lang='lat' dir='ltr'><strong>bella</strong></span> <span class='ocrx_word' id='word_1_148' title='bbox 1502 2159 1687 2235; x_wconf 88' lang='lat' dir='ltr'><strong>gesta</strong></span> <span class='ocrx_word' id='word_1_149' title='bbox 1740 2161 1950 2226; x_wconf 86' lang='lat' dir='ltr'><strong>erant,</strong></span> <span class='ocrx_word' id='word_1_150' title='bbox 2006 2150 2243 2235; x_wconf 90' lang='lat' dir='ltr'><strong>quibus</strong></span> <span class='ocrx_word' id='word_1_151' title='bbox 2306 2150 2505 2215; x_wconf 91' lang='lat' dir='ltr'><strong>finitis</strong></span> 
     </span>
     <span class='ocr_line' id='line_1_18' title="bbox 169 2255 2503 2345; baseline 0 -21"><span class='ocrx_word' id='word_1_152' title='bbox 169 2260 368 2323; x_wconf 90' lang='lat' dir='ltr'><strong>multi</strong></span> <span class='ocrx_word' id='word_1_153' title='bbox 408 2258 710 2345; x_wconf 89' lang='lat' dir='ltr'><strong>praemiis</strong></span> <span class='ocrx_word' id='word_1_154' title='bbox 749 2255 1076 2321; x_wconf 77' lang='lat' dir='ltr'><strong>afficiendi</strong></span> <span class='ocrx_word' id='word_1_155' title='bbox 1119 2278 1195 2320; x_wconf 89' lang='lat' dir='ltr'><strong>ac</strong></span> <span class='ocrx_word' id='word_1_156' title='bbox 1233 2257 1436 2321; x_wconf 89' lang='lat' dir='ltr'><strong>multa</strong></span> <span class='ocrx_word' id='word_1_157' title='bbox 1468 2258 1919 2322; x_wconf 87' lang='lat' dir='ltr'><strong>constituenda</strong></span> <span class='ocrx_word' id='word_1_158' title='bbox 1948 2270 2147 2324; x_wconf 81' lang='lat' dir='ltr'><strong>erant..</strong></span> <span class='ocrx_word' id='word_1_159' title='bbox 2214 2256 2307 2323; x_wconf 89' lang='lat' dir='ltr'><strong>At</strong></span> <span class='ocrx_word' id='word_1_160' title='bbox 2336 2260 2503 2324; x_wconf 86' lang='lat' dir='ltr'><strong>Bae-</strong></span> 
     </span>
     <span class='ocr_line' id='line_1_19' title="bbox 166 2364 2503 2452; baseline 0 -21"><span class='ocrx_word' id='word_1_161' title='bbox 166 2370 342 2445; x_wconf 90' lang='lat' dir='ltr'><strong>tica,</strong></span> <span class='ocrx_word' id='word_1_162' title='bbox 409 2390 572 2451; x_wconf 89' lang='lat' dir='ltr'><strong>quae</strong></span> <span class='ocrx_word' id='word_1_163' title='bbox 617 2364 1014 2451; x_wconf 88' lang='lat' dir='ltr'><strong>quietissima</strong></span> <span class='ocrx_word' id='word_1_164' title='bbox 1053 2364 1292 2441; x_wconf 87' lang='lat' dir='ltr'><strong>fuerat,</strong></span> <span class='ocrx_word' id='word_1_165' title='bbox 1353 2387 1475 2430; x_wconf 89' lang='lat' dir='ltr'><strong>nec</strong></span> <span class='ocrx_word' id='word_1_166' title='bbox 1512 2366 1945 2451; x_wconf 88' lang='lat' dir='ltr'><strong>praemiorum</strong></span> <span class='ocrx_word' id='word_1_167' title='bbox 1987 2388 2108 2430; x_wconf 89' lang='lat' dir='ltr'><strong>nec</strong></span> <span class='ocrx_word' id='word_1_168' title='bbox 2148 2388 2503 2452; x_wconf 88' lang='lat' dir='ltr'><strong>poenarum</strong></span> 
     </span>
     <span class='ocr_line' id='line_1_20' title="bbox 167 2473 996 2561; baseline -0.006 -19"><span class='ocrx_word' id='word_1_169' title='bbox 167 2477 584 2542; x_wconf 75' lang='lat' dir='ltr'><strong>occasionem</strong></span> <span class='ocrx_word' id='word_1_170' title='bbox 629 2473 996 2561; x_wconf 84' lang='lat' dir='ltr'><strong>praebebat.</strong></span> 
     </span>
    </p>

    <p class='ocr_par' dir='ltr' id='par_1_3' title="bbox 163 2581 2541 4509">
     <span class='ocr_line' id='line_1_21' title="bbox 350 2581 2505 2671; baseline 0 -22"><span class='ocrx_word' id='word_1_171' title='bbox 350 2584 498 2649; x_wconf 89' lang='lat' dir='ltr'><strong>Hoc</strong></span> <span class='ocrx_word' id='word_1_172' title='bbox 552 2584 756 2671; x_wconf 89' lang='lat' dir='ltr'><strong>igitur</strong></span> <span class='ocrx_word' id='word_1_173' title='bbox 807 2605 954 2649; x_wconf 90' lang='lat' dir='ltr'><strong>cum</strong></span> <span class='ocrx_word' id='word_1_174' title='bbox 1017 2594 1190 2649; x_wconf 89' lang='lat' dir='ltr'><strong>esset</strong></span> <span class='ocrx_word' id='word_1_175' title='bbox 1234 2583 1701 2670; x_wconf 86' lang='lat' dir='ltr'><strong>Hispaniarum</strong></span> <span class='ocrx_word' id='word_1_176' title='bbox 1754 2581 1891 2661; x_wconf 88' lang='lat' dir='ltr'><strong>ius,</strong></span> <span class='ocrx_word' id='word_1_177' title='bbox 1950 2582 2126 2667; x_wconf 91' lang='lat' dir='ltr'><strong>quod</strong></span> <span class='ocrx_word' id='word_1_178' title='bbox 2182 2605 2261 2647; x_wconf 81' lang='lat' dir='ltr'><strong>ex</strong></span> <span class='ocrx_word' id='word_1_179' title='bbox 2307 2583 2505 2649; x_wconf 89' lang='lat' dir='ltr'><strong>Plinii</strong></span> 
     </span>
     <span class='ocr_line' id='line_1_22' title="bbox 163 2690 2501 2779; baseline 0 -22"><span class='ocrx_word' id='word_1_180' title='bbox 163 2693 552 2758; x_wconf 87' lang='lat' dir='ltr'><strong>recensione</strong></span> <span class='ocrx_word' id='word_1_181' title='bbox 595 2693 890 2777; x_wconf 89' lang='lat' dir='ltr'><strong>quamvis</strong></span> <span class='ocrx_word' id='word_1_182' title='bbox 931 2694 1160 2758; x_wconf 88' lang='lat' dir='ltr'><strong>leviter</strong></span> <span class='ocrx_word' id='word_1_183' title='bbox 1197 2692 1638 2779; x_wconf 88' lang='lat' dir='ltr'><strong>cognoscitur,</strong></span> <span class='ocrx_word' id='word_1_184' title='bbox 1693 2690 2137 2776; x_wconf 87' lang='lat' dir='ltr'><strong>Vespasianus</strong></span> <span class='ocrx_word' id='word_1_185' title='bbox 2178 2692 2501 2758; x_wconf 88' lang='lat' dir='ltr'><strong>universis</strong></span> 
     </span>
     <span class='ocr_line' id='line_1_23' title="bbox 165 2798 2505 2885; baseline -0.001 -20"><span class='ocrx_word' id='word_1_186' title='bbox 165 2802 442 2867; x_wconf 87' lang='lat' dir='ltr'><strong>Latium</strong></span> <span class='ocrx_word' id='word_1_187' title='bbox 485 2800 742 2879; x_wconf 86' lang='lat' dir='ltr'><strong>tribuit,</strong></span> <span class='ocrx_word' id='word_1_188' title='bbox 795 2807 1067 2865; x_wconf 76' lang='lat' dir='ltr'><strong>iactatus</strong></span> <span class='ocrx_word' id='word_1_189' title='bbox 1110 2803 1218 2867; x_wconf 91' lang='lat' dir='ltr'><strong>ille</strong></span> <span class='ocrx_word' id='word_1_190' title='bbox 1265 2800 1562 2885; x_wconf 88' lang='lat' dir='ltr'><strong>quidem,</strong></span> <span class='ocrx_word' id='word_1_191' title='bbox 1624 2808 1699 2863; x_wconf 89' lang='lat' dir='ltr'><strong>ut</strong></span> <span class='ocrx_word' id='word_1_192' title='bbox 1740 2798 1994 2863; x_wconf 89' lang='lat' dir='ltr'><strong>Plinius</strong></span> <span class='ocrx_word' id='word_1_193' title='bbox 2042 2799 2164 2875; x_wconf 90' lang='lat' dir='ltr'><strong>ait,</strong></span> <span class='ocrx_word' id='word_1_194' title='bbox 2218 2804 2505 2881; x_wconf 70' lang='lat' dir='ltr'><strong>procellis</strong></span> 
     </span>
     <span class='ocr_line' id='line_1_24' title="bbox 163 2907 2502 2992; baseline 0 -21"><span class='ocrx_word' id='word_1_195' title='bbox 163 2915 270 2972; x_wconf 74' lang='lat' dir='ltr'><strong>rei</strong></span> <span class='ocrx_word' id='word_1_196' title='bbox 301 2911 590 2991; x_wconf 74' lang='lat' dir='ltr'><strong>publicae</strong></span> <span class='ocrx_word' id='word_1_197' title='bbox 631 2911 674 2974; x_wconf 89' lang='lat' dir='ltr'><strong>i.</strong></span> <span class='ocrx_word' id='word_1_198' title='bbox 717 2932 773 2973; x_wconf 89' lang='lat' dir='ltr'><strong>e.</strong></span> <span class='ocrx_word' id='word_1_199' title='bbox 830 2920 1088 2975; x_wconf 86' lang='lat' dir='ltr'><strong>coactus</strong></span> <span class='ocrx_word' id='word_1_200' title='bbox 1142 2910 1330 2975; x_wconf 87' lang='lat' dir='ltr'><strong>bellis</strong></span> <span class='ocrx_word' id='word_1_201' title='bbox 1387 2907 1687 2973; x_wconf 88' lang='lat' dir='ltr'><strong>civilibus</strong></span> <span class='ocrx_word' id='word_1_202' title='bbox 1708 2952 1725 2982; x_wconf 88' lang='lat'>‚</span> <span class='ocrx_word' id='word_1_203' title='bbox 1791 2928 1958 2992; x_wconf 89' lang='lat' dir='ltr'><strong>quae</strong></span> <span class='ocrx_word' id='word_1_204' title='bbox 2009 2916 2502 2972; x_wconf 82' lang='lat' dir='ltr'><strong>antecesserant.</strong></span> 
     </span>
     <span class='ocr_line' id='line_1_25' title="bbox 166 3014 2503 3103; baseline -0 -21"><span class='ocrx_word' id='word_1_205' title='bbox 166 3018 454 3082; x_wconf 88' lang='lat' dir='ltr'><strong>Nolebat</strong></span> <span class='ocrx_word' id='word_1_206' title='bbox 498 3018 668 3084; x_wconf 89' lang='lat' dir='ltr'><strong>enim</strong></span> <span class='ocrx_word' id='word_1_207' title='bbox 712 3018 1024 3083; x_wconf 87' lang='lat' dir='ltr'><strong>beneficia</strong></span> <span class='ocrx_word' id='word_1_208' title='bbox 1065 3018 1314 3103; x_wconf 89' lang='lat' dir='ltr'><strong>imperii</strong></span> <span class='ocrx_word' id='word_1_209' title='bbox 1354 3030 1485 3081; x_wconf 89' lang='lat' dir='ltr'><strong>tam</strong></span> <span class='ocrx_word' id='word_1_210' title='bbox 1530 3014 1822 3080; x_wconf 86' lang='lat' dir='ltr'><strong>celeriter</strong></span> <span class='ocrx_word' id='word_1_211' title='bbox 1861 3035 1939 3078; x_wconf 93' lang='lat' dir='ltr'><strong>ac</strong></span> <span class='ocrx_word' id='word_1_212' title='bbox 1986 3024 2117 3078; x_wconf 92' lang='lat' dir='ltr'><strong>tam</strong></span> <span class='ocrx_word' id='word_1_213' title='bbox 2172 3014 2297 3081; x_wconf 89' lang='lat' dir='ltr'><strong>late</strong></span> <span class='ocrx_word' id='word_1_214' title='bbox 2351 3039 2503 3101; x_wconf 87' lang='lat' dir='ltr'><strong>pro-</strong></span> 
     </span>
     <span class='ocr_line' id='line_1_26' title="bbox 164 3121 2505 3213; baseline -0.003 -20"><span class='ocrx_word' id='word_1_215' title='bbox 164 3127 436 3213; x_wconf 84' lang='lat' dir='ltr'><strong>pagari,</strong></span> <span class='ocrx_word' id='word_1_216' title='bbox 497 3126 613 3191; x_wconf 88' lang='lat' dir='ltr'><strong>sed</strong></span> <span class='ocrx_word' id='word_1_217' title='bbox 659 3148 806 3191; x_wconf 90' lang='lat' dir='ltr'><strong>cum</strong></span> <span class='ocrx_word' id='word_1_218' title='bbox 849 3124 1061 3192; x_wconf 85' lang='lat' dir='ltr'><strong>Galba</strong></span> <span class='ocrx_word' id='word_1_219' title='bbox 1103 3150 1183 3192; x_wconf 88' lang='lat' dir='ltr'><strong>ex</strong></span> <span class='ocrx_word' id='word_1_220' title='bbox 1221 3124 1725 3200; x_wconf 84' lang='lat' dir='ltr'><strong>Tarraconensi,</strong></span> <span class='ocrx_word' id='word_1_221' title='bbox 1788 3121 1961 3189; x_wconf 90' lang='lat' dir='ltr'><strong>Otho</strong></span> <span class='ocrx_word' id='word_1_222' title='bbox 2003 3146 2085 3187; x_wconf 86' lang='lat' dir='ltr'><strong>ex</strong></span> <span class='ocrx_word' id='word_1_223' title='bbox 2126 3124 2505 3189; x_wconf 90' lang='lat' dir='ltr'><strong>Lusitanica</strong></span> 
     </span>
     <span class='ocr_line' id='line_1_27' title="bbox 167 3232 2501 3322; baseline -0.002 -21"><span class='ocrx_word' id='word_1_224' title='bbox 167 3236 500 3322; x_wconf 88' lang='lat' dir='ltr'><strong>legatione</strong></span> <span class='ocrx_word' id='word_1_225' title='bbox 545 3234 629 3300; x_wconf 90' lang='lat' dir='ltr'><strong>ad</strong></span> <span class='ocrx_word' id='word_1_226' title='bbox 671 3235 1009 3321; x_wconf 89' lang='lat' dir='ltr'><strong>imperium</strong></span> <span class='ocrx_word' id='word_1_227' title='bbox 1054 3235 1500 3321; x_wconf 86' lang='lat' dir='ltr'><strong>pervenissent</strong></span> <span class='ocrx_word' id='word_1_228' title='bbox 1539 3233 1888 3318; x_wconf 89' lang='lat' dir='ltr'><strong>multaque,</strong></span> <span class='ocrx_word' id='word_1_229' title='bbox 1930 3243 2005 3296; x_wconf 91' lang='lat' dir='ltr'><strong>ut</strong></span> <span class='ocrx_word' id='word_1_230' title='bbox 2046 3253 2165 3316; x_wconf 91' lang='lat' dir='ltr'><strong>par</strong></span> <span class='ocrx_word' id='word_1_231' title='bbox 2206 3242 2373 3308; x_wconf 88' lang='lat' dir='ltr'><strong>erat,</strong></span> <span class='ocrx_word' id='word_1_232' title='bbox 2420 3232 2501 3297; x_wconf 88' lang='lat' dir='ltr'><strong>iis</strong></span> 
     </span>
     <span class='ocr_line' id='line_1_28' title="bbox 167 3340 2541 3431; baseline -0.001 -23"><span class='ocrx_word' id='word_1_233' title='bbox 167 3344 554 3431; x_wconf 84' lang='lat' dir='ltr'><strong>provinciis,</strong></span> <span class='ocrx_word' id='word_1_234' title='bbox 597 3343 770 3408; x_wconf 88' lang='lat' dir='ltr'><strong>unde</strong></span> <span class='ocrx_word' id='word_1_235' title='bbox 811 3344 1082 3430; x_wconf 90' lang='lat' dir='ltr'><strong>profecti</strong></span> <span class='ocrx_word' id='word_1_236' title='bbox 1121 3355 1329 3421; x_wconf 90' lang='lat' dir='ltr'><strong>erant,</strong></span> <span class='ocrx_word' id='word_1_237' title='bbox 1379 3353 1442 3408; x_wconf 92' lang='lat' dir='ltr'><strong>et</strong></span> <span class='ocrx_word' id='word_1_238' title='bbox 1488 3342 1731 3428; x_wconf 86' lang='lat' dir='ltr'><strong>gratiae</strong></span> <span class='ocrx_word' id='word_1_239' title='bbox 1776 3340 2152 3405; x_wconf 85' lang='lat' dir='ltr'><strong>referendae</strong></span> <span class='ocrx_word' id='word_1_240' title='bbox 2196 3352 2261 3404; x_wconf 92' lang='lat' dir='ltr'><strong>et</strong></span> <span class='ocrx_word' id='word_1_241' title='bbox 2302 3341 2502 3405; x_wconf 89' lang='lat' dir='ltr'><strong>studii</strong></span> <span class='ocrx_word' id='word_1_242' title='bbox 2535 3373 2541 3379; x_wconf 93' lang='lat'><strong>·</strong></span> 
     </span>
     <span class='ocr_line' id='line_1_29' title="bbox 169 3447 2501 3535; baseline -0.002 -18"><span class='ocrx_word' id='word_1_243' title='bbox 169 3452 502 3517; x_wconf 88' lang='lat' dir='ltr'><strong>excitandi</strong></span> <span class='ocrx_word' id='word_1_244' title='bbox 539 3474 736 3516; x_wconf 90' lang='lat' dir='ltr'><strong>causa</strong></span> <span class='ocrx_word' id='word_1_245' title='bbox 775 3450 1172 3529; x_wconf 88' lang='lat' dir='ltr'><strong>tribuissent,</strong></span> <span class='ocrx_word' id='word_1_246' title='bbox 1215 3451 1414 3517; x_wconf 89' lang='lat' dir='ltr'><strong>adimi</strong></span> <span class='ocrx_word' id='word_1_247' title='bbox 1455 3473 1531 3515; x_wconf 90' lang='lat' dir='ltr'><strong>ea</strong></span> <span class='ocrx_word' id='word_1_248' title='bbox 1570 3472 1697 3513; x_wconf 91' lang='lat' dir='ltr'><strong>non</strong></span> <span class='ocrx_word' id='word_1_249' title='bbox 1738 3470 1927 3535; x_wconf 89' lang='lat' dir='ltr'><strong>posse</strong></span> <span class='ocrx_word' id='word_1_250' title='bbox 1962 3447 2361 3533; x_wconf 87' lang='lat' dir='ltr'><strong>intelligebat</strong></span> <span class='ocrx_word' id='word_1_251' title='bbox 2402 3450 2501 3513; x_wconf 90' lang='lat' dir='ltr'><strong>in-</strong></span> 
     </span>
     <span class='ocr_line' id='line_1_30' title="bbox 169 3556 2499 3644; baseline -0.003 -19"><span class='ocrx_word' id='word_1_252' title='bbox 169 3561 502 3644; x_wconf 87' lang='lat' dir='ltr'><strong>vitusque,</strong></span> <span class='ocrx_word' id='word_1_253' title='bbox 545 3582 692 3624; x_wconf 89' lang='lat' dir='ltr'><strong>cum</strong></span> <span class='ocrx_word' id='word_1_254' title='bbox 737 3582 1072 3624; x_wconf 88' lang='lat' dir='ltr'><strong>censuram</strong></span> <span class='ocrx_word' id='word_1_255' title='bbox 1098 3558 1248 3623; x_wconf 88' lang='lat' dir='ltr'><strong>Tito</strong></span> <span class='ocrx_word' id='word_1_256' title='bbox 1290 3559 1540 3644; x_wconf 88' lang='lat' dir='ltr'><strong>collega</strong></span> <span class='ocrx_word' id='word_1_257' title='bbox 1578 3556 1991 3642; x_wconf 86' lang='lat' dir='ltr'><strong>suscepisset,</strong></span> <span class='ocrx_word' id='word_1_258' title='bbox 2032 3578 2107 3621; x_wconf 92' lang='lat' dir='ltr'><strong>eo</strong></span> <span class='ocrx_word' id='word_1_259' title='bbox 2143 3556 2499 3633; x_wconf 88' lang='lat' dir='ltr'><strong>descendit,</strong></span> 
     </span>
     <span class='ocr_line' id='line_1_31' title="bbox 169 3664 2503 3750; baseline -0.002 -16"><span class='ocrx_word' id='word_1_260' title='bbox 169 3683 248 3734; x_wconf 87' lang='lat' dir='ltr'><strong>ut</strong></span> <span class='ocrx_word' id='word_1_261' title='bbox 297 3668 712 3733; x_wconf 85' lang='lat' dir='ltr'><strong>Latinitatem</strong></span> <span class='ocrx_word' id='word_1_262' title='bbox 771 3666 1072 3732; x_wconf 89' lang='lat' dir='ltr'><strong>omnibus</strong></span> <span class='ocrx_word' id='word_1_263' title='bbox 1128 3666 1528 3733; x_wconf 89' lang='lat' dir='ltr'><strong>concederet.</strong></span> <span class='ocrx_word' id='word_1_264' title='bbox 1637 3664 1770 3730; x_wconf 89' lang='lat' dir='ltr'><strong>Sed</strong></span> <span class='ocrx_word' id='word_1_265' title='bbox 1817 3664 2075 3729; x_wconf 87' lang='lat' dir='ltr'><strong>diversa</strong></span> <span class='ocrx_word' id='word_1_266' title='bbox 2118 3664 2503 3750; x_wconf 88' lang='lat' dir='ltr'><strong>oppidorum</strong></span> 
     </span>
     <span class='ocr_line' id='line_1_32' title="bbox 173 3772 2500 3864; baseline -0.002 -21"><span class='ocrx_word' id='word_1_267' title='bbox 173 3800 418 3864; x_wconf 78' lang='lat' dir='ltr'><strong>genera</strong></span> <span class='ocrx_word' id='word_1_268' title='bbox 461 3777 588 3841; x_wconf 89' lang='lat' dir='ltr'><strong>iam</strong></span> <span class='ocrx_word' id='word_1_269' title='bbox 629 3788 818 3841; x_wconf 89' lang='lat' dir='ltr'><strong>antea</strong></span> <span class='ocrx_word' id='word_1_270' title='bbox 858 3776 1132 3840; x_wconf 89' lang='lat' dir='ltr'><strong>fuerant.</strong></span> <span class='ocrx_word' id='word_1_271' title='bbox 1227 3773 1408 3856; x_wconf 84' lang='lat' dir='ltr'><strong>Quid</strong></span> <span class='ocrx_word' id='word_1_272' title='bbox 1451 3774 1621 3839; x_wconf 90' lang='lat' dir='ltr'><strong>enim</strong></span> <span class='ocrx_word' id='word_1_273' title='bbox 1666 3772 1933 3839; x_wconf 88' lang='lat' dir='ltr'><strong>coloniis</strong></span> <span class='ocrx_word' id='word_1_274' title='bbox 1978 3783 2042 3838; x_wconf 93' lang='lat' dir='ltr'><strong>et</strong></span> <span class='ocrx_word' id='word_1_275' title='bbox 2084 3772 2325 3837; x_wconf 82' lang='lat' dir='ltr'><strong>civium</strong></span> <span class='ocrx_word' id='word_1_276' title='bbox 2368 3773 2500 3838; x_wconf 90' lang='lat' dir='ltr'><strong>Ro-</strong></span> 
     </span>
     <span class='ocr_line' id='line_1_33' title="bbox 171 3879 2502 3970; baseline -0.002 -20"><span class='ocrx_word' id='word_1_277' title='bbox 171 3908 510 3951; x_wconf 86' lang='lat' dir='ltr'><strong>manorum</strong></span> <span class='ocrx_word' id='word_1_278' title='bbox 559 3884 816 3970; x_wconf 88' lang='lat' dir='ltr'><strong>oppidis</strong></span> <span class='ocrx_word' id='word_1_279' title='bbox 854 3883 1172 3948; x_wconf 82' lang='lat' dir='ltr'><strong>Latinitas</strong></span> <span class='ocrx_word' id='word_1_280' title='bbox 1213 3882 1555 3969; x_wconf 81' lang='lat' dir='ltr'><strong>proderat?</strong></span> <span class='ocrx_word' id='word_1_281' title='bbox 1636 3881 1810 3946; x_wconf 89' lang='lat' dir='ltr'><strong>Num</strong></span> <span class='ocrx_word' id='word_1_282' title='bbox 1846 3882 1947 3947; x_wconf 89' lang='lat' dir='ltr'><strong>his</strong></span> <span class='ocrx_word' id='word_1_283' title='bbox 1984 3881 2145 3945; x_wconf 89' lang='lat' dir='ltr'><strong>nihil</strong></span> <span class='ocrx_word' id='word_1_284' title='bbox 2188 3879 2502 3946; x_wconf 85' lang='lat' dir='ltr'><strong>tributum</strong></span> 
     </span>
     <span class='ocr_line' id='line_1_34' title="bbox 171 3988 2501 4079; baseline -0.003 -19"><span class='ocrx_word' id='word_1_285' title='bbox 171 4005 274 4060; x_wconf 92' lang='lat' dir='ltr'><strong>est</strong></span> <span class='ocrx_word' id='word_1_286' title='bbox 325 3994 580 4079; x_wconf 87' lang='lat' dir='ltr'><strong>ipsique</strong></span> <span class='ocrx_word' id='word_1_287' title='bbox 641 4015 789 4057; x_wconf 92' lang='lat' dir='ltr'><strong>cum</strong></span> <span class='ocrx_word' id='word_1_288' title='bbox 835 3991 1062 4075; x_wconf 86' lang='lat' dir='ltr'><strong>reliqui</strong></span> <span class='ocrx_word' id='word_1_289' title='bbox 1107 4000 1282 4055; x_wconf 87' lang='lat' dir='ltr'><strong>tanto</strong></span> <span class='ocrx_word' id='word_1_290' title='bbox 1328 3989 1641 4055; x_wconf 88' lang='lat' dir='ltr'><strong>beneficio</strong></span> <span class='ocrx_word' id='word_1_291' title='bbox 1690 3990 1874 4076; x_wconf 86' lang='lat' dir='ltr'><strong>digni</strong></span> <span class='ocrx_word' id='word_1_292' title='bbox 1920 4012 2061 4055; x_wconf 91' lang='lat' dir='ltr'><strong>esse</strong></span> <span class='ocrx_word' id='word_1_293' title='bbox 2103 3988 2501 4067; x_wconf 87' lang='lat' dir='ltr'><strong>viderentur,</strong></span> 
     </span>
     <span class='ocr_line' id='line_1_35' title="bbox 171 4098 2501 4187; baseline -0.003 -20"><span class='ocrx_word' id='word_1_294' title='bbox 171 4103 334 4168; x_wconf 91' lang='lat' dir='ltr'><strong>nihil</strong></span> <span class='ocrx_word' id='word_1_295' title='bbox 393 4100 824 4187; x_wconf 79' lang='lat' dir='ltr'><strong>acceperunt?</strong></span> <span class='ocrx_word' id='word_1_296' title='bbox 901 4099 1196 4164; x_wconf 87' lang='lat' dir='ltr'><strong>Primum</strong></span> <span class='ocrx_word' id='word_1_297' title='bbox 1253 4098 1308 4163; x_wconf 89' lang='lat' dir='ltr'><strong>si</strong></span> <span class='ocrx_word' id='word_1_298' title='bbox 1355 4098 1535 4183; x_wconf 88' lang='lat' dir='ltr'><strong>quod</strong></span> <span class='ocrx_word' id='word_1_299' title='bbox 1580 4120 1903 4162; x_wconf 88' lang='lat' dir='ltr'><strong>summum</strong></span> <span class='ocrx_word' id='word_1_300' title='bbox 1946 4107 2079 4162; x_wconf 86' lang='lat' dir='ltr'><strong>erat</strong></span> <span class='ocrx_word' id='word_1_301' title='bbox 2121 4098 2187 4161; x_wconf 89' lang='lat' dir='ltr'><strong>in</strong></span> <span class='ocrx_word' id='word_1_302' title='bbox 2230 4098 2501 4182; x_wconf 88' lang='lat' dir='ltr'><strong>imperio</strong></span> 
     </span>
     <span class='ocr_line' id='line_1_36' title="bbox 173 4204 2503 4295; baseline -0.003 -19"><span class='ocrx_word' id='word_1_303' title='bbox 173 4212 472 4276; x_wconf 86' lang='lat' dir='ltr'><strong>Romano</strong></span> <span class='ocrx_word' id='word_1_304' title='bbox 521 4209 736 4295; x_wconf 90' lang='lat' dir='ltr'><strong>adepti</strong></span> <span class='ocrx_word' id='word_1_305' title='bbox 785 4218 1000 4283; x_wconf 88' lang='lat' dir='ltr'><strong>erant,</strong></span> <span class='ocrx_word' id='word_1_306' title='bbox 1061 4206 1222 4270; x_wconf 89' lang='lat' dir='ltr'><strong>nihil</strong></span> <span class='ocrx_word' id='word_1_307' title='bbox 1271 4204 1478 4291; x_wconf 86' lang='lat' dir='ltr'><strong>potuit</strong></span> <span class='ocrx_word' id='word_1_308' title='bbox 1534 4205 1731 4271; x_wconf 91' lang='lat' dir='ltr'><strong>tribui</strong></span> <span class='ocrx_word' id='word_1_309' title='bbox 1788 4205 1941 4271; x_wconf 84' lang='lat' dir='ltr'><strong>novi</strong></span> <span class='ocrx_word' id='word_1_310' title='bbox 1992 4205 2185 4281; x_wconf 87' lang='lat' dir='ltr'><strong>iuris,</strong></span> <span class='ocrx_word' id='word_1_311' title='bbox 2242 4227 2371 4290; x_wconf 91' lang='lat' dir='ltr'><strong>quo</strong></span> <span class='ocrx_word' id='word_1_312' title='bbox 2422 4228 2503 4269; x_wconf 87' lang='lat' dir='ltr'><strong>ex</strong></span> 
     </span>
     <span class='ocr_line' id='line_1_37' title="bbox 176 4312 2501 4406; baseline -0.003 -21"><span class='ocrx_word' id='word_1_313' title='bbox 176 4340 416 4406; x_wconf 83' lang='lat' dir='ltr'><strong>genere</strong></span> <span class='ocrx_word' id='word_1_314' title='bbox 460 4326 640 4381; x_wconf 88' lang='lat' dir='ltr'><strong>erant</strong></span> <span class='ocrx_word' id='word_1_315' title='bbox 678 4337 921 4403; x_wconf 86' lang='lat' dir='ltr'><strong>paucae</strong></span> <span class='ocrx_word' id='word_1_316' title='bbox 964 4315 1110 4381; x_wconf 90' lang='lat' dir='ltr'><strong>illae</strong></span> <span class='ocrx_word' id='word_1_317' title='bbox 1153 4315 1438 4381; x_wconf 88' lang='lat' dir='ltr'><strong>coloniae</strong></span> <span class='ocrx_word' id='word_1_318' title='bbox 1477 4312 1639 4378; x_wconf 90' lang='lat' dir='ltr'><strong>iuris</strong></span> <span class='ocrx_word' id='word_1_319' title='bbox 1678 4313 1909 4389; x_wconf 88' lang='lat' dir='ltr'><strong>Italici,</strong></span> <span class='ocrx_word' id='word_1_320' title='bbox 1952 4335 2117 4397; x_wconf 88' lang='lat' dir='ltr'><strong>quae</strong></span> <span class='ocrx_word' id='word_1_321' title='bbox 2154 4313 2222 4376; x_wconf 91' lang='lat' dir='ltr'><strong>in</strong></span> <span class='ocrx_word' id='word_1_322' title='bbox 2260 4313 2501 4399; x_wconf 86' lang='lat' dir='ltr'><strong>Hispa-</strong></span> 
     </span>
     <span class='ocr_line' id='line_1_38' title="bbox 176 4420 2501 4509; baseline -0.004 -16"><span class='ocrx_word' id='word_1_323' title='bbox 176 4429 282 4493; x_wconf 89' lang='lat' dir='ltr'><strong>nia</strong></span> <span class='ocrx_word' id='word_1_324' title='bbox 315 4426 755 4493; x_wconf 87' lang='lat' dir='ltr'><strong>inveniuntur.</strong></span> <span class='ocrx_word' id='word_1_325' title='bbox 815 4423 1076 4490; x_wconf 87' lang='lat' dir='ltr'><strong>Deinde</strong></span> <span class='ocrx_word' id='word_1_326' title='bbox 1113 4422 1406 4509; x_wconf 87' lang='lat' dir='ltr'><strong>quamvis</strong></span> <span class='ocrx_word' id='word_1_327' title='bbox 1445 4422 1767 4491; x_wconf 85' lang='lat' dir='ltr'><strong>civitatem</strong></span> <span class='ocrx_word' id='word_1_328' title='bbox 1793 4422 2142 4488; x_wconf 86' lang='lat' dir='ltr'><strong>Romanam</strong></span> <span class='ocrx_word' id='word_1_329' title='bbox 2174 4420 2501 4509; x_wconf 63' lang='lat' dir='ltr'><strong>haberent,</strong></span> 
     </span>
    </p>
   </div>
  </div>
 </body>
</html>
