2917 5017
827 317 911 367 De
952 316 1123 367 Gallia
1160 319 1511 368 Romanorum
1561 323 1838 383 provincia.
2395 319 2478 387 69

152 474 277 539 bus
320 478 587 555 scribat,
634 502 863 545 causas
890 502 965 545 ac
1007 481 1283 545 rationes
1310 502 1526 545 rerum
1556 492 1882 565 gestarum
1907 484 1994 549 ita
2033 497 2478 569 persequatur,

147 596 219 645 ut
267 584 469 649 etiam
516 586 597 651 ab
643 587 1053 653 alienioribus
1110 588 1362 672 possint
1424 588 1716 674 intelligi.
1807 591 1999 656 Nunc
2041 590 2273 657 Cicero
2341 595 2478 659 fere

147 706 457 777 superest
496 688 677 777 (nain
720 696 1007 761 Graecos
1052 719 1178 760 non
1219 704 1552 777 numero),
1609 698 1720 780 qui
1767 699 1872 762 vel
1919 700 2098 764 aliud
2144 722 2346 784 agens
2401 724 2478 765 ac

144 799 443 865 breviter
479 804 638 886 quid
676 817 935 888 gestum
987 804 1068 869 sit
1133 804 1488 888 significat,
1549 806 1652 869 vel
1707 806 1980 871 oratorie
2040 830 2274 873 causae
2320 832 2477 874 suae

140 908 425 983 inservit
486 922 549 974 et
605 934 732 974 non
784 911 959 995 quod
1004 934 1231 975 verum
1275 912 1390 975 sed
1428 912 1604 993 quod
1644 913 1800 977 utile
1845 925 1946 977 est
1985 917 2310 999 sequitur:
2371 918 2477 982 cui

140 1015 301 1079 dum
348 1018 630 1083 credunt
669 1019 879 1083 omnia
920 1020 1041 1083 viri
1097 1019 1301 1094 docti,
1354 1019 1421 1081 in
1466 1019 1798 1102 opiniones
1840 1044 2069 1105 parum
2113 1022 2476 1108 probabiles

141 1125 546 1189 inciderunt.
602 1126 1060 1201 Veruntamen,
1098 1140 1169 1190 ut
1202 1126 1284 1189 ad
1320 1127 1689 1191 institutum
1723 1140 2016 1193 nostrum
2051 1141 2470 1209 revertamur,

140 1234 411 1298 decreta
458 1246 598 1299 erat
640 1258 678 1299 a
720 1246 943 1299 senatu
992 1235 1368 1299 consulibus
1412 1233 1626 1301 Gallia
1667 1236 2013 1321 Italiaque:
2070 1220 2198 1303 hoc
2238 1240 2473 1303 mutari

142 1366 267 1406 non
309 1353 610 1427 poterat,
672 1365 800 1407 non
854 1343 1047 1406 modo
1094 1355 1354 1427 propter
1412 1344 1858 1409 auctoritatem
1913 1357 2176 1410 senatus
2197 1394 2214 1422 ,
2280 1370 2476 1431 quam

143 1450 474 1515 contemni
515 1473 641 1513 non
667 1450 921 1521 licebat,
966 1450 1195 1514 verum
1223 1451 1411 1515 etiam
1435 1462 1697 1536 propter
1723 1452 2116 1535 reliquorum
2140 1454 2474 1538 magistra-

141 1571 327 1624 tuum
376 1559 694 1633 rationes,
752 1558 989 1641 quibus
1044 1559 1195 1623 item
1248 1558 1616 1642 provinciae
1673 1558 2034 1642 assignatae
2096 1574 2308 1638 erant,
2361 1564 2474 1646 qui

148 1670 339 1732 etiam
384 1668 564 1753 apud
608 1667 919 1752 populum
960 1666 1129 1751 legi,
1196 1688 1326 1750 qua
1375 1665 1490 1728 uni
1537 1662 1800 1729 Caesari
1855 1688 2002 1730 cum
2061 1692 2181 1732 suo
2239 1668 2473 1733 damno

164 1777 619 1851 consuleretur,
666 1774 1069 1839 restitissent.
1144 1771 1586 1858 Sequebatur,
1635 1788 1708 1836 ut
1749 1774 2128 1839 sortirentur
2173 1778 2472 1842 consules

160 1885 543 1968 provincias,
612 1883 678 1946 in
728 1905 855 1966 qua
900 1881 1226 1945 sortitione
1274 1889 1510 1965 (neque
1552 1882 1720 1945 enim
1769 1882 2114 1966 quicquam
2157 1898 2255 1949 est
2295 1886 2474 1969 quod

146 2015 285 2056 eam
329 2014 463 2055 non
510 1993 743 2056 factam
782 2014 924 2055 esse
964 2000 1286 2075 putemu8‚
1332 2012 1479 2053 cum
1522 2000 1697 2054 tanto
1739 2003 1886 2075 post
1926 1991 2032 2055 lex
2063 1993 2144 2057 de
2173 1990 2472 2057 Caesaris

140 2100 506 2186 provinciis
554 2102 685 2164 lat-a
724 2099 843 2181 sit)
904 2096 1167 2163 Caesari
1206 2098 1486 2163 Galliam
1529 2095 1923 2186 Cisalpinam
1969 2101 2376 2186 vicinamque
2416 2102 2476 2165 ei

146 2209 507 2293 regionem,
551 2209 645 2271 M.
670 2208 907 2273 Bibulo
946 2208 1312 2271 inferiorem
1356 2207 1606 2271 Italiam
1648 2208 1942 2273 evenisse
1985 2209 2304 2285 existim0‚
2341 2231 2471 2275 non

140 2318 314 2401 quod
340 2318 441 2380 ita
464 2315 547 2379 ab
591 2315 1011 2401 scriptoribus
1036 2314 1201 2377 tradi
1230 2314 1506 2390 videam,
1541 2337 1818 2398 quorum
1859 2339 2048 2381 nemo
2076 2317 2474 2382 sortitionem

126 2410 367 2511 'utpote
410 2446 540 2487 nec
582 2423 1009 2487 necessariam
1054 2433 1116 2486 et
1158 2423 1345 2507 paulo
1392 2434 1536 2507 post
1562 2422 1958 2487 obliteratam
2002 2436 2471 2499 commemorat,

138 2534 247 2597 sed
295 2532 493 2617 quod
538 2543 603 2595 et
643 2529 921 2594 Bibulus
975 2552 1051 2595 ea
1092 2552 1283 2615 quam
1327 2541 1664 2615 acceperat
1702 2532 1924 2607 Italiae
1985 2546 2164 2617 parte
2212 2544 2471 2596 conten-

140 2654 238 2707 tus
304 2641 563 2706 nullam
615 2639 804 2705 aliam
861 2638 1259 2723 provinciam
1318 2640 1484 2703 rexit
1547 2640 1668 2719 (cf.
1726 2637 2084 2703 Comment.
2141 2640 2470 2726 epigraph.

146 2750 291 2815 Vol.
328 2750 405 2815 Π
443 2772 511 2834 p.
559 2747 715 2831 206)
752 2759 815 2811 et
856 2744 1097 2811 Caesar
1125 2744 1377 2811 Galliae
1422 2744 1790 2832 Cisalpinae
1827 2758 2166 2833 praetextu
2212 2748 2294 2812 ad
2335 2772 2473 2813 ma-

165 2858 363 2921 iorem
390 2855 739 2941 potentiam
784 2854 1249 2939 assequendam
1293 2877 1455 2918 usus
1505 2867 1621 2918 est.
1708 2854 1840 2920 Hic
1893 2856 2062 2919 enim
2081 2903 2100 2931 ,
2164 2856 2271 2919 cui
2321 2878 2470 2940 pro-

159 2966 365 3030 vincia
416 2978 484 3029 et
538 2964 825 3027 exercitu
888 2986 1086 3047 parva
1145 2973 1207 3027 et
1264 2962 1425 3027 locis
1473 2973 1752 3047 angusta
1807 2976 1870 3028 et
1913 2974 2198 3048 tempore
2253 2964 2470 3029 brevis

146 3098 383 3160 parum
428 3074 731 3159 placeret,
778 3071 1049 3155 primum
1077 3068 1198 3134 Cn.
1229 3070 1520 3155 Pompeii
1562 3070 1834 3155 gratiam
1875 3081 2019 3135 acta
2053 3071 2192 3137 eius
2241 3072 2472 3137 confir-

138 3183 385 3249 mando
434 3180 789 3256 demeruit,
836 3179 1071 3243 deinde
1117 3179 1335 3263 populi
1378 3180 1666 3243 favorem
1703 3179 2090 3264 amplissima
2134 3179 2472 3266 largitione

144 3292 445 3380 agraria,
503 3302 639 3353 tum
680 3288 967 3372 equitum
1007 3286 1329 3371 insignem
1368 3286 1880 3351 benevolentiam
1923 3286 2047 3351 sibi
2087 3285 2472 3364 conciliavit,

154 3404 437 3487 denique
479 3419 595 3485 per
642 3395 935 3460 tribunos
978 3395 1183 3480 plebis
1234 3417 1427 3480 agere
1473 3396 1706 3480 coepit,
1761 3409 1836 3461 ut
1878 3397 2020 3467 talis
2063 3396 2320 3480 qualem
2359 3418 2472 3459 cu-

150 3509 365 3594 piebat
406 3504 743 3592 provincia
784 3504 907 3569 sibi
946 3504 1378 3569 mandaretur.
1463 3504 1631 3569 Nam
1673 3505 1778 3569 hic
1819 3526 2033 3569 rerum
2078 3504 2236 3568 ordo
2283 3515 2346 3567 et
2387 3504 2470 3569 ab

158 3614 583 3703 scriptoribus
626 3613 901 3677 traditur
960 3623 1025 3676 et
1080 3635 1193 3697 per
1248 3635 1316 3677 se
1367 3612 1508 3697 ipse
1562 3610 1910 3698 probabilis
1955 3623 2072 3676 est.
2158 3612 2472 3676 Inventus

168 3738 360 3788 autem
404 3733 509 3788 est
532 3722 609 3786 P.
634 3722 953 3798 Vatinius,
1000 3721 1108 3805 qui
1154 3721 1366 3807 legem
1411 3720 1588 3805 apud
1617 3720 1924 3805 populum
1968 3720 2296 3805 perferret.
2365 3719 2472 3785 De

158 3856 275 3919 qua
316 3834 473 3919 lege
528 3830 811 3895 diximus
856 3828 1294 3914 compluribus
1350 3828 1510 3893 locis
1569 3828 2171 3893 commentationum
2217 3828 2472 3913 epigra-

152 3943 511 4027 phicarum‚
556 3939 833 4024 primum
881 3937 1025 4001 Vol.
1069 3937 1103 4002 1
1148 3960 1206 4021 p.
1254 3937 1395 4012 308,
1441 3934 1556 4000 ubi
1607 3936 1688 3999 de
1733 3936 1980 4001 colonia
2005 3934 2472 4001 Novocomensi

152 4050 634 4137 disputavimus
679 4049 1042 4133 (perperam
1084 4046 1251 4109 enim
1288 4068 1326 4109 a
1370 4042 1760 4128 quibusdam
1803 4045 1942 4109 fieri
1984 4044 2238 4119 iudicO,
2299 4043 2472 4127 quod

152 4183 289 4224 eam
350 4156 743 4245 peculiarem
795 4154 1072 4238 aliquam
1129 4153 1526 4239 rogationem
1580 4174 1618 4214 a
1675 4152 2055 4239 provinciali
2119 4152 2472 4217 seiunctam

157 4290 296 4333 esse
336 4261 619 4353 putant),
664 4274 803 4327 tum
846 4261 991 4328 Vol.
1036 4261 1104 4327 11
1140 4285 1203 4348 p.
1248 4262 1391 4337 220,
1436 4262 1550 4327 ubi
1595 4261 1718 4325 tria
1761 4260 1902 4325 eius
1939 4259 2143 4344 capita
2189 4257 2471 4344 explica·

158 4376 399 4450 vimus,
444 4387 523 4437 ut
557 4370 885 4455 Illyricum
907 4415 927 4446 ,
968 4372 1143 4455 quod
1186 4371 1268 4435 ad
1304 4370 1373 4435 id
1412 4382 1668 4455 tempus
1712 4392 1861 4434 cum
1891 4366 2278 4431 Macedonia
2319 4388 2472 4431 con-
