2917 5017
471 342 596 407 278
1079 344 1164 393 De
1201 342 1405 407 legibus
1443 342 1838 407 municipalibus
1874 342 2182 409 Hispanicis.

465 510 701 585 lentur,
743 520 993 577 tantum
1036 506 1475 581 Latinitatem,
1512 526 1868 600 verumque
1908 504 2011 582 sit,
2050 505 2224 589 quod
2264 507 2427 571 falso
2470 507 2787 583 statuitur,

465 617 818 702 municipia
857 638 1001 681 esse
1042 636 1234 701 posse
1257 613 1478 677 Latini
1514 612 1708 676 iuris:
1762 622 1933 675 certe
1968 624 2345 699 acceperant
2374 614 2788 679 Latinitatem

463 747 632 792 anno
672 726 750 791 71
798 748 862 811 p.
903 722 1059 789 Chr.
1077 768 1096 799 ,
1141 743 1270 805 quo
1313 720 1685 785 universam
1728 720 2112 805 Hispaniam
2156 719 2237 785 ab
2278 721 2689 806 Vespasiano
2731 724 2789 787 in

463 834 640 899 Latii
681 833 786 897 ius
829 832 1188 897 traductam
1229 850 1372 894 esse
1411 838 1689 893 constat:
1740 852 1781 892 a
1808 849 1939 913 quo
1983 850 2151 892 anno
2187 851 2396 913 usque
2436 830 2521 894 ad
2556 852 2791 894 annum

463 944 566 1019 83,
611 963 740 1026 quo
787 940 906 1004 hae
943 938 1200 1005 tabulae
1233 938 1509 1022 scriptae
1544 946 1727 1013 sunt,
1780 936 2239 1022 praeterierant
2276 937 2591 1001 undecim
2626 938 2789 1001 anni.

463 1050 696 1115 Nonne
751 1048 984 1133 igitur,
1048 1068 1198 1112 cum
1253 1045 1388 1111 bini
1449 1046 1793 1128 quotannis
1846 1044 2040 1109 Hviri
2056 1090 2073 1121 ,
2139 1044 2275 1109 bini
2316 1046 2603 1122 aediles,
2670 1045 2791 1111 bini

465 1167 838 1243 quaestores
880 1156 1126 1231 fierent,
1165 1165 1336 1219 certe
1379 1152 1645 1237 triginta
1680 1150 1957 1215 familiae
1996 1152 2065 1215 in
2090 1152 2413 1217 civitatem
2437 1152 2793 1217 Romanam

463 1266 592 1331 iam
647 1262 1070 1329 transierant?
1155 1260 1308 1343 Qua
1357 1262 1424 1325 in
1482 1259 1989 1345 computatione,
2046 1282 2127 1324 ne
2173 1260 2330 1343 quid
2377 1262 2559 1345 quod
2612 1263 2791 1348 paulo

464 1374 773 1439 incertius
817 1381 988 1437 esset
1033 1380 1485 1445 statueremus,
1530 1391 1659 1432 non
1708 1367 2237 1445 existimavimus,
2286 1392 2443 1447 curn
2479 1370 2791 1433 Latinitas

464 1481 729 1565 reliquis
751 1480 1034 1553 daretur,
1059 1478 1250 1543 simul
1275 1474 1697 1541 nobilioribus
1722 1474 2113 1559 quibusdam
2134 1478 2393 1543 familiis
2416 1479 2641 1543 datam
2660 1502 2793 1543 esse

467 1590 808 1655 civitatem.
867 1586 952 1651 Id
991 1586 1163 1651 enim
1199 1585 1338 1649 fieri
1381 1583 1629 1649 solebat
1665 1606 1805 1649 eam
1843 1585 2071 1670 ipsam,
2116 1586 2365 1670 opinor,
2400 1586 2489 1651 ob
2512 1609 2794 1661 causam,
2876 1618 2878 1621 ⁴

465 1709 538 1761 ut
581 1704 797 1761 essent
815 1742 833 1771 ,
893 1718 975 1760 ex
1017 1694 1257 1779 quibus
1301 1692 1439 1757 sine
1486 1691 1763 1757 civit-atis
1808 1692 2149 1777 largitione
2194 1693 2621 1777 magistratus
2664 1716 2795 1758 cre-

467 1815 750 1879 arentur,
789 1802 1210 1888 exemploque
1247 1810 1459 1887 potest
1498 1822 1641 1864 esse
1665 1798 1726 1861 N
1728 1801 2253 1865 ovocomensium
2292 1801 2567 1877 colonia,
2611 1823 2797 1884 quam

469 1911 712 1979 Caesar
748 1913 1020 1976 dictator
1057 1932 1204 1975 cum
1244 1908 1570 1983 conderet,
1611 1907 1983 1991 quingentis
2021 1909 2281 1973 familiis
2298 1908 2601 1985 Graecis,
2641 1933 2796 1993 quas

469 2018 868 2095 deducebat,
926 2019 1248 2084 civitatem
1294 2016 1661 2102 impertisse
1707 2014 1947 2081 dicitur
2004 2012 2397 2094 (Comment.
2438 2017 2475 2081 Ι
2520 2041 2586 2102 p.
2630 2018 2795 2099 308).

469 2128 727 2193 Fecerit
767 2127 840 2190 id
881 2126 990 2191 ille
1035 2126 1372 2191 ambitiose
1415 2135 1481 2188 et
1526 2123 1699 2187 ultra
1738 2123 2205 2208 praescriptum
2266 2125 2395 2203 (sic
2440 2124 2619 2188 enim
2662 2125 2795 2189 eius

465 2236 703 2301 inimici
741 2231 1306 2316 criminabantur):
1347 2230 1737 2316 quibusdam
1778 2253 1927 2295 eum
1966 2231 2287 2297 civitatem
2320 2233 2547 2318 largiri
2587 2246 2651 2297 et
2690 2233 2795 2297 de-

465 2342 687 2409 buisse
731 2352 796 2407 et
841 2341 1127 2428 potuisse
1173 2350 1441 2407 constat.
1527 2337 1748 2420 Quare
1796 2338 1935 2403 sive
1973 2338 2191 2405 Latini
2234 2341 2396 2405 iuris
2441 2352 2629 2405 erant
2656 2339 2795 2405 Sal-

465 2475 666 2538 pensa
711 2451 1092 2535 Malacaque
1145 2450 1282 2514 sive
1341 2449 1597 2513 civitate
1639 2447 1931 2511 Romana
1982 2448 2337 2531 praeditae,
2400 2470 2547 2515 esse
2609 2451 2681 2513 in
2726 2450 2797 2515 iis
2874 2488 2876 2535 f

465 2556 800 2644 oportebat
825 2557 1002 2622 cives
1025 2557 1374 2633 Romanos,
1416 2554 1655 2639 quibus
1676 2554 1935 2640 legibus
1962 2555 2485 2642 municipalibuS,
2522 2580 2798 2641 quarum

465 2668 829 2752 fragmenta
869 2674 1238 2750 supersunt,
1285 2662 1848 2748 praescriberetur.
1937 2664 2123 2744 Quas
2166 2666 2221 2729 si
2266 2664 2659 2731 haberemus
2704 2667 2798 2730 in·

466 2786 704 2860 tegras,
751 2774 856 2839 vel
897 2773 951 2838 si
995 2772 1180 2837 initia
1224 2783 1395 2836 certe
1432 2771 1656 2856 legum
1702 2771 1785 2835 ad
1824 2794 1945 2835 nos
1992 2773 2457 2856 pervenissent,
2502 2786 2686 2839 certa
2705 2775 2798 2839 in-

465 2883 838 2949 venirentur
893 2880 1262 2947 testimonia
1276 2925 1295 2956 ,
1347 2902 1515 2964 quae
1566 2880 1741 2945 cives
1783 2879 2105 2946 Romanos
2146 2882 2213 2945 in
2254 2881 2383 2945 illis
2426 2884 2797 2969 municipiis

465 2991 670 3056 fuisse
721 2990 1162 3065 ostenderent;
1227 3010 1402 3052 nunc
1457 2987 1711 3053 nullum
1764 2999 1883 3053 est.
1976 2988 2141 3053 Nam
2196 2989 2263 3052 in
2309 2990 2475 3054 aeris
2524 2991 2797 3077 Salpen-

467 3100 606 3165 sani
650 3122 790 3185 cap.
829 3098 1048 3163 XXII
1091 3107 1156 3161 et
1191 3097 1444 3161 XXIII
1489 3097 1571 3161 de
1616 3096 1699 3161 iis
1742 3106 2022 3174 tantum,
2082 3099 2193 3183 qui
2233 3100 2569 3163 consecuti
2616 3114 2801 3165 erunt

467 3208 822 3281 civitatem,
867 3228 998 3269 non
1039 3205 1122 3269 de
1161 3205 1244 3269 iis
1263 3252 1282 3281 ,
1323 3205 1437 3289 qui
1478 3206 1606 3271 iam
1649 3206 1975 3270 consecuti
2020 3218 2201 3284 sunt,
2250 3207 2578 3272 scribitur.
2668 3208 2797 3273 Ve-

467 3325 806 3379 runtamen
853 3312 908 3377 si
952 3313 1187 3378 Latina
1237 3313 1475 3399 oppida
1525 3336 1655 3377 non
1706 3314 1921 3379 minus
1964 3335 2156 3398 quam
2200 3314 2459 3381 civitate
2505 3316 2799 3382 Romana

467 3422 759 3508 praedita
794 3420 1116 3487 habebant
1153 3433 1216 3486 et
1262 3421 1438 3487 cives
1481 3422 1805 3489 Romanos
1844 3434 1907 3487 et
1944 3422 2213 3487 Latinos
2254 3423 2579 3501 homines,
2626 3425 2793 3489 unde

469 3530 751 3607 tandem,
798 3529 1008 3595 utrius
1047 3529 1304 3616 generis
1351 3553 1643 3615 quaeque
1686 3531 1913 3597 civitas
1955 3531 2151 3595 fuerit
2190 3530 2521 3596 discetur?
2592 3534 2793 3599 Nimi-

467 3663 610 3705 rum
651 3662 732 3703 ex
773 3638 1034 3715 maiore,
1076 3648 1150 3701 ut
1181 3638 1499 3716 videatur,
1544 3639 1875 3704 hominum
1914 3649 2115 3725 parte,
2152 3660 2317 3723 quae
2348 3638 2463 3703 ubi
2490 3641 2792 3707 Latinum

407 3784 426 3803 s
467 3748 572 3811 ius
616 3746 869 3822 habeat,
913 3745 1220 3811 Latinum
1265 3746 1350 3811 sit
1392 3747 1726 3833 oppidum,
1770 3747 1887 3813 ubi
1928 3747 2185 3813 civitate
2226 3747 2516 3813 Romana
2556 3762 2793 3827 utatur,

465 3856 536 3919 id
593 3854 938 3929 habeatur,
997 3854 1174 3938 quod
1233 3854 1448 3919 adhue
1494 3855 1889 3921 credidimus
1936 3878 2079 3921 esse
2129 3856 2577 3942 municipium.
2660 3861 2792 3924 Iam

465 3963 536 4027 in
575 3963 742 4028 aeris
781 3961 1166 4049 Salpensani
1205 3986 1342 4048 cap.
1379 3964 1699 4029 XXVIII
1740 3963 1896 4029 haec
1941 3974 2119 4028 sunt:
2188 3968 2265 4027 Si
2302 3970 2439 4046 quis
2480 3973 2793 4048 municeps
2872 4038 2874 4041 Α

467 4074 778 4153 municipi
833 4075 1020 4135 Flavi
1064 4075 1444 4154 Salpensani
1504 4078 1615 4156 qui
1668 4076 1943 4135 Latinus
1998 4077 2122 4135 erit
2175 4076 2352 4155 apud
2408 4078 2636 4137 IIviros
2692 4080 2794 4157 qui

467 4184 605 4243 iure
657 4181 926 4243 dicundo
973 4190 1322 4260 praeerunt
1369 4184 1501 4243 eim
1556 4184 1865 4261 municipi
1873 4228 1891 4254 ,
1965 4202 2197 4243 servom
2252 4204 2424 4243 suom
2486 4205 2790 4245 servamve

467 4310 646 4351 mam
685 4310 764 4351 ex
804 4290 1096 4351 servitute
1133 4292 1204 4350 in
1243 4288 1657 4368 libertate(m)
1698 4292 2131 4351 manumiserit
2172 4288 2432 4353 liberum
2468 4291 2787 4355 liber-amno
2872 4374 2874 4377 Α

469 4418 586 4459 esse
629 4399 878 4457 iusserit
915 4432 990 4442 —-
1040 4398 1152 4476 qui
1189 4400 1281 4458 ita
1323 4400 1739 4459 manumissus
1782 4397 2003 4460 liberve
2042 4418 2161 4459 esse
2200 4399 2403 4459 iussus
2442 4403 2566 4462 erit
2580 4450 2597 4476 ,
2647 4401 2783 4462 liber
