2917 5017
461 325 580 392 128
1111 332 1194 381 De
1229 329 1402 382 Gallia
1438 330 1789 382 Romanorum
1826 333 2103 398 provincia.

457 491 644 556 donis
687 513 836 554 eum
875 513 1028 556 sane
1071 515 1264 557 usum
1305 513 1450 556 esse
1492 491 1773 556 ostendit
1812 490 1955 577 ipse
1997 490 2263 558 Tacitus
2308 493 2547 558 Annal.
2582 493 2671 570 Π,
2710 494 2761 556 5.

456 599 897 665 Veruntamen
959 603 1288 684 quaeritur
1345 602 1537 666 etiam
1593 601 1783 684 quale
1820 599 2177 665 Galliarum
2219 601 2563 686 imperium
2606 600 2764 666 Ger-

456 708 746 773 manicus
785 708 1118 786 habuerit3
1167 709 1488 794 siquidem
1532 721 1594 773 et
1636 708 1797 773 alios
1836 709 2124 794 Augusti
2170 709 2565 794 propinquos
2606 711 2765 774 vidi-

453 841 598 883 mus
655 828 718 882 et
763 817 1225 883 Germanicum
1276 817 1493 904 ipsum
1534 827 1761 904 postea
1804 815 2045 882 scimus
2090 817 2179 882 ita
2222 818 2583 902 praefuisse
2623 841 2768 904 pro·
2878 839 2880 902 3

453 926 680 990 vinciis
699 973 716 1002 ‚
777 937 850 990 ut
899 938 1154 1010 praeter
1207 949 1314 993 eos
1371 938 1588 992 essent
1636 926 1832 1010 legati
1874 927 2164 1011 Augusti
2224 926 2497 991 subiecti
2558 939 2765 992 tamen

450 1034 708 1100 illorum
753 1056 1039 1099 summae
1081 1035 1268 1119 quasi
1311 1033 1646 1121 potestati3
1698 1045 1915 1098 contra
1948 1034 2283 1099 Tiberium
2318 1035 2409 1100 ita
2449 1035 2769 1100 intellexi-

452 1166 596 1207 mus
655 1141 884 1208 Galliis
944 1143 1296 1228 imperasse
1315 1189 1332 1219 ,
1413 1153 1487 1206 ut
1540 1143 1681 1228 ipse
1735 1165 1899 1227 quos
1957 1143 2150 1208 vellet
2208 1142 2404 1208 rebus
2467 1144 2769 1228 gerendis

450 1250 824 1335 praeficeret
887 1252 1152 1336 suisque
1205 1261 1452 1315 tantum
1512 1250 1743 1336 legatis
1798 1261 2107 1316 uteretur.
2212 1251 2313 1314 Ex
2367 1262 2515 1315 utro
2572 1251 2773 1336 igitur

451 1380 690 1444 genere
751 1370 906 1425 tunc
973 1371 1110 1425 erat
1164 1357 1536 1425 Germanici
1594 1358 1977 1444 imperium?
2064 1359 2237 1422 Num
2301 1369 2558 1445 praeter
2626 1385 2774 1427 eum

453 1467 741 1552 Augusti
797 1480 860 1533 et
897 1468 1142 1534 Tiberii
1203 1468 1400 1553 legati
1461 1467 1737 1552 singulis
1782 1465 2143 1532 Galliarum
2190 1468 2537 1550 provinciis
2584 1493 2773 1555 prae-

449 1577 671 1641 erant?
747 1577 884 1641 Iam
932 1600 1050 1662 per
1103 1599 1172 1641 se
1229 1576 1444 1661 ipsum
1500 1575 1763 1659 quidem
1818 1596 2044 1660 parum
2102 1575 2225 1639 hoc
2280 1576 2581 1642 videatur
2628 1603 2777 1643 esse
2878 1603 2880 1656 ξ

449 1683 811 1768 probabile3
877 1709 1026 1750 nam
1076 1685 1424 1770 Augustus
1484 1694 1653 1750 certe
1671 1731 1688 1760 ,
1750 1684 1861 1767 qui
1918 1706 2063 1748 eum
2122 1683 2385 1749 Tiberio
2444 1708 2777 1772 opponere

447 1791 734 1869 volebat,
797 1794 1146 1878 potentiam
1201 1793 1342 1858 eius
1395 1814 1662 1878 prorsus
1714 1791 2122 1878 infregisset,
2190 1792 2245 1856 si
2304 1793 2465 1858 alios
2508 1794 2569 1858 ei
2620 1819 2775 1860 suos

445 1901 690 1984 legatos
731 1901 1111 1978 addidisset,
1147 1924 1268 1966 nec
1303 1901 1428 1987 ipsi
1461 1900 1697 1985 quibus
1736 1900 1830 1964 uti
1860 1899 2053 1965 vellet
2078 1901 2317 1986 eligere
2342 1904 2776 1987 permisisset.
2878 1897 2880 1978 ξ

447 2004 582 2072 Sed
636 2009 908 2074 certiora
947 2033 1027 2074 ex
1071 2011 1150 2074 iis
1189 2031 1352 2094 quae
1393 2009 1658 2074 Tacitus
1703 2019 1947 2084 narrat,
2008 2009 2421 2094 colliguntur.
2503 2013 2773 2076 Etenim

447 2137 502 2179 c.
545 2116 616 2178 31
677 2117 772 2179 sic
821 2115 1046 2181 habet:
1115 2121 1237 2181 duo
1289 2121 1465 2198 apud
1510 2122 1715 2198 ripam
1768 2120 1973 2180 Rheni
2022 2123 2323 2180 exercitus
2368 2131 2593 2184 erant:
2656 2127 2779 2185 cui

443 2245 664 2286 nomen
703 2229 1036 2304 superiori,
1091 2227 1198 2287 sub
1241 2227 1306 2290 C.
1347 2229 1503 2288 Silio
1546 2229 1765 2308 legata,
1809 2230 2173 2306 inferiorem
2220 2231 2305 2290 A.
2348 2231 2619 2293 Caecina
2656 2255 2771 2293 cu-

443 2331 638 2396 rabat.
713 2331 857 2396 Hos
900 2353 1014 2417 per
1056 2332 1286 2419 ipsam,
1331 2357 1460 2418 qua
1497 2347 1677 2400 erant
1716 2335 2061 2419 dignitate,
2110 2357 2261 2398 sane
2302 2337 2491 2402 facile
2536 2340 2773 2405 existi-

440 2440 758 2506 mabimus
813 2441 1060 2523 legatos
1114 2443 1318 2507 fuisse
1361 2443 1651 2528 Augusti
1702 2453 1763 2505 et
1800 2441 2045 2506 Tiberii
2097 2443 2163 2507 in
2205 2445 2473 2530 Belgica
2516 2459 2581 2512 et
2622 2449 2775 2514 Lu-

441 2549 800 2634 gdunensi3
843 2571 990 2612 nam
1032 2546 1108 2612 C.
1151 2548 1374 2626 Silius,
1419 2550 1593 2615 filius
1632 2551 1917 2615 consulis
1954 2552 2101 2616 anni
2132 2553 2169 2617 3
2208 2575 2275 2639 p.
2302 2552 2479 2631 Chr„
2524 2579 2773 2623 consu-

439 2656 638 2719 latum
695 2665 985 2740 gesserat
1039 2653 1179 2722 Cal.
1227 2658 1363 2723 Ian.
1420 2658 1569 2722 anni
1616 2658 1691 2722 13
1734 2680 1799 2742 p.
1843 2655 1997 2722 Chr.
2016 2705 2033 2736 ‚
2100 2659 2181 2724 A.
2229 2658 2509 2726 Caecina
2564 2666 2775 2752 longe
2878 2653 2880 2680 ³

441 2762 632 2827 etiam
669 2764 986 2828 vetustior
1021 2777 1156 2830 erat
1197 2766 1574 2842 consularis,
1622 2767 1861 2864 quippe
1902 2769 2013 2850 qui
2054 2769 2183 2834 iam
2218 2793 2385 2834 anno
2418 2771 2457 2836 9
2502 2796 2557 2838 a.
2604 2771 2771 2838 Chr.

439 2881 702 2956 propter
747 2871 986 2936 bellum
1025 2874 1460 2940 Pannonicum
1514 2875 1777 2961 egregie
1826 2886 2082 2960 gestum
2140 2899 2287 2944 cum
2331 2879 2557 2945 Druso
2607 2905 2769 2947 con·
2878 2949 2880 2962 ,

441 2981 718 3044 sulatum
773 2983 1130 3067 accepisset
1182 2981 1323 3048 Cal.
1367 2984 1553 3048 Iuliis
1604 2985 1747 3048 loco
1799 2982 1877 3046 Τ.
1924 2983 2214 3065 Quinctii
2257 2985 2544 3074 Crispini
2604 2991 2765 3056 Sul-

436 3087 692 3172 piciani.
781 3090 916 3153 Sed
967 3091 1058 3154 ita
1106 3090 1188 3154 iis
1231 3092 1459 3176 legatis
1498 3115 1661 3157 usus
1699 3105 1798 3156 est
1835 3091 2293 3172 Germanicus,
2352 3107 2429 3160 ut
2468 3121 2579 3163 eos
2627 3123 2761 3164 non

436 3196 660 3282 ipsius,
705 3196 820 3260 sed
859 3196 1102 3261 Tiberii
1138 3199 1342 3263 fuisse
1391 3200 1639 3285 sibique
1690 3202 2019 3287 proprium
2062 3202 2400 3288 imperium
2444 3206 2761 3273 habuisse

435 3325 624 3368 nemo
671 3303 908 3369 credat.
994 3305 1160 3370 Nam
1198 3308 1473 3392 primum
1514 3306 1795 3374 Caecina
1838 3310 2001 3375 duas
2042 3311 2331 3396 legiones
2375 3314 2645 3380 iubetur
2692 3318 2759 3380 in
2878 3335 2880 3378 ἕ

440 3411 710 3477 hiberna
753 3411 991 3476 ducere
1037 3414 1121 3494 (Ι,
1161 3413 1291 3499 37),
1333 3426 1469 3480 tum
1510 3418 1577 3480 in
1620 3417 1763 3503 ipsa
1806 3419 2216 3503 expeditione
2262 3442 2431 3486 anno
2480 3423 2558 3488 14
2612 3447 2753 3488 sus-

436 3531 620 3605 cepta
691 3521 1026 3605 expeditas
1097 3533 1346 3588 tantum
1401 3527 1693 3592 cohortes
1747 3526 1938 3591 habet
1994 3549 2115 3592 nec
2168 3528 2366 3593 ullam
2423 3531 2743 3616 legionum

433 3639 697 3715 partem.
786 3629 878 3693 At
918 3629 1280 3715 insequenti
1323 3656 1490 3697 anno
1524 3645 1827 3718 quattuor
1861 3635 2148 3720 legiones
2190 3635 2390 3714 ducit,
2430 3640 2755 3724 reliquum

433 3739 782 3802 exercitum
825 3738 964 3823 ipse
1003 3738 1454 3817 Germanicus,
1498 3743 1582 3828 (I,
1624 3743 1737 3826 56)
1776 3753 1851 3808 ut
1892 3741 1968 3808 C.
2008 3741 2211 3808 Silius
2252 3745 2318 3808 in
2358 3745 2573 3812 Gallia
2620 3750 2757 3814 sine

430 3845 716 3910 exercitu
769 3846 1030 3911 relictus
1093 3869 1234 3912 esse
1288 3849 1617 3929 videatur3
1686 3851 1921 3916 deinde
1972 3853 2038 3916 in
2096 3851 2296 3920 altera
2342 3857 2753 3941 expeditione

431 3949 713 4018 Caecina
757 3955 888 4020 etsi*
915 3955 1104 4020 etiam
1147 3956 1513 4042 legionibus
1556 3959 1901 4044 aliquando
1936 3972 2192 4044 praeest
2234 3961 2319 4048 (I,
2358 3963 2492 4048 63),
2536 3977 2755 4032 tamen

428 4061 622 4126 modo
670 4062 1032 4148 expeditam
1079 4074 1326 4130 tantum
1368 4091 1630 4133 manum
1676 4069 1857 4134 ducit
1897 4069 1979 4152 (I,
2021 4069 2165 4152 61),
2212 4072 2403 4136 modo
2452 4073 2753 4141 cohortes

427 4167 584 4234 alias
636 4170 718 4254 (Ι,
765 4170 894 4254 60).
996 4172 1294 4258 Denique
1341 4198 1509 4240 anno
1562 4177 1636 4242 16
1680 4175 1756 4242 C.
1798 4175 2001 4242 Silius
2053 4189 2117 4242 et
2160 4179 2243 4244 A.
2284 4177 2567 4248 Caecina
2614 4185 2753 4269 pri-

428 4299 600 4342 mum
649 4278 842 4346 classi
887 4279 1297 4347 fabricandae
1341 4297 1829 4370 praeponuntur
1868 4285 1985 4372 (Π,
2030 4289 2132 4370 6),
2174 4297 2311 4352 tum
2352 4289 2556 4355 Silius
2598 4315 2749 4357 cum

427 4387 727 4472 expedita
777 4411 970 4452 manu
1025 4391 1091 4454 in
1135 4388 1402 4456 Chattos
1448 4394 1746 4479 irrumpit
1802 4394 1926 4475 (ΙΙ,
1969 4395 2041 4476 7)
2094 4407 2157 4458 et
2202 4408 2553 4463 auctumno
2600 4425 2745 4466 cum
