2917 5017
373 1960 394 1979 .
479 1918 678 1981 altera
719 1916 1040 1981 dictatura
1079 1915 1360 1993 vicisset,
1403 1938 1533 1981 non
1570 1915 1793 1979 tertiae
1835 1917 2027 1981 modo
2068 1916 2427 1981 dictaturae
2473 1917 2777 1981 lictoribus
2855 1930 2864 1969 i'

479 339 606 407 222
1143 343 1226 392 De
1260 343 1521 393 dictatoris
1557 344 1795 394 Caesaris
1835 342 2134 393 honoribus.

483 508 612 573 iam
654 505 953 573 hostibus
995 506 1118 571 hoc
1157 526 1362 569 unum
1405 502 1750 569 videbatur
1785 525 2145 588 superesse.
2222 501 2357 568 Sed
2396 528 2435 569 a
2475 524 2597 587 quo
2630 516 2759 568 tem·
2861 498 2863 511 ²

481 639 638 702 pore
682 617 990 701 incipitur
1027 612 1388 679 dictatura?
1453 611 1564 676 Ab
1594 634 1669 676 eo
1699 612 2023 687 nimirum,
2065 634 2193 696 quo
2224 612 2482 677 decreta
2510 623 2623 686 est,
2658 612 2697 675 i.
2720 636 2761 676 e.
2852 597 2861 672 1

482 724 562 791 ab
608 737 880 789 exeunte
925 746 1144 789 mense
1190 720 1421 809 Aprili,
1467 743 1617 786 nam
1662 720 1743 785 ab
1779 721 1903 785 hoc
1940 720 2047 785 die
2083 720 2501 785 consuevisse
2529 720 2764 785 honores
2850 731 2861 847 Ι

481 833 802 899 numerari
851 854 1048 918 supra
1093 831 1534 917 exposuimus.
1626 827 1730 894 Cf.
1776 830 1965 894 etiam
2012 852 2175 913 quae
2228 830 2309 894 de
2360 830 2627 894 aliorum
2670 829 2767 893 im·
2850 854 2858 985 ⁴

479 943 808 1028 periorum
849 940 1244 1027 temporibus
1285 949 1511 1025 postea
1550 937 1863 1003 dicemus.
1944 938 2095 1024 Ipse
2138 938 2418 1024 insignia
2458 938 2597 1001 eius
2630 948 2769 1001 certe

481 1062 822 1134 antequam
883 1074 940 1115 a.
985 1050 1050 1113 d.
1089 1048 1222 1113 VII
1269 1046 1419 1111 Kal.
1463 1046 1641 1111 Sext.
1704 1056 1881 1133 (nam
1945 1048 2573 1133 duodetrigesimum
2632 1046 2771 1110 diem

481 1170 631 1243 post
664 1159 768 1223 III
806 1158 957 1223 Kal.
997 1155 1262 1238 Quinct.
1303 1156 1590 1221 nominat
1634 1166 1859 1221 auctor
1898 1156 2048 1221 bell.
2088 1157 2296 1221 Afric.
2340 1178 2397 1221 c.
2434 1155 2549 1237 98)
2587 1155 2651 1218 in
2684 1178 2771 1218 ur-

480 1266 629 1332 bem
675 1266 938 1332 advenit
957 1312 974 1341 ,
1035 1266 1164 1329 iam
1207 1264 1553 1351 usurpavit
1594 1286 1672 1329 ac
1716 1287 1861 1329 cum
1906 1286 2127 1329 mense
2173 1261 2403 1328 Sextili
2450 1263 2770 1349 triumphos
2862 1281 2865 1316 ἑ

481 1372 849 1451 celebraret,
887 1375 1228 1459 scriptores
1265 1373 1455 1437 etiam
1482 1373 1858 1437 dictatorem
1884 1396 2033 1437 eum
2062 1373 2267 1437 fuisse
2292 1372 2581 1437 tradunt.
2641 1372 2772 1436 Nam
2862 1390 2865 1425 ὲ

481 1484 612 1547 Dio
649 1483 890 1549 XLIII
910 1530 926 1557 ,
980 1482 1052 1547 19
1109 1492 1286 1546 tanto
1349 1504 1499 1547 eum
1552 1482 1869 1546 lictorum·
1912 1504 2181 1545 numero
2238 1506 2437 1547 usum
2506 1504 2647 1547 esse
2692 1481 2773 1556 ait,
2862 1526 2865 1532 .

479 1602 792 1676 quantum
829 1613 1158 1675 nunquam
1187 1590 1463 1654 Romani
1500 1589 1827 1666 viderant3
1878 1588 2199 1674 siquidem
2236 1591 2435 1675 paulo
2469 1602 2617 1656 ante
2648 1592 2775 1675 (Dio
2863 1638 2864 1642 ,

479 1699 740 1776 XLIII,
792 1700 899 1779 14)
959 1709 1219 1763 senatus
1269 1700 1330 1763 ei
1377 1698 1786 1785 permiserat,
1842 1710 1916 1762 ut
1951 1699 2021 1761 in
2066 1699 2450 1784 triumphis,
2512 1722 2673 1784 quos
2718 1700 2776 1763 de
2855 1716 2864 1727 ²

478 1807 772 1873 hostibus
829 1819 1000 1871 esset
1054 1817 1348 1885 acturus,
1410 1806 1565 1891 quia
1622 1830 1733 1871 eos
1774 1808 2009 1893 partim
2052 1810 2119 1871 in
2168 1808 2406 1893 prima,
2466 1810 2693 1894 partim
2730 1809 2777 1871 in

477 2035 801 2099 uteretur,
862 2024 977 2089 sed
1036 2024 1318 2109 priorum
1375 2024 1567 2089 etiam
1611 2024 1887 2089 duarum
1932 2024 2239 2090 adiiceret
2287 2037 2350 2088 et
2395 2026 2780 2111 septuaginta
2855 1970 2857 2021 ἱ

479 2134 612 2197 duo
655 2132 913 2197 omnino
955 2132 1315 2195 conficeret.
1404 2129 1697 2217 Accepta
1738 2142 1954 2197 autem
1996 2131 2318 2198 dictatura
2372 2146 2605 2198 utrum
2657 2156 2778 2199 con-
2862 2164 2864 2171 ⁴

481 2243 780 2318 sulatum,
818 2264 1010 2325 quem
1052 2239 1336 2325 gerebat,
1377 2240 1749 2326 deposuerit
1777 2264 1980 2305 necne
2007 2242 2323 2306 incertum
2352 2252 2455 2307 est
2484 2266 2609 2307 nec
2642 2253 2780 2307 recte

477 2374 643 2436 quae
701 2350 876 2436 apud
936 2350 1130 2414 Dion.
1171 2349 1430 2426 XLIII,
1476 2350 1554 2415 33
1612 2350 1695 2415 de
1760 2349 1938 2413 exitu
1996 2352 2146 2413 anni
2192 2350 2273 2417 46
2330 2363 2523 2415 sunt:
2602 2355 2779 2436 ἱππάρ-
2855 2362 2857 2434 3

477 2484 634 2544 χησε
686 2462 756 2522 δὲ
806 2459 1124 2539 (Λέπιδος)
1173 2459 1274 2520 καὶ
1325 2461 1463 2521 τότε
1511 2460 1693 2527 αὐτὸς
1740 2460 1955 2523 ἑαυτὸν
2000 2460 2061 2521 ἐν
2112 2457 2188 2543 τῇ
2235 2461 2499 2544 ὑπατείᾳ
2545 2460 2781 2523 ἐπειπὼν

477 2568 780 2652 ἵππαρχον
825 2568 992 2651 παρὰ
1038 2566 1112 2629 τὰ
1153 2569 1412 2649 πάτρια,
1475 2566 1565 2631 ita
1608 2566 1687 2631 ab
1732 2567 2191 2653 interpretibus
2240 2568 2555 2653 explicari
2602 2570 2785 2642 viden,

476 2685 551 2738 ut
588 2674 913 2760 Lepidum
959 2686 1184 2759 putent
1227 2674 1294 2737 in
1339 2676 1682 2739 consulatu
1726 2696 1959 2739 nomen
2006 2678 2297 2762 magistri
2346 2678 2645 2762 equitum
2686 2676 2787 2741 sibi
2845 2703 2857 2804 Ι

476 2782 790 2847 adiecisse
843 2784 1041 2867 idque
1085 2795 1310 2848 contra
1349 2784 1667 2847 maiorum
1712 2807 1954 2848 morem
1998 2785 2221 2850 fuisse.
2304 2786 2641 2872 Equidem
2687 2788 2788 2851 hoc
2857 2818 2859 2897 j

475 2891 688 2976 potius
730 2892 860 2957 dici
899 2892 1223 2978 intelligo,
1279 2892 1605 2977 Lepidum
1648 2914 1793 2957 cum
1835 2903 2006 2957 esset
2045 2894 2272 2958 consul
2306 2916 2459 2959 cum
2504 2892 2786 2967 Caesare,

475 3012 814 3085 postquam
853 3000 1008 3065 huic
1043 3001 1230 3065 tertia
1272 3000 1593 3066 dictatura
1634 3001 1843 3065 delata
1884 3012 2016 3077 est,
2073 3024 2203 3067 non
2254 3002 2449 3067 modo
2498 3026 2583 3067 ex
2634 3024 2786 3066 more

475 3108 851 3175 dictatorem
895 3110 1110 3195 ipsum
1151 3109 1394 3174 dixisse
1439 3106 1787 3174 Caesarem
1808 3157 1825 3185 ‚
1885 3110 2001 3175 sed
2055 3111 2247 3175 etiam
2298 3134 2367 3175 se
2418 3113 2786 3197 magistrum
2854 3120 2865 3200 ff

477 3218 786 3301 equitum,
827 3218 892 3280 in
934 3240 1062 3300 quo
1103 3217 1447 3302 dupliciter
1486 3217 1567 3281 ab
1596 3230 1809 3283 vetere
1840 3218 2133 3283 instituto
2163 3219 2461 3296 descivit,
2504 3220 2786 3305 primum,
2854 3203 2864 3253 '-

475 3326 654 3410 quod
698 3326 954 3389 omnino
1007 3326 1236 3389 consul
1279 3326 1657 3409 magistrum
1710 3326 1998 3411 equitum
2057 3328 2257 3404 dixit,
2322 3350 2451 3393 non
2510 3329 2785 3401 dictator,
2862 3346 2864 3349 ⁴

475 3457 604 3517 qua
656 3434 738 3498 de
792 3456 862 3497 re
923 3434 1049 3497 iam
1101 3455 1296 3519 supra
1339 3434 1739 3518 disputatum
1782 3448 1913 3513 est,
1978 3438 2213 3501 deinde
2253 3437 2432 3521 quod
2479 3458 2549 3501 se
2590 3436 2787 3521 ipsum
2862 3466 2864 3489 1

476 3541 671 3618 dixit,
729 3564 856 3606 non
901 3542 1130 3607 alium:
1197 3542 1364 3607 hanc
1411 3544 1791 3608 sententiam
1836 3543 2072 3609 Dionis
2116 3568 2197 3609 ex
2242 3555 2545 3609 accurata
2584 3556 2649 3608 et
2688 3565 2788 3608 vo·
2862 3562 2864 3596 ῑ

475 3651 852 3716 cabulorum
907 3664 970 3715 et
1009 3662 1366 3737 temporum
1405 3652 1927 3737 interpretatione
1972 3653 2141 3719 effici
2184 3653 2527 3738 perspiciO.
2627 3650 2787 3715 Nihil

473 3759 674 3844 igitur
714 3760 782 3823 in
819 3759 922 3823 his
962 3770 1092 3835 est,
1146 3770 1218 3823 ut
1257 3756 1603 3825 Caesarem
1642 3784 1853 3845 usque
1898 3763 1981 3826 ad
2026 3762 2269 3827 exitum
2320 3763 2471 3827 anni
2517 3761 2601 3827 46
2648 3782 2787 3823 con-

383 3878 392 3889 “
475 3866 754 3931 sulatum
793 3868 1076 3953 gessisse
1117 3877 1446 3953 putemus,
1492 3868 1685 3933 immo
1724 3870 1890 3946 Dio,
1950 3871 2063 3955 qui
2102 3881 2166 3935 et
2202 3871 2267 3933 in
2310 3870 2390 3934 iis
2433 3892 2599 3953 quae
2640 3869 2786 3933 cita-

471 3976 718 4051 vimus,
783 3976 904 4041 etsi
947 3977 1030 4041 de
1071 3998 1238 4041 anno
1279 3976 1360 4041 46
1403 3978 1723 4062 loquitur,
1784 3990 1997 4043 tamen
2046 3980 2107 4041 ἐν
2156 3980 2234 4063 τῇ
2284 3981 2539 4063 ὑπατείᾳ
2584 3988 2787 4043 narret

471 4083 852 4167 magistrum
894 4085 1184 4169 equitum
1230 4108 1374 4151 esse
1419 4087 1662 4151 factum
1708 4085 2071 4171 Lepidum,
2120 4098 2187 4151 et
2221 4087 2415 4172 paulo
2455 4098 2601 4153 ante
2644 4109 2783 4152 exe-

469 4204 626 4255 unte
665 4192 890 4257 eodem
931 4216 1096 4259 anno
1131 4196 1192 4256 ἐν
1222 4202 1297 4277 τῇ
1329 4198 1624 4279 ἱππαρχίᾳ
1668 4194 1923 4259 comitia
1964 4196 2328 4261 consularia
2358 4196 2441 4261 ab
2474 4220 2549 4261 eo
2580 4195 2783 4262 habita

471 4322 615 4365 esse
675 4301 947 4377 scribat,
1017 4325 1146 4367 non
1207 4300 1485 4367 obscure
1547 4314 1841 4389 tempora
1896 4305 2269 4369 consulatus
2328 4315 2393 4369 et
2442 4305 2777 4390 magisterii

470 4409 758 4493 equitum
813 4409 1214 4495 distinguere
1273 4432 1480 4493 neque
1538 4412 1720 4477 illum
1778 4438 1986 4498 usque
2034 4414 2117 4477 ad
2154 4414 2405 4479 exitum
2452 4414 2601 4477 anni
2640 4435 2773 4497 pro·
2863 4472 2864 4475 ,
