2917 5017
481 341 604 408 348
1093 347 1178 398 De
1217 351 1589 413 propagatione
1630 350 1849 400 civitatis
1883 352 2163 402 Romanae.

477 508 544 572 in
587 531 852 576 munere
903 508 1238 597 fungendo
1281 510 1687 596 negligentes
1732 511 1937 576 fuisse
1980 521 2291 590 statuunt,
2348 515 2463 600 qui
2512 515 2645 581 hoc
2692 516 2807 580 ad·
2887 503 2889 506 ’

477 616 732 682 misisse
777 629 1024 704 putant,
1069 630 1144 682 ut
1179 619 1437 694 multos,
1483 640 1643 703 quos
1690 641 1819 684 non
1862 619 2069 685 fuisse
2112 619 2289 687 cives
2330 623 2659 688 Romanos
2702 647 2807 688 re-
2887 639 2889 650 ἶ

479 725 788 810 perirent,
851 737 1074 792 contra
1134 727 1316 812 leges
1385 727 1452 790 in
1511 726 1763 792 tabulas
1826 727 2151 820 censorias
2206 730 2539 796 referrent.
2620 731 2805 799 Facti

475 833 680 920 igitur
721 845 901 898 erant
957 834 1139 898 multi
1184 833 1400 899 Latini
1451 834 1629 899 cives
1682 835 1974 912 Romani,
2020 857 2165 901 cum
2212 836 2359 902 illae
2406 839 2804 903 coloniarum

477 943 776 1025 querelae
823 942 998 1028 apud
1054 953 1346 1006 senatum
1395 943 1743 1007 extiterunt
1792 943 2031 1030 oppida
2084 967 2201 1008 sua
2248 945 2461 1010 deseri
2506 946 2805 1011 dictitan-

481 1051 676 1126 tium3
723 1049 1026 1115 videbant
1065 1051 1256 1116 etiam
1290 1062 1615 1115 senatores
1658 1051 1853 1115 nimis
1894 1050 2123 1116 urbem
2158 1075 2449 1118 crescere
2468 1076 2807 1140 magnam-

479 1179 604 1242 que
652 1180 726 1222 eo
763 1158 1030 1244 inopum
1068 1157 1398 1222 hominum
1443 1161 1619 1242 (nam
1662 1158 1781 1224 hos
1822 1159 2165 1245 praecipue
2205 1160 2617 1248 immigrasse
2667 1185 2804 1228 cre-

477 1265 674 1331 dibile
701 1269 828 1350 est)
865 1265 1222 1331 confluere:
1271 1266 1743 1332 constituerunt
1781 1267 1985 1353 igitur
2010 1289 2214 1333 novos
2246 1269 2422 1334 cives
2452 1271 2803 1357 repudiare

476 1397 686 1460 neque
745 1375 914 1440 ultra
971 1384 1210 1439 tantam
1277 1374 1755 1440 multitudinem
1810 1375 2179 1453 admittere3
2242 1400 2391 1442 nam
2450 1379 2613 1464 quin
2674 1380 2808 1444 sin-

479 1482 618 1568 guli
661 1483 896 1549 divites
941 1483 1248 1558 homines,
1289 1481 1529 1567 quibus
1572 1483 1717 1569 lege
1758 1483 2015 1561 liceret,
2056 1484 2247 1550 etiam
2298 1497 2527 1572 postea
2568 1511 2613 1552 a
2656 1509 2807 1552 cen—

477 1591 728 1656 soribus
769 1591 1009 1677 recepti
1061 1590 1208 1666 sint,
1253 1613 1382 1655 non
1427 1589 1621 1655 debet
1676 1589 1978 1656 dubitari.
2047 1592 2267 1678 Atque
2314 1593 2475 1660 haec
2529 1595 2626 1659 ita
2666 1607 2809 1660 acta

475 1722 618 1765 esse
661 1699 894 1764 Livius
938 1699 1076 1783 ipsc
1115 1698 1378 1776 indicat,
1423 1699 1661 1785 quippe
1706 1699 1819 1784 qui
1870 1701 2029 1765 nihil
2076 1701 2157 1766 de
2202 1702 2348 1787 lege
2399 1702 2649 1768 violata
2695 1703 2807 1767 ha-

474 1808 640 1886 beat,
687 1809 819 1874 sed'
849 1819 1094 1872 tantum
1137 1807 1615 1873 multitudinem
1656 1806 1839 1872 urbis
1882 1808 2388 1875 exhauriendam
2436 1811 2657 1876 fuisse
2708 1811 2807 1874 di-

475 1928 595 1982 eat.
673 1917 837 1982 Nam
896 1917 1122 1982 decem
1173 1918 1358 1982 annis
1407 1928 1575 2004 post,
1634 1938 1785 1980 cum
1840 1929 2051 1982 tamen
2103 1939 2221 2002 per
2268 1917 2571 1984 fraudem
2616 1918 2808 1982 multi

475 2026 906 2110 irrepsissent,
961 2037 1026 2090 et
1078 2024 1374 2090 fraudem
1433 2036 1885 2090 commemorat
1938 2036 2000 2089 et
2052 2047 2346 2111 poenam,
2405 2025 2461 2090 si
2514 2026 2631 2111 qui
2675 2047 2807 2090 non

474 2133 858 2218 paruissent,
899 2131 1186 2197 additam
1229 2155 1372 2197 esse
1417 2132 1661 2197 scribit.
1726 2132 1901 2196 Illud
1940 2155 2147 2197 unum
2180 2134 2403 2219 quaeri
2430 2133 2665 2220 possit,
2688 2134 2805 2209 illi,

473 2241 587 2327 qui
649 2241 901 2306 remissi
967 2252 1118 2306 sunt
1173 2242 1241 2305 in
1290 2242 1591 2318 colonias,
1650 2263 1806 2304 num
1860 2240 2184 2307 civitatem
2228 2243 2589 2307 Romanam
2608 2289 2631 2319 ,
2677 2265 2808 2327 qua

473 2350 868 2436 aliquamdiu
915 2351 1018 2416 usi
1061 2362 1260 2428 erant,
1309 2351 1654 2416 amiserint.
1737 2348 1915 2414 Nihil
1954 2349 2037 2415 de
2080 2372 2157 2414 ea
2195 2373 2263 2416 re
2308 2350 2545 2416 Livius
2592 2351 2807 2438 signi-

472 2460 642 2536 ficat,
687 2461 806 2524 sed
845 2483 1020 2524 more
1052 2461 1342 2524 Romano
1383 2481 1513 2523 non
1558 2459 1929 2522 amiserunt.

645 2567 702 2632 N
707 2591 782 2632 ec
827 2569 1032 2654 magis
1089 2591 1236 2634 cum
1279 2569 1423 2644 hoc,
1472 2567 1553 2632 de
1593 2589 1721 2650 quo
1768 2565 2195 2650 disputamus,
2242 2565 2621 2632 Latinitatis
2660 2567 2809 2632 iure

473 2687 740 2764 pugnat,
780 2677 955 2760 quod
1001 2699 1192 2763 saepe
1239 2699 1384 2741 cum
1425 2675 1533 2740 alii
1574 2675 1734 2740 socii
1780 2685 1917 2738 tum
1958 2673 2177 2738 Latini
2220 2672 2383 2738 urbe
2418 2674 2599 2740 exire
2640 2675 2808 2740 iussi

475 2797 658 2863 sunt3
702 2809 849 2851 nam
895 2786 1018 2851 hoc
1057 2786 1326 2850 alterum
1375 2795 1829 2870 argumentum
1870 2781 2254 2867 Madvigius
2298 2782 2503 2847 affert.
2592 2782 2805 2869 Equi·-

475 2895 622 2960 dem
667 2895 908 2980 duplex
951 2895 1210 2960 omnino
1265 2893 1589 2958 eiectionis
1632 2913 1841 2977 genus
1896 2891 2075 2977 apud
2124 2890 2470 2976 scriptores
2518 2913 2803 2957 comme-

471 3004 708 3068 morari
757 3004 1027 3089 reperio.
1115 3004 1409 3068 Primum
1457 3003 1647 3078 enim,
1692 2999 1807 3065 ubi
1857 3000 1941 3065 de
1994 2997 2191 3064 rebus
2230 2998 2485 3083 magnis
2530 3022 2610 3065 ac
2654 3022 2803 3087 gra·
2887 3011 2889 3016 '

473 3111 666 3177 vibus
707 3113 1106 3198 maximeque
1151 3112 1234 3176 ad
1282 3110 1621 3177 commoda
1669 3109 1991 3174 sociorum
2022 3105 2495 3193 pertinentibus
2542 3108 2806 3172 comitia

469 3219 815 3296 instabant,
863 3233 1048 3286 vetus
1091 3222 1350 3286 videtur
1388 3220 1594 3284 fuisse
1640 3216 2067 3293 consuetudo,
2096 3227 2169 3280 ut
2198 3215 2499 3282 consules
2530 3215 2585 3280 si
2612 3239 2804 3282 vere-

471 3337 711 3403 rentur,
767 3350 848 3392 ne
889 3340 1150 3414 propter
1187 3329 1520 3394 hominum
1566 3325 2047 3391 multitudinem
2092 3324 2403 3409 suffragia
2440 3325 2803 3390 confunde-

469 3447 694 3500 rentur
747 3437 851 3502 vel
905 3437 1134 3502 turbae
1177 3439 1546 3513 existerent,
1594 3459 1673 3500 ex
1728 3431 2075 3500 Sconsulto
2130 3432 2503 3518 peregrinos
2548 3455 2803 3512 omnes,

471 3543 584 3629 qui
638 3545 779 3609 iure
825 3545 1115 3630 suffragii
1161 3556 1493 3622 carerent,
1514 3542 1780 3620 tamdiu,
1822 3541 1981 3606 dum
2022 3537 2333 3626 suffragia
2376 3540 2507 3606 lata
2556 3555 2799 3620 essent,

471 3652 632 3718 urbe
679 3654 994 3718 excedere
1045 3655 1358 3720 iuberent.
1443 3653 1557 3718 Sic
1602 3651 1773 3716 enim
1818 3648 2041 3716 scribit
2082 3649 2425 3735 Appianas
2474 3647 2625 3715 bell.
2674 3652 2798 3716 civ.
2890 3693 2892 3726 2

472 3763 526 3838 Ι,
555 3761 636 3827 23
682 3763 926 3826 factum
971 3782 1114 3826 esse
1157 3785 1324 3828 anno
1377 3763 1513 3840 122,
1560 3785 1709 3827 cum
1756 3757 1833 3824 C.
1874 3758 2213 3825 Gracchus
2251 3758 2465 3844 legem
2510 3758 2593 3824 de
2633 3759 2797 3825 civi-

471 3880 596 3934 tate
654 3869 906 3935 Latinis
965 3871 1181 3936 danda
1227 3882 1290 3936 et
1337 3871 1419 3936 de
1474 3872 1613 3936 iure
1674 3869 1967 3955 suffragii
2030 3866 2257 3932 ceteris
2319 3866 2513 3932 sociis
2556 3866 2797 3953 imper-

472 3978 690 4044 tiendo
729 3980 1204 4066 promulgasset
1246 3978 1559 4062 multique
1600 3978 1887 4062 undique
1930 3999 2011 4042 ex
2048 3975 2235 4041 Italia
2268 3975 2353 4040 ad
2390 3973 2565 4040 diem
2594 3977 2795 4042 comi—

473 4088 706 4152 tiorum
735 4087 1149 4164 confluerent,
1174 4087 1472 4152 decresse
1498 4097 1809 4162 senatum,
1837 4084 2163 4150 edicerent
2188 4083 2523 4149 consules:
2560 4085 2795 4170 μηδένα
2890 4111 2892 4116 ·

471 4200 588 4260 τῶν
647 4196 718 4259 οὐ
779 4195 1090 4281 φερόντων
1145 4201 1350 4282 ψῆφον
1409 4197 1725 4280 ἐπιδημεῖν
1784 4191 1862 4284 τῇ
1908 4193 2089 4258 πόλει
2144 4193 2302 4278 μηδὲ
2346 4195 2789 4278 προσπελάζειν
2890 4177 2892 4236 s

473 4305 594 4368 ἀπὸ
649 4305 1098 4389 τεσσαράκοντα
1163 4305 1419 4368 σταδίων
1479 4305 1647 4390 παρὰ
1707 4305 1813 4388 τὴν
1870 4302 2167 4387 ἐσομένην
2218 4304 2358 4388 περὶ
2416 4303 2612 4366 τῶνδε
2673 4305 2789 4366 τῶν

479 4411 682 4494 νόμων
743 4413 1142 4496 χειροτονίαν.
1225 4413 1448 4477 Minus
1504 4423 1799 4478 accurate
1861 4410 1943 4476 de
2001 4411 2226 4476 eadem
2278 4433 2347 4475 re
2400 4410 2790 4479 Plutarchus
