2917 5017
431 344 554 411 368
1047 346 1132 395 De
1169 345 1543 409 propagatione
1582 344 1803 395 civitatis
1841 347 2127 397 Romanae.

431 490 797 585 docuimus,
857 528 1094 593 easque
1149 516 1396 571 tantum
1413 552 1431 583 ,
1486 528 1653 590 quae
1704 505 2077 572 hominibus
2140 506 2385 573 Italicis
2446 508 2767 573 deductae

433 626 670 694 essent,
716 616 890 701 qnod
943 614 1024 681 ab
1075 614 1324 701 origine
1369 616 1513 700 ipsa
1557 614 1865 679 haberent
1904 615 2029 692 ius,
2074 638 2203 680 non
2264 617 2569 681 amisisse
2620 639 2767 680 eon·-

431 724 722 790 ieeimus.
803 724 1046 807 Quare,
1087 725 1144 789 si
1187 724 1252 789 in
1297 723 1442 788 illas
1488 745 1745 807 quoque
1792 725 2073 790 colonias
2118 735 2367 812 tantum
2411 725 2599 791 cives
2640 724 2765 788 Ro·-

431 834 626 909 mani,
679 834 794 918 qui
849 834 1092 919 optimo
1149 833 1290 897 iure
1345 842 1583 908 essent,
1640 832 2154 911 deducebantur,
2208 856 2287 898 ne
2332 817 2454 897 bos
2504 834 2767 917 quidem

431 944 638 1028 eapite
699 942 1066 1007 deminutos
1123 963 1268 1006 esse
1309 941 1613 1025 quodque
1660 941 2043 1007 habuissent
2078 943 2182 1007 ius
2227 942 2583 1019 honorum,
2626 942 2767 1005 reti-

431 1052 654 1118 nuisse
709 1050 1026 1115 existimo.
1114 1050 1463 1134 Reliquum
1522 1061 1658 1114 erat
1712 1062 1859 1115 ante
1910 1051 2123 1136 legem
2176 1049 2407 1114 Iuliam
2458 1049 2533 1113 in
2592 1050 2767 1114 Italia

433 1170 791 1224 ceterorum
841 1158 1162 1224 sociorum
1203 1179 1412 1243 genus
1461 1157 1799 1242 multiplex
1840 1181 1994 1224 sane
2036 1181 2115 1223 ac
2152 1158 2425 1223 varium.
2517 1160 2603 1223 In
2654 1182 2768 1243 quo

433 1290 588 1331 num
657 1267 976 1331 neminem
1040 1266 1244 1331 fuisse
1303 1277 1641 1351 putamus,
1700 1266 1814 1351 qui
1868 1267 2125 1332 civitate
2177 1267 2475 1331 Romana
2530 1266 2771 1351 dignus

439 1398 584 1442 esse
629 1374 1001 1439 videretur?
1084 1373 1210 1437 Tot
1259 1374 1500 1439 seimus
1546 1374 1751 1440 fuisse
1795 1376 1995 1441 urbes
2038 1376 2449 1459 aequissimis
2494 1375 2773 1439 foederi-

435 1486 560 1550 bus
603 1484 944 1570 praeditae,
1007 1492 1100 1547 tot
1143 1483 1593 1567 antiquissima
1644 1483 1948 1549 societate
1994 1505 2139 1548 eum
2185 1484 2425 1569 populo
2472 1484 2773 1549 Romano

373 1606 382 1617 “
433 1594 831 1669 coniunctas,
899 1614 1064 1677 quae
1129 1613 1208 1655 ne
1275 1590 1563 1656 Marsico
1626 1592 1886 1677 quidem
1953 1591 2123 1657 bello
2182 1591 2379 1657 fidem
2438 1592 2775 1668 mutarint,

431 1723 706 1785 quarum
761 1699 1088 1787 principes
1145 1699 1422 1765 civitatis
1483 1700 1811 1765 Romanae
1866 1700 2153 1786 praemio
2214 1698 2591 1786 prohibitos
2642 1723 2779 1765 esse

429 1832 659 1895 parum
698 1808 1030 1895 probabile
1075 1820 1195 1874 est.
1275 1805 1349 1872 Si
1392 1808 1669 1873 dictator
1712 1806 1957 1874 Caesar
1999 1830 2224 1874 recens
2270 1808 2521 1873 domita
2564 1810 2781 1874 Gallia

437 1919 820 1984 Aeduorum
875 1917 1202 2003 principes
1259 1927 1494 1994 tamen,
1554 1940 1685 2002 quo
1742 1916 1943 1982 artius
2006 1939 2155 1981 eum
2208 1917 2485 2003 imperio
2544 1940 2779 1984 conso·
2890 1936 2893 1959 ³

433 2026 651 2102 ciaret,
699 2026 954 2091 civitate
996 2025 1332 2091 donandos
1377 2048 1524 2091 esse
1570 2025 1841 2111 putavit,
1884 2025 1939 2089 si
1985 2021 2409 2090 barbarorum
2454 2049 2663 2112 reges
2708 2050 2777 2092 ac
2890 2056 2893 2093 ÷

431 2135 756 2221 principes
809 2136 948 2199 fere
991 2134 1270 2199 civitatis
1311 2134 1640 2199 Romanae
1686 2132 2041 2219 praemium
2086 2133 2518 2219 accipiebant,
2562 2148 2777 2201 'nonne
2890 2128 2893 2135 ’

433 2265 550 2329 per
596 2243 818 2307 Italiae
879 2242 1118 2329 oppida
1161 2244 1533 2329 quicunque
1588 2242 1903 2327 dignitate
1957 2254 2147 2325 atque
2194 2242 2431 2328 opibus
2482 2255 2777 2329 praesta-

435 2352 610 2429 bant,
655 2352 738 2417 ad
786 2352 1060 2417 civitatis
1099 2352 1426 2416 Romanae
1468 2350 1981 2415 communionem
2024 2349 2343 2416 admissos
2390 2375 2545 2419 esse
2590 2354 2780 2419 intel-

433 2460 759 2545 ligemus?
836 2462 914 2525 In
957 2458 1182 2525 Sicilia
1222 2460 1509 2543 quidem,
1556 2470 1897 2542 antequam
1936 2469 2069 2525 tota
2110 2458 2325 2525 insula
2349 2460 2783 2528 Latinitatem

435 2578 781 2634 consecuta
839 2579 958 2645 est,
1018 2569 1254 2633 multos
1311 2566 1561 2633 nobiles
1624 2568 1800 2633 cives
1858 2568 2180 2634 Romanos
2230 2570 2437 2635 fuisse
2500 2584 2783 2649 constat,

437 2676 615 2739 velut.
661 2673 783 2740 Cn.
827 2676 1168 2763 Pompeios
1217 2676 1570 2741 Basiliseos
1625 2687 1689 2739 et
1744 2676 2137 2741 Percennios
2184 2689 2249 2741 et
2298 2677 2383 2759 Q.
2426 2678 2779 2746 Lutatium

437 2784 802 2849 Diodorum
853 2795 916 2848 et
970 2785 1055 2849 A.
1105 2781 1454 2849 Claudium
1502 2795 1565 2849 et
1614 2781 1737 2848 Cn.
1778 2784 2163 2870 Pompeium
2203 2785 2557 2853 Philonem
2608 2787 2779 2873 (Cic.

437 2893 502 2958 in
546 2894 734 2958 Verr.
772 2893 891 2969 IV,
941 2895 1012 2957 11
1061 2903 1127 2957 et
1175 2893 1247 2959 17
1287 2902 1351 2958 et
1390 2893 1525 2975 22),
1568 2893 1682 2978 qui
1723 2895 1857 2958 fere
1902 2893 2171 2959 Sullana
2212 2906 2419 2960 aetate
2462 2897 2781 2963 videntur

439 3021 584 3065 esse
649 3002 832 3067 faeti:
899 3001 1074 3067 unde
1133 3023 1298 3086 quae
1353 3001 1495 3066 eius
1552 3001 1927 3087 provinciae
1987 3002 2281 3068 condicio
2340 3016 2498 3089 post
2566 3008 2777 3093 legem

439 3108 674 3173 Iuliam
719 3109 935 3186 fuerit,
979 3109 1248 3175 eandem
1284 3110 1508 3175 Italiae
1546 3110 1755 3196 ipsius
1784 3120 1929 3174 ante
1956 3132 2098 3174 eam
2122 3111 2327 3177 fuisse
2360 3114 2777 3201 colligemus.

437 3216 790 3281 Pauciores
851 3217 1054 3302 igitur
1119 3218 1186 3281 in
1245 3218 1565 3283 sociorum
1621 3218 1877 3303 oppidis
1938 3219 2113 3284 cives
2166 3219 2499 3287 Romanos
2568 3226 2777 3291 fuisse

435 3323 658 3389 iudico
703 3346 895 3409 quam
939 3324 1008 3388 in
1048 3325 1322 3401 Latinis,
1367 3326 1483 3390 sed
1530 3326 1765 3391 multos
1804 3336 2018 3391 tamen
2050 3346 2170 3390 nee
2202 3326 2393 3392 nimis
2434 3330 2777 3400 difficilem

441 3432 763 3497 civitatem
821 3454 902 3498 ne
959 3433 1060 3499 his
1116 3434 1374 3518 quidem
1433 3436 1641 3501 fuisse
1696 3434 1778 3499 ad
1826 3432 2372 3519 consequendum.
2464 3439 2610 3504 Sed
2655 3442 2775 3509 hoc

439 3538 654 3617 video,
709 3541 994 3605 omnium
1047 3542 1278 3607 horum
1318 3566 1636 3609 novorum
1676 3544 1915 3610 civium
1959 3543 2211 3609 nullum
2252 3542 2429 3608 aliud
2476 3552 2773 3632 potuisse

433 3670 580 3714 esse
625 3650 730 3713 ius
775 3671 968 3734 quam
1017 3672 1261 3727 eorum,
1312 3652 1424 3736 qui
1468 3675 1549 3717 ex
1574 3652 1767 3717 Latio
1813 3664 2014 3728 erant,
2060 3662 2135 3717 ut
2174 3662 2238 3716 et
2277 3652 2419 3719 iure
2446 3654 2771 3725 honorum

431 3766 720 3822 carerent
773 3778 894 3821 nee
949 3756 1192 3824 tribum
1235 3760 1581 3827 haberent:
1644 3761 1757 3846 qui
1802 3772 2015 3827 tamen
2063 3760 2391 3826 domicilio
2434 3784 2523 3827 ex
2568 3769 2772 3851 patria

429 3866 740 3930 translato
801 3865 1046 3932 Romae
1106 3868 1585 3947 consedissent,
1646 3892 1756 3935 eos
1810 3892 1938 3935 non
1986 3869 2200 3935 minus
2248 3893 2445 3954 quam
2488 3871 2767 3941 Latinos

427 3996 546 4059 per
585 3996 851 4040 censum
897 3976 964 4039 in
1009 3976 1218 4041 tribus
1262 3988 1555 4063 receptos
1587 3976 2018 4063 optimamque
2052 3978 2379 4044 civitatem
2401 3980 2767 4049 Romanam

429 4094 808 4149 consecutos
847 4106 990 4149 esse
1035 4105 1288 4151 censeo.
1364 4086 1517 4167 Quo
1562 4086 1629 4151 in
1668 4108 1905 4172 genere
1943 4087 2203 4173 insigne
2246 4090 2622 4175 exemplum
2666 4115 2766 4157 re-

427 4189 634 4254 fertur
675 4191 849 4277 apud
892 4192 1108 4258 Valet.
1153 4194 1331 4259 Max·
1375 4194 1499 4270 ΙΠ,
1536 4194 1596 4271 4,
1625 4196 1663 4259 5
1708 4196 1802 4261 M.
1830 4196 2221 4282 Perpernae,
2260 4218 2389 4261 cos.
2419 4201 2577 4264 anni
2626 4202 2763 4279 130,

427 4298 542 4382 qui
591 4320 738 4363 cum
782 4300 976 4383 paulo
1018 4312 1164 4385 post
1211 4302 1277 4366 in
1333 4305 1793 4387 proconsulatu
1838 4304 2249 4385 decessisset,
2310 4320 2499 4393 pater
2546 4310 2689 4375 eius
2728 4334 2763 4374 a

425 4405 871 4490 popularibus,
914 4409 1088 4492 quod
1131 4422 1353 4477 contra
1394 4412 1577 4498 leges
1624 4414 1945 4481 civitatem
1974 4428 2378 4501 usurpasset,
2417 4432 2756 4486 accusatus
