2917 5017
357 332 484 400 390
1317 342 1489 393 Index
1524 356 1707 394 rerum.

355 502 568 555 Traiani
603 505 928 570 imperatoris
964 507 1184 557 maiores
1225 504 1342 556 340.

355 584 712 651 Transpadani
748 588 1004 637 civitatem
1043 589 1296 652 accipiunt
1333 585 1415 637 38.
1491 587 1570 636 ius
1609 588 1861 638 honorum
1902 588 2157 653 accipiunt
2192 586 2310 639 342.
2355 586 2475 639 343.

356 666 416 719 C.
453 668 744 717 Trebonius
783 682 885 717 cos.
922 683 1042 718 ann.
1076 665 1143 718 45
1180 683 1226 716 a.
1263 666 1380 717 Chr.
1425 666 1544 718 226.
1611 676 1819 733 praetor
1861 668 1981 722 241.

353 747 552 798 tresviri
601 748 726 812 reip.
781 756 943 799 const.
997 764 1100 812 quo
1153 750 1236 799 die
1273 750 1543 814 imperinm
1588 752 1876 816 acceperint
1919 760 1969 801 et
2010 753 2336 817 repetiverint
2376 747 2491 799 194.
2568 748 2687 809 lege

490 829 632 878 Titia
665 836 974 893 potestatem
1010 830 1267 895 accipiunt
1301 829 1417 880 302.

353 910 584 959 tribunus
618 910 784 973 plebis
819 912 1078 960 consulem
1117 918 1255 961 vetat
1291 914 1344 961 in
1377 914 1693 975 provinciam
1732 913 1978 975 proficisci
2008 910 2092 961 64.
2144 911 2419 961 tribunicia
2440 914 2687 973 *potestas

489 992 854 1054 imperatorum
890 992 1146 1055 explicata
1179 990 1298 1043 248.
1371 994 1619 1043 subsellia
1656 994 1925 1043 tribunicia
1961 993 2077 1045 251.
2145 994 2423 1043 tribunicia
2450 998 2687 1055 potestas

488 1078 689 1136 praeter
729 1073 1058 1137 imperatores
1097 1074 1304 1136 nemini,
1346 1076 1430 1139 qui
1469 1090 1573 1123 non
1612 1084 1749 1125 esset
1784 1076 2028 1137 tribunus,
2070 1076 2243 1124 delata
2282 1070 2403 1123 253.
2476 1070 2689 1121 comitia

489 1153 808 1203 tribunorum
846 1152 1056 1205 Caesari
1099 1157 1349 1218 permissa
1386 1155 1504 1210 254.
1566 1172 1743 1208 eorum
1783 1157 2021 1207 sanctitas
2060 1156 2185 1205 urbe
2222 1153 2604 1217 circumscripta
2638 1158 2687 1199 et

489 1234 705 1299 publicis
747 1236 1032 1285 actionibus
1074 1233 1191 1285 254.
1248 1237 1521 1299 collegium
1561 1238 1873 1287 tribunorum
1904 1237 2023 1300 quid
2046 1237 2265 1301 publice,
2300 1237 2421 1301 quid
2444 1233 2688 1299 privatim

490 1314 678 1365 factum
729 1314 798 1365 sit
847 1316 1073 1366 decernit
1115 1314 1230 1367 255.
1309 1326 1559 1383 quatenus
1602 1317 1791 1380 singuli
1832 1318 1949 1366 trib.
1991 1318 2127 1383 pleb.
2168 1318 2419 1366 auxilium
2460 1315 2598 1365 ferre
2640 1320 2689 1362 et

487 1396 800 1447 intercedere
835 1399 1092 1461 potuerint
1131 1395 1250 1448 256.
1323 1413 1499 1448 eorum
1538 1405 1765 1463 potestas
1817 1413 1921 1447 non
1968 1400 2259 1462 pomoerio,
2302 1398 2395 1447 sed
2434 1396 2583 1445 mille
2622 1393 2688 1442 ab

488 1478 613 1527 urbe
645 1478 882 1542 passibus
921 1480 1206 1529 continetur
1241 1476 1357 1531 258.
1429 1494 1603 1529 eorum
1642 1481 1719 1529 ius
1760 1486 1971 1530 senatus
2012 1482 2228 1543 cogendi
2270 1487 2321 1529 et
2358 1481 2417 1527 in
2454 1492 2520 1527 eo
2557 1474 2689 1525 refe·

490 1558 636 1607 rendi
677 1556 796 1607 261.

351 1636 636 1701 triumphus
671 1654 776 1689 non
811 1654 1026 1689 necesse
1063 1646 1143 1689 est
1176 1640 1241 1689 ab
1274 1641 1553 1703 provincia,
1592 1657 1660 1689 ex
1700 1654 1803 1704 qua
1839 1641 2189 1705 triumphatur,
2228 1640 2531 1693 nominetur
2570 1636 2688 1689 116.

349 1726 546 1769 tutores
585 1720 768 1769 dantur
803 1737 836 1770 a
870 1720 1260 1785 municipalibus
1295 1722 1677 1784 magistratibus
1714 1720 1831 1772 281.
1900 1721 2025 1771 iusti
2060 1730 2253 1773 tutores
2293 1720 2415 1773 281.

351 1880 414 1930 C.
446 1881 684 1931 Valerius
715 1880 992 1940 Asiaticus,
1031 1878 1364 1941 Viennensis,
1403 1882 1515 1931 iure
1550 1883 1802 1933 honorum
1838 1885 2060 1933 donatus
2102 1882 2220 1935 333.

351 1960 412 2011 C.
449 1960 686 2011 Valerius
719 1962 952 2021 Flaccus,
991 1958 1192 2011 Galliae
1226 1962 1602 2027 Transalpinas
1636 1979 1845 2029 praeses
1884 1963 1966 2015 45.

349 2042 410 2091 P.
446 2042 684 2092 Vatinius
725 2058 890 2105 augur
923 2042 981 2091 fit
1018 2040 1100 2091 65.
1175 2044 1380 2105 quando
1419 2046 1741 2095 consulatum
1779 2047 1997 2109 gesserit
2035 2043 2153 2095 217.

348 2123 577 2173 Velleius
611 2123 906 2173 Paterculus
943 2123 1230 2188 explicatur
1271 2122 1386 2175 115.
1425 2123 1547 2176 179.
1583 2124 1698 2177 192.
1774 2129 2071 2178 emendatur
2112 2123 2227 2175 121.

350 2203 668 2255 Veronensis
705 2204 1019 2269 reipublicae
1055 2205 1186 2253 ratio
1226 2202 1344 2255 287.

349 2284 410 2336 C.
450 2287 641 2336 Verres
682 2292 923 2349 quaestor
963 2283 1045 2335 44.

242 2427 248 2432 ἢ
347 2366 698 2431 Vespasianus
736 2367 860 2417 Tito
894 2367 1000 2416 filio
1035 2366 1361 2415 tribuniciam
1400 2374 1705 2431 potestatem
1742 2370 1831 2418 dat
1870 2366 1988 2418 265.
2053 2367 2167 2430 lege
2198 2368 2382 2431 accipit
2411 2368 2683 2432 imperium

483 2445 602 2498 299.
677 2448 922 2514 Hispanis
955 2447 1286 2497 Latinitatem
1333 2450 1422 2497 dat
1469 2448 1591 2501 309.
1640 2448 1757 2500 313.
1846 2450 1911 2499 ab
1960 2464 2023 2499 eo
2076 2449 2297 2513 plurima
2344 2450 2535 2514 oppida
2586 2464 2685 2512 per

484 2527 764 2593 Hispanias
799 2530 1158 2592 cognominata
1195 2526 1314 2579 315.

346 2609 574 2657 veterani
627 2611 835 2673 quando
881 2610 1152 2659 honestam
1201 2611 1501 2661 missionem
1551 2614 1839 2675 acceperint
1888 2607 2003 2660 188.
2084 2611 2155 2661 ab
2204 2611 2513 2675 imperatore
2562 2612 2687 2661 solo

485 2690 740 2741 civitatem
777 2693 1030 2758 accipiunt
1066 2688 1183 2741 302.

346 2770 432 2817 via
465 2769 738 2821 Postumia
772 2772 966 2821 munita
1005 2771 1086 2822 10.
1157 2772 1270 2822 viae
1307 2773 1442 2822 aliae
1482 2778 1670 2822 stratae
1711 2770 1795 2821 14.

347 2848 408 2899 C.
444 2850 628 2902 Vibius
662 2852 850 2913 Pansa,
887 2854 1160 2918 proscripti
1195 2854 1348 2904 filius.
1415 2854 1524 2904 eius
1560 2854 1785 2903 honores
1821 2851 1939 2905 202.

345 2930 658 2983 Viennensis
697 2933 868 2985 Gallia
903 2936 1026 2985 olim
1061 2950 1174 2985 cum
1206 2933 1531 2984 Narbonensi
1568 2936 1839 2985 coniuncta
1874 2931 1957 2984 99.

344 3012 564 3074 Vienna,
604 3014 805 3064 colonia
841 3014 1060 3079 Galliae,
1099 3031 1205 3079 quo
1241 3016 1350 3065 iure
1385 3014 1542 3064 fuerit
1578 3014 1695 3065 332.
1731 3014 1851 3066 334.

343 3092 407 3142 L.
442 3094 681 3144 Vitellius
719 3111 900 3147 censor
939 3112 1052 3147 cum
1089 3098 1210 3162 imp.
1249 3096 1469 3148 Claudio
1508 3094 1627 3148 327.

343 3175 403 3223 L.
441 3176 709 3227 Volcatius
746 3178 928 3227 Tullus
970 3194 1122 3242 quam
1155 3179 1469 3243 provinciam
1510 3192 1578 3227 ex
1610 3192 1752 3227 cons.
1788 3176 1978 3227 rexerit
2016 3174 2099 3225 56.

342 3256 498 3306 Utica
529 3258 744 3308 diversis
777 3259 1040 3307 hominum
1077 3260 1350 3322 generibus
1385 3266 1589 3309 constat
1627 3255 1745 3310 288.

1008 4400 1264 4460 Berolini,
1311 4402 1449 4464 typis
1490 4400 1533 4449 I.
1572 4400 1631 4449 F.
1671 4400 1985 4450 Starckii.
