2917 5017
457 337 538 404 88
1113 339 1194 387 De
1235 337 1406 388 Gallia
1442 338 1796 388 Romanorum
1840 340 2121 403 provincia.

455 504 705 570 absenti
750 514 966 589 petere
1000 503 1244 579 liceret,
1289 522 1517 566 verum
1563 499 1753 565 etiam
1793 512 1861 563 ut
1894 502 2280 586 reipublicae
2305 525 2495 567 causa
2520 503 2739 568 absenti

456 623 521 678 et
551 610 894 698 imperium
923 611 1224 676 retinenti
1255 620 1316 674 et
1341 610 1705 696 provincias
1731 611 2001 695 regenti.
2059 610 2283 696 Neque
2314 611 2499 687 enim,
2526 596 2741 697 opinor,

452 721 559 785 lex
605 730 1004 805 praesentem
1049 717 1332 804 profiteri
1367 717 1637 783 iubebat
1683 726 1937 804 propter
1978 722 2295 802 quandam
2340 719 2445 784 vel
2481 720 2742 784 consula-

457 841 564 893 tus
627 828 730 893 vel
785 829 1008 914 populi
1059 827 1332 892 Romani
1386 828 1779 892 maiestatem
1838 836 2029 910 atque
2084 827 2595 913 amplitudinem,
2650 828 2745 892 sed

457 958 597 1000 eam
639 935 724 1000 ob
765 958 1046 1012 causam,
1092 957 1174 1000 ne
1220 936 1748 1001 continuarentur
1788 945 2157 1019 potestates.
2230 937 2529 1021 Ineptum
2566 947 2749 1000 autem
2850 936 2852 984 ἶ

457 1053 612 1120 erat,
656 1040 942 1119 Caesari,
987 1045 1174 1109 cuius
1210 1043 1553 1130 imperium
1592 1065 1673 1109 ex
1706 1043 1853 1128 lege
1884 1045 2206 1108 consulari
2242 1067 2413 1109 anno
2446 1043 2525 1108 50
2555 1043 2749 1118 exiret,

456 1151 580 1216 hoc
639 1151 816 1227 dari,
875 1161 950 1216 ut
1007 1151 1336 1218 absentem
1392 1163 1609 1237 petere
1664 1151 1887 1216 liceret
1944 1157 2183 1237 (neque
2232 1153 2301 1216 id
2350 1153 2406 1218 si
2445 1151 2751 1236 imperium

459 1258 866 1344 deposuisset
916 1270 1028 1323 aut
1075 1259 1293 1345 magni
1352 1259 1613 1324 fecisset
1652 1271 1765 1324 aut
1805 1280 1933 1322 non
1978 1261 2119 1345 ipse
2162 1283 2471 1346 praesens
2512 1259 2753 1344 gratiam

458 1366 664 1452 plebis
721 1367 1028 1452 colligere
1085 1368 1485 1451 maluisset),
1548 1366 1674 1432 nisi
1737 1368 2105 1453 prorogatio
2162 1368 2359 1433 simul
2418 1366 2753 1454 provinciae

459 1475 937 1540 concederetur.
1004 1475 1186 1539 Haec
1227 1475 1432 1560 igitur
1468 1475 1839 1560 prorogatio
1877 1476 1943 1540 in
1981 1476 2317 1562 plebiscito
2355 1476 2463 1540 illo
2504 1476 2603 1539 vel
2637 1476 2755 1559 ipsa
2852 1475 2854 1516 ³

459 1583 814 1669 perscripta
874 1593 1009 1647 erat
1067 1582 1170 1646 vel
1229 1593 1399 1647 certe
1455 1583 1545 1646 ita
1600 1582 2115 1667 intelligebatur,
2183 1595 2257 1648 ut
2314 1583 2595 1648 dubitari
2647 1606 2750 1646 non

459 1701 699 1775 posset.
784 1690 1002 1775 Atque
1059 1690 1184 1755 hoc
1239 1700 1336 1754 est
1393 1691 1751 1772 beneficium
1804 1691 1968 1755 illud
2004 1697 2257 1774 populi,
2328 1691 2507 1777 quod
2563 1691 2753 1766 adimi,

459 1798 585 1863 hoc
634 1808 959 1860 semem-tre
1012 1803 1338 1880 imperium
1357 1847 1373 1874 ,
1433 1799 1612 1884 quod
1663 1821 1744 1863 ex
1794 1799 2063 1886 imperio
2108 1824 2227 1866 suo
2272 1800 2434 1885 eripi
2476 1800 2756 1883 queritur,
2852 1877 2854 1890 Σ

459 1907 763 1971 nimirum
805 1906 896 1982 id,
941 1907 1116 1990 quod
1157 1907 1238 1971 ab
1278 1907 1542 1971 ineunte
1584 1908 1719 1974 Ian.
1766 1907 1915 1971 anni
1960 1909 2061 1984 49,
2107 1931 2255 1974 cum
2292 1909 2556 1973 tandem
2593 1908 2760 1971 dece-

462 2015 615 2078 dere
658 2015 879 2079 iussus
924 2024 1052 2090 est,
1114 2015 1407 2078 futurum
1469 2025 1602 2078 erat
1664 2015 1745 2079 ad
1792 2017 2047 2080 comitia
2090 2017 2459 2082 consularia
2500 2016 2761 2081 eiusdem

463 2123 644 2199 anni,
705 2143 870 2206 quae
931 2121 1190 2186 comitia
1242 2133 1400 2186 tunc
1449 2122 1664 2187 medio
1720 2123 1853 2186 fere
1898 2146 2066 2188 anno
2111 2123 2331 2188 haberi
2382 2123 2763 2190 consuevisse

465 2253 660 2316 supra
715 2227 1048 2293 Ciceronis
1105 2229 1467 2295 testimonio
1526 2230 1889 2296 docuimus.
1996 2231 2103 2296 De
2162 2255 2291 2316 quo
2348 2233 2615 2318 imperio
2667 2253 2764 2294 nec
2854 2263 2856 2276 =

463 2338 610 2422 lege
646 2337 966 2402 consulari
1008 2338 1543 2423 comprehensum
1582 2339 1787 2404 fuisse
1830 2339 2115 2404 omnium
2151 2353 2491 2407 auctorum
2526 2363 2762 2406 consen-

467 2469 580 2510 sus
624 2445 904 2510 ostendit
945 2468 1068 2511 nec
1108 2447 1286 2531 loqui
1333 2459 1547 2512 tamen
1590 2456 1811 2533 posset
1858 2444 2119 2524 Caesar,
2168 2448 2293 2513 nisi
2342 2450 2560 2534 aliquo
2602 2447 2763 2512 modo

466 2555 797 2620 decretum
854 2552 1204 2618 habuisset.
1285 2555 1496 2638 quue
1556 2555 1747 2618 etiam
1803 2555 2057 2639 planius
2118 2578 2199 2620 ex
2251 2557 2332 2622 iis
2388 2557 2763 2644 perspicitur,

465 2683 630 2747 quae
667 2660 901 2725 deinde
935 2661 1018 2725 de
1054 2683 1130 2726 eo
1170 2662 1508 2748 plebiscito
1549 2674 1691 2728 acta
1729 2673 1899 2739 sunt,
1940 2685 2105 2748 quae
2142 2664 2350 2728 omnis
2390 2664 2545 2731 belli
2586 2662 2767 2729 civilis

467 2769 869 2834 occasionem
927 2769 1376 2854 praebuerunt.
1480 2771 1648 2835 Nam
1712 2794 1860 2836 cum
1924 2783 2199 2836 exeunte
2266 2774 2610 2838 consulatu
2668 2791 2765 2834 suo

466 2879 818 2964 Pompeius
866 2879 948 2942 de
990 2879 1130 2943 iure
1175 2880 1667 2964 magistratuum
1713 2880 1925 2965 legem
1972 2880 2258 2956 tulisset,
2307 2903 2473 2964 qua,
2518 2903 2597 2945 ne
2638 2901 2766 2944 con-

468 2987 873 3052 tinuarentur
912 2997 1290 3072 potestates,
1349 2999 1412 3052 et
1453 2997 1823 3072 praesentes
1866 3009 2121 3064 omnes,
2175 2989 2217 3052 i.
2257 3011 2314 3054 e.
2356 3000 2552 3054 exuto
2594 2985 2769 3072 magi·

471 3107 696 3171 stratu,
758 3096 1043 3180 privatos
1102 3105 1320 3181 petere
1383 3097 1793 3160 consulatum
1854 3108 1915 3160 et
1972 3097 2411 3181 quinquennio
2458 3109 2605 3184 post
2646 3117 2770 3159 eum

469 3204 836 3289 provincias
879 3201 1092 3267 sortiri
1130 3203 1351 3280 iussit,
1411 3225 1566 3267 casu
1610 3203 1874 3280 accidit,
1925 3215 2001 3268 ut
2040 3202 2384 3271 Caesarem
2428 3203 2767 3271 nominatim

472 3311 768 3396 excipere
823 3306 1346 3386 oblivisceretur,
1407 3333 1679 3394 seroque
1722 3333 1791 3375 re
1836 3312 2287 3378 animadversa
2324 3324 2521 3399 atque
2561 3337 2600 3376 a
2631 3309 2769 3376 Cae-

475 3420 635 3483 saris
677 3419 897 3482 amicis
941 3418 1349 3503 reprehensa,
1390 3428 1731 3504 postquam
1770 3421 1876 3484 lex
1915 3420 2043 3485 iam
2083 3422 2149 3485 in
2192 3427 2514 3490 aerarium
2546 3418 2768 3486 condita

474 3537 628 3602 erat,
675 3547 958 3591 errorem
996 3526 1348 3612 corrigeret
1393 3523 1606 3611 (Suet.
1640 3524 1828 3592 Caes.
1864 3551 1918 3592 c.
1946 3529 2059 3605 ‘283
2104 3529 2236 3594 Dio
2262 3525 2450 3594 Cass.
2477 3529 2633 3604 XL,
2662 3522 2763 3605 56).

475 3634 697 3717 Quare
741 3633 1056 3700 dubitatio
1101 3635 1417 3719 quaedam
1460 3635 1735 3701 existere
1782 3647 2047 3722 poterat,
2093 3659 2173 3701 an
2196 3637 2608 3722 plebiscitum
2634 3631 2769 3698 illud

475 3742 750 3828 amplius
811 3765 928 3827 pro
981 3753 1117 3806 rato
1173 3742 1545 3807 habendum
1602 3754 1807 3822 esset,
1866 3767 2059 3828 quam
2106 3742 2349 3810 Caesar
2401 3756 2473 3808 ut
2530 3744 2771 3814 tolleret,

473 3850 555 3915 ab
611 3859 840 3916 senatu
895 3872 1060 3914 anno
1102 3851 1176 3916 51
1225 3852 1447 3937 petiit,
1502 3864 1575 3917 ut
1617 3864 1871 3939 praeter
1909 3853 2075 3937 legis
2118 3853 2477 3919 consularis
2522 3851 2771 3939 spatium

473 3981 822 4044 parumper
875 3959 998 4024 sibi
1051 3959 1394 4045 imperium
1447 3963 1553 4028 vel
1593 3962 1937 4026 universae
1987 3958 2239 4026 Galliae
2288 3962 2389 4026 vel
2432 3961 2629 4047 partis
2672 3956 2771 4020 ali·

477 4067 664 4131 cuius
705 4079 1160 4154 prorogaretur
1197 4070 1403 4156 (App.
1428 4069 1577 4136 bell.
1610 4070 1734 4136 civ.
1758 4070 1847 4147 H,
1885 4070 2019 4153 25),
2059 4069 2361 4134 nimirum
2400 4079 2473 4133 ut
2507 4068 2587 4134 ab
2622 4061 2769 4130 Idib.

475 4173 642 4240 Now
683 4176 835 4240 anni
873 4177 956 4242 50
1000 4199 1208 4262 usque
1251 4177 1335 4242 ad
1375 4179 1633 4244 comitia
1676 4177 2039 4244 consularia
2083 4177 2232 4242 anni
2279 4177 2357 4242 49
2404 4173 2770 4262 provinciam

475 4284 750 4350 retinere
789 4305 864 4349 ac
907 4294 1042 4348 tum
1086 4286 1414 4351 absentem
1457 4297 1676 4372 petere
1725 4288 2131 4352 consulatum
2166 4285 2409 4351 liceret.
2496 4281 2624 4348 Sed
2668 4278 2765 4344 ob-

481 4392 639 4459 stitit
669 4390 968 4460 Caesaris
1007 4393 1362 4460 condicioni
1403 4394 1499 4460 M.
1526 4394 1873 4460 Marcellus
1912 4393 2160 4470 consul,
2204 4394 2316 4480 qui
2348 4415 2491 4460 cum
2518 4388 2765 4457 maximo
