2917 5017
816 305 899 354 De
939 308 1201 357 dictatoris
1238 307 1476 359 Caesaris
1515 311 1817 360 honoribus.
2349 310 2473 377 259

108 464 475 531 adiectam
520 486 661 531 esse
710 468 999 553 Augusti
1042 468 1444 545 sententiam,
1489 490 1618 553 qua
1638 492 1790 534 reus
1815 471 2278 540 absolveretur.
2337 474 2474 542 Sed

112 586 341 637 vetus
400 574 509 639 ille
564 598 701 639 mos
762 587 897 640 erat
954 575 1339 641 iudiciorum
1384 576 1822 643 Romanorum
1883 603 2094 666 neque
2149 583 2357 647 ullum
2403 584 2472 647 in

108 704 211 745 eo
260 683 691 769 praecipuum
736 680 1025 769 Augusti
1066 684 1171 747 ius
1212 684 1480 769 reperiri
1519 696 1746 771 potest.
1811 688 1968 764 Alii,
2009 690 2062 753 si
2095 713 2226 755 uno
2253 691 2471 776 plures

115 790 676 867 condemnarent,
728 791 1029 856 dixerunt
1071 792 1363 879 Augusti
1404 794 1782 859 sententiam
1827 794 2314 863 absolventibus
2355 800 2473 864 ad·-

112 900 379 963 iectam
423 900 643 983 itaque
685 922 869 963 reum
913 900 1284 965 absolutum
1326 924 1490 965 esse.
1551 901 1721 967 Vide
1767 901 1960 969 Gust.
2005 902 2196 971 Geib.
2243 906 2326 971 de
2369 907 2472 971 iu-

114 1008 335 1072 diciis
390 1008 831 1073 Romanorum
874 1030 943 1093 p.
986 1009 1129 1073 368.
1216 1006 1351 1073 Sed
1398 1019 1473 1073 ut
1521 1009 1588 1072 in
1631 1010 1740 1074 illo
1783 1012 2054 1089 nullum,
2097 1014 2188 1079 ita
2229 1015 2296 1078 in
2349 1015 2473 1081 hoc

114 1117 343 1181 nimis
402 1116 715 1201 exiguum
772 1116 1062 1201 Augusti
1116 1114 1221 1181 ius
1266 1126 1422 1192 erat,
1467 1118 1572 1181 cui
1617 1140 1768 1183 cum
1813 1118 1894 1183 de
1937 1122 2496 1207 appellationibus-

115 1225 486 1290 iudicandi
552 1248 807 1290 summa
859 1236 1141 1311 potestas
1191 1225 1425 1289 tradita
1481 1236 1672 1302 esset,
1726 1227 1924 1291 unius
1981 1231 2331 1296 sententiae
2373 1233 2472 1297 fe-

115 1334 386 1397 rendae
446 1333 551 1396 ius
608 1332 745 1396 dari
809 1355 1035 1419 parum
1100 1333 1542 1397 conveniebat.
1629 1334 1856 1419 Neque
1915 1338 2174 1402 omnino
2223 1360 2304 1403 ne
2348 1340 2473 1405 hoc

118 1442 411 1524 quidem
460 1452 591 1506 tam
636 1464 753 1526 pro
796 1441 957 1517 iure,
1000 1440 1177 1524 quod
1224 1440 1533 1526 Augusto
1563 1441 1786 1507 datum
1829 1444 1931 1519 sit,
1974 1465 2169 1527 quam
2211 1468 2326 1530 pro
2369 1447 2471 1511 iu-

122 1550 469 1614 diciorum
512 1549 1011 1614 commutatione
1055 1547 1277 1612 haberi
1318 1548 1534 1626 debet,
1577 1571 1741 1633 quae
1786 1550 1840 1615 si
1883 1562 2038 1615 tunc
2079 1553 2246 1619 facta
2283 1566 2473 1630 esset,

122 1679 270 1721 non
317 1669 571 1723 tantum
620 1658 795 1745 apud
852 1658 1153 1733 Dionem,
1196 1657 1313 1721 sed
1370 1658 1562 1723 etiam
1605 1657 1780 1743 apud
1826 1660 2061 1724 multos
2105 1660 2266 1726 alios
2311 1664 2471 1729 scri-

122 1778 365 1852 ptores
420 1776 1043 1831 commemoraretur.
1128 1764 1347 1846 Quare
1405 1764 1724 1830 caleulum
1781 1765 2118 1831 Minervae
2165 1768 2472 1855 Augusto

126 1876 382 1939 datum
414 1875 509 1938 sic
557 1874 771 1958 potius
814 1873 1126 1959 intelligo,
1169 1883 1241 1936 ut
1291 1873 1582 1958 Augusti
1626 1874 1822 1938 unius
1867 1876 2182 1940 sententia
2229 1878 2314 1941 ad
2357 1877 2472 1943 ab·

130 1983 535 2049 solvendum
574 1992 823 2046 tantum
862 1981 1167 2057 valuerit,
1210 1993 1522 2065 quantum
1557 1981 1952 2071 reliquorum
1989 1983 2272 2047 omnium
2301 1984 2472 2051 iudi-

128 2116 293 2157 cum
338 2090 688 2157 sententiae
737 2090 779 2153 i.
806 2112 863 2153 e.
892 2100 965 2153 ut
1004 2090 1439 2154 condemnatis
1488 2090 1809 2155 remittere
1851 2091 1910 2155 ei
1947 2114 2222 2178 poenam
2254 2092 2474 2159 liceret

130 2212 343 2285 atque
386 2222 497 2265 eos
532 2201 601 2262 in
642 2199 969 2282 integrum
1010 2199 1367 2263 restituere.
1429 2198 1660 2283 Neque
1701 2199 1782 2262 de
1829 2199 2078 2263 calculo
2117 2199 2472 2279 Minervae,

130 2310 259 2394 qui
300 2308 559 2393 proprie
612 2307 885 2382 dicatur,
930 2306 1345 2393 cogitandum
1388 2329 1532 2371 esse
1570 2307 1710 2391 ipse
1746 2306 1880 2371 Dio
1907 2306 2248 2390 significat,
2295 2309 2474 2373 simi-

129 2417 489 2483 litudinem
526 2427 776 2481 tantum
819 2416 1163 2500 quandam,
1198 2437 1365 2499 quae
1392 2415 1578 2479 facile
1623 2424 1905 2500 apparet,
1949 2434 2473 2483 commemorans.

134 2528 251 2591 Ac
314 2526 517 2591 fuisse
569 2524 871 2590 omnibus
932 2524 1425 2610 imperatoribus
1486 2525 1612 2588 hoc
1655 2521 2200 2588 restituendorum
2233 2547 2475 2610 „eorum

136 2636 257 2720 qui
319 2634 721 2699 condemnati
782 2644 983 2708 erant,
1043 2633 1147 2697 ius
1204 2643 1485 2697 constat:
1553 2630 1868 2717 originem
1923 2631 2169 2698 indicat
2221 2633 2352 2698 Dio
2413 2644 2478 2699 et

132 2743 393 2807 indicat
454 2764 531 2807 eo
586 2744 729 2809 loco
788 2764 990 2826 eoque
1035 2752 1341 2826 tempore,
1401 2738 1640 2824 quibus
1691 2738 1994 2803 facillime
2038 2740 2313 2805 existere
2359 2764 2474 2826 po-

139 2852 353 2917 tuisse
421 2852 737 2918 videatur.
838 2846 1512 2915 Animadvertendum
1579 2856 1794 2909 autem
1871 2846 2060 2909 etiam
2128 2846 2293 2910 illud
2355 2859 2474 2924 est,

140 2960 327 3044 quod
393 2962 671 3021 omnibus
743 2962 992 3020 iudiciis
1067 2954 1155 3019 ait
1216 2954 1260 3018 i.
1318 2979 1373 3018 e.
1441 2975 1568 3017 non
1633 2953 1712 3017 iis
1778 2963 2024 3017 tantum
2043 3000 2062 3029 ‚
2127 2976 2292 3037 quae
2359 2976 2478 3039 per

138 3067 559 3153 quaestiones
614 3076 959 3153 perpetuas
1003 3076 1159 3127 tunc
1212 3070 1684 3137 exercerentur,
1741 3060 1858 3125 sed
1913 3062 2106 3127 etiam
2165 3062 2268 3137 iis,
2311 3083 2474 3145 quae

142 3178 215 3241 in
280 3186 529 3241 senatu.
610 3172 949 3259 Originem
1000 3174 1205 3258 ipsam
1258 3170 1453 3234 huius
1509 3168 1670 3233 iuris
1729 3168 2096 3254 significare
2143 3170 2297 3235 satis
2342 3180 2473 3233 est:

142 3309 283 3371 quo
342 3294 639 3352 caruerat
696 3283 801 3347 vel
860 3303 1121 3367 prorsus
1170 3290 1359 3343 vetus
1405 3276 1758 3364 reipublica
1801 3278 1905 3342 vel
1954 3278 2278 3343 rarissime
2325 3278 2478 3343 olim

144 3418 273 3461 nec
350 3396 487 3459 sine
562 3392 761 3457 totius
830 3390 1105 3456 civitatis
1174 3384 1660 3472 perturbatione
1727 3385 1823 3449 uti
1899 3385 2199 3449 licuerat:
2281 3410 2476 3465 nunc,

150 3526 303 3569 cum
374 3503 721 3588 imperator
778 3512 841 3565 et
894 3500 1065 3564 ultor
1120 3495 1362 3579 ubique
1422 3494 1680 3559 adesset
1737 3502 1801 3557 et
1859 3514 2044 3577 opem
2108 3495 2477 3562 infelicibus

148 3614 293 3699 ipse
320 3612 489 3675 ferre
527 3621 767 3697 posset,
800 3609 981 3693 leges
1012 3605 1305 3670 severius
1332 3602 1764 3668 administrari
1789 3600 2162 3684 iudiciaque
2189 3625 2228 3666 a
2250 3604 2478 3667 factio-

152 3746 315 3786 num
348 3719 588 3793 studio,
611 3740 743 3802 quo
768 3716 920 3783 olim
947 3712 1273 3797 eorrumpi
1306 3720 1792 3787 consueverant,
1823 3708 2084 3773 liberari
2111 3720 2478 3795 coeperunt.

157 3831 384 3912 Quare
430 3826 607 3913 quod
652 3826 735 3889 ad
786 3826 1093 3888 honorem
1138 3842 1215 3885 ac
1256 3821 1604 3905 potentiam
1647 3817 1940 3904 Augusti
1983 3817 2318 3882 inventum
2360 3830 2478 3895 est,

155 3941 223 4004 id
283 3937 637 4025 plurimum
690 3934 774 3998 ad
811 3931 1121 3996 iustitiam
1173 3929 1382 4019 ipsam
1436 3928 1850 4011 omniumque
1907 3924 2148 3989 civium
2207 3925 2478 3990 salutem

158 4048 381 4114 valuit.

326 4151 817 4239 Explicavimus
874 4147 1147 4212 alterum
1199 4144 1386 4229 quasi
1430 4141 1812 4209 tribuniciae
1855 4142 2315 4227 imperatorum
2363 4160 2480 4224 po-

161 4264 409 4331 testatis
445 4261 742 4348 gradum,
783 4278 911 4342 quo
942 4255 1066 4320 sub
1094 4265 1309 4319 vetere
1340 4252 1597 4317 nomine
1633 4272 1874 4317 novum
1907 4249 2012 4315 ius
2042 4246 2482 4313 introductum

160 4386 277 4452 est,
318 4392 527 4455 eoque
570 4376 833 4455 accepto
872 4362 1225 4451 Augustus
1270 4384 1419 4429 cum
1458 4358 1676 4425 omnia
1713 4379 1880 4444 quae
1924 4355 2251 4421 obstarent
2289 4352 2482 4419 facile

1949 4464 2023 4531 17
2043 4464 2079 4500 ⁴⁸*
