2917 5017
537 357 655 423 164
1047 361 1130 410 De
1165 357 1337 409 Gallia
1371 334 1729 408 Romanorum
1766 357 2027 421 provincia
2064 356 2335 420 appendix.

436 581 443 586 .
531 519 988 596 Decembrem,
1045 541 1173 604 quo
1231 519 1501 603 epistola
1556 517 1705 582 data
1758 501 1917 593 est,
1950 528 2015 582 et
2068 518 2233 580 inter
2288 517 2540 581 initium
2600 517 2809 580 mensis

533 629 846 705 Ianuarii,
893 650 1026 713 quo
1069 637 1327 692 senatus
1371 625 1629 690 habitus
1672 635 1788 702 est,
1832 626 2271 690 intercedunt:
2330 628 2683 690 referantur
2718 623 2812 688 Ci-

533 739 784 802 ceronis
850 735 1078 802 verba·
1111 735 1190 798 ad
1261 746 1517 821 tempus
1582 743 1841 798 senatus
1895 733 2115 799 habiti.
2222 733 2549 818 Numquid
2605 734 2813 796 rectius

535 843 777 910 Caesar
819 845 1042 908 decem
1083 863 1280 906 annos
1323 843 1617 928 explesse
1660 841 1939 905 dicitur?
2005 841 2243 906 Nostra
2281 841 2541 925 quidem
2580 841 2813 914 ratione,

531 954 643 1037 qui
685 973 814 1016 non
855 952 1158 1036 vulgares
1197 973 1421 1024 annOS,
1468 949 1585 1014 sed
1627 948 1759 1012 duo
1800 948 2258 1032 quinquennia,
2302 972 2577 1033 quorum
2614 949 2814 1033 prioris

533 1083 648 1126 sex
686 1083 886 1145 prope
930 1081 1183 1124 menses
1224 1059 1562 1143 perierint,
1612 1057 2081 1141 intelligamuS,
2140 1067 2203 1120 et
2242 1067 2519 1122 exeunte
2564 1079 2719 1122 anno
2752 1059 2815 1120 5ss

532 1181 596 1232 et
647 1169 907 1232 ineunte
951 1167 1030 1230 49
1088 1166 1310 1230 decem
1357 1164 1507 1229 anni
1548 1164 2038 1249 praeterierant,
2092 1165 2577 1230 Hofmanniana
2616 1177 2814 1236 autem,

531 1277 642 1360 qui
693 1272 832 1340 Cal.
883 1275 1077 1338 Mart.
1132 1273 1282 1336 anni
1343 1273 1421 1336 49
1482 1273 1751 1337 alterum
1808 1273 2321 1357 quinquennium
2378 1272 2593 1348 finiat,
2658 1273 2703 1336 si
2750 1272 2813 1334 de

533 1393 792 1447 senatus
839 1381 945 1446 die
982 1393 1172 1465 atque
1210 1382 1472 1445 ineunte
1512 1404 1731 1446 mense
1768 1381 2071 1446 Ianuario
2117 1381 2265 1445 anni
2306 1380 2383 1446 49
2430 1380 2810 1464 intelligatur,

531 1501 744 1556 tamen
790 1490 922 1554 duo
971 1513 1226 1554 menses
1263 1489 1348 1552 ad
1391 1488 1617 1554 decem
1658 1511 1861 1554 annos
1904 1489 2134 1552 desint.
2220 1487 2399 1568 Quid
2430 1488 2633 1572 igitur
2670 1488 2814 1550 iuvat

531 1610 658 1664 tam
715 1608 1005 1662 contorta
1063 1610 1126 1661 et
1179 1596 1455 1660 obscura
1510 1598 2031 1682 interpretatione
2095 1597 2224 1672 uti,
2292 1597 2347 1659 si
2407 1607 2619 1660 tamen
2675 1595 2852 1678 quod'

532 1706 692 1770 velis
754 1728 884 1770 non
945 1705 1332 1788 assequare?
1427 1705 1563 1769 Sed
1630 1716 1728 1770 est
1789 1706 1982 1770 etiam
2048 1705 2171 1769 hoc
2232 1705 2407 1790 apud
2472 1701 2816 1768 Ciceronem

521 1817 861 1894 praeteriit
899 1825 1134 1894 tempus
1171 1817 1352 1894 legis,
1397 1813 1576 1898 quod
1622 1815 1677 1878 si
1714 1813 1799 1878 ad
1837 1836 2123 1878 mensem
2158 1814 2539 1878 Ianuarium
2580 1814 2719 1876 anni
2758 1814 2817 1876 49

530 1922 881 1998 referatur,
950 1923 1295 2006 quicquam
1361 1921 1860 1986 confirmationis
1924 1921 2158 1986 Dionis
2228 1922 2586 1987 sententiae
2642 1920 2817 1984 afferri

529 2028 944 2094 Hofmannus
997 2040 1209 2114 negat.
1305 2029 1391 2092 Et
1435 2042 1608 2094 reete
1652 2039 1876 2114 negat,
1936 2028 2050 2092 sed
2096 2029 2153 2092 ei
2198 2029 2435 2093 Dionis
2486 2030 2817 2102 sententiae,

531 2156 726 2219 quam
781 2136 920 2220 ipse
981 2135 1103 2200 sibi
1157 2137 1375 2213 finxit,
1435 2160 1564 2202 non
1616 2159 1694 2201 ex
1758 2137 2141 2202 testimoniis
2188 2138 2563 2223 incorrupte
2608 2138 2816 2202 traditis

529 2242 774 2318 effecit,
841 2242 956 2306 sed
997 2243 1116 2318 ita,
1177 2245 1232 2308 si
1273 2244 1860 2330 interpretationem
1906 2245 2109 2321 illam,
2158 2267 2351 2328 quam
2399 2246 2595 2310 modo
2636 2245 2815 2308 redar-

533 2349 815 2434 guimus,
858 2349 1228 2435 probemus.
1309 2351 1446 2416 Nos
1487 2373 1641 2416 vero
1683 2352 1807 2418 hoc
1846 2353 1931 2416 de
1974 2374 2101 2435 quo
2142 2352 2623 2438 disputavimus
2666 2351 2814 2418 Cice-

530 2458 706 2522 ronis
751 2459 892 2522 loco
938 2458 1052 2522 vix
1095 2458 1298 2522 ullum
1343 2481 1683 2524 censemus
1722 2482 1864 2524 esse
1900 2483 2091 2545 posse
2124 2460 2363 2526 certius
2398 2463 2814 2526 testimonium.

529 2575 604 2628 ut
647 2587 867 2630 mense
907 2564 1256 2628 Decembri
1297 2565 1448 2629 anni
1494 2566 1609 2641 50,
1654 2589 1779 2650 quo
1818 2567 2090 2652 epistola
2128 2570 2367 2655 scripta
2401 2581 2537 2646 est,
2586 2570 2815 2633 alterum

533 2669 833 2738 Caesaris
853 2672 1363 2756 quinquennium
1385 2674 1513 2738 iam
1534 2675 1859 2761 expletum
1882 2676 2085 2740 fuisse
2112 2676 2573 2762 intelligamus.
2616 2678 2817 2741 Postu-

527 2781 658 2844 lata
701 2775 1000 2845 Caesaris
1059 2781 1321 2866 exponit
1365 2779 1618 2846 Cicem.
1710 2781 1949 2847 Tenuit
2009 2785 2399 2868 provinciam
2464 2809 2581 2871 per
2628 2785 2814 2847 decem

529 2895 772 2953 annos?
835 2887 1019 2969 Quid
1058 2900 1264 2974 potest
1309 2911 1451 2954 esse
1494 2889 1705 2954 minus
1745 2890 2139 2957 obscurum?
2218 2893 2563 2958 Praeteriit
2599 2902 2818 2975 tempus

530 2995 708 3080 legis·
726 2996 1069 3081 Pompeiae
1095 2995 1409 3072 Liciniae,
1454 3019 1619 3080 quae
1656 3009 1728 3061 ut
1758 2995 2021 3063 Caesari
2052 2999 2545 3084 gratificaretur,
2586 3001 2819 3066 alterum

530 3103 1038 3186 quinquennium
1095 3103 1452 3168 addiderat.
1548 3106 1775 3170 Potest
1836 3127 2177 3170 successor
2234 3106 2395 3170 mitti
2456 3119 2521 3172 et
2566 3106 2817 3170 mittitur.

529 3209 861 3293 Numquid
906 3220 1119 3294 potest
1161 3233 1304 3276 esse
1345 3212 1675 3296 apertius?
1754 3209 1997 3276 Contra
2040 3210 2283 3278 Caesar
2318 3213 2674 3300 impediens
2712 3235 2813 3276 non

531 3317 744 3380 exisse
789 3327 1044 3402 tempus
1091 3339 1281 3381 suum
1327 3329 1539 3404 negat,
1588 3319 1702 3384 sed
1748 3319 1874 3383 ait:
1948 3321 2139 3385 Habe
2182 3323 2308 3386 mei
2355 3319 2661 3388 rationem
2702 3322 2736 3385 i.
2770 3343 2813 3382 e.

531 3422 816 3489 absentis
859 3424 1132 3490 comitiis
1175 3427 1627 3492 consularibus
1672 3428 1821 3492 anni
1863 3428 1961 3492 49.
2042 3428 2225 3510 Quid
2280 3440 2495 3514 potest
2538 3427 2811 3515 expectari

533 3531 794 3607 certius,
837 3554 986 3596 cum
1029 3555 1248 3600 mense
1277 3534 1629 3600 Decembri
1670 3537 1821 3600 anni
1854 3537 1955 3611 50,
1996 3559 2143 3602 cum
2176 3536 2519 3622 imperium
2554 3535 2805 3604 Caesaris

529 3639 802 3715 exisset,
866 3639 990 3705 hoe
1034 3652 1281 3708 tantum
1321 3656 1537 3709 actum
1578 3667 1721 3710 esse
1766 3645 2231 3730 intelligamus,
2286 3658 2505 3711 utrum
2552 3649 2681 3712 eius
2720 3641 2809 3707 ab·

531 3747 730 3810 sentis
783 3768 863 3810 ex
907 3748 1052 3834 lege
1104 3751 1448 3817 tribunicia
1497 3754 1565 3817 in
1614 3755 1951 3818 consulatu
2006 3755 2283 3838 petendo
2339 3756 2503 3820 ratio
2558 3749 2809 3820 habenda

527 3862 702 3918 esset
755 3877 976 3922 neone.
1060 3856 1501 3924 Veruntamen
1560 3860 1925 3926 desciscens
1980 3862 2451 3946 quodammodo
2504 3888 2545 3929 a
2594 3885 2659 3927 se
2694 3860 2811 3943 ipso

526 3983 610 4026 ac
650 3961 908 4026 rediens
951 3985 1048 4040 eo,
1091 3976 1166 4028 ut
1207 3966 1541 4050 epistolam
1587 3967 1669 4032 de
1712 3989 1787 4033 eo
1828 3991 1957 4052 quo
1998 3970 2237 4055 scripta
2280 3982 2379 4036 est
2418 3983 2693 4057 tempore
2732 3968 2811 4029 in-

529 4067 796 4152 telligat,
831 4069 1266 4148 Hofmannus,
1301 4096 1469 4158 quae
1496 4087 1874 4160 sequuntur,
1910 4074 2139 4159 inquit,
2176 4083 2511 4141 exercitum
2538 4088 2609 4140 tu
2628 4076 2811 4138 habeas

531 4178 766 4239 diutius
807 4190 994 4259 qu‘am
1029 4184 1298 4260 popul-us
1341 4186 1525 4246 iussit
1562 4187 1761 4246 invito
1804 4194 2045 4258 senatu,
2097 4185 2441 4271 perspicue
2488 4182 2809 4270 significant

529 4294 818 4348 extremo
857 4306 1024 4349 anno
1053 4286 1134 4350 50
1171 4287 1423 4372 imperii
1464 4300 1721 4374 tempus
1770 4291 2059 4355 nondum
2113 4292 2320 4358 fuisse
2374 4293 2804 4376 circumactum·

529 4391 700 4456 Aliis
737 4391 819 4456 sit
852 4391 976 4458 hoc
1006 4394 1443 4479 perspicuum,
1487 4397 1675 4461 nobis
1700 4398 1962 4482 quidem
1992 4411 2268 4490 nonest.
2332 4401 2413 4466 In
2444 4396 2803 4466 coniunctivo
2830 4465 2832 4470 .
