2917 5017
465 338 589 405 274
1073 343 1158 392 De
1193 343 1391 405 legibus
1425 342 1819 406 municipalibus
1855 343 2163 407 Hispanicis.

463 504 531 567 in
565 504 648 568 iis
689 513 754 568 et
790 502 1158 567 Latinitatis
1199 513 1264 567 et
1304 502 1801 587 municipiorum
1841 504 2109 567 mentio:
2156 526 2313 566 num
2343 502 2549 589 igitur
2578 524 2769 563 unum

464 612 678 677 afferri
717 621 926 697 potest
962 610 1294 697 oppidum,
1339 610 1517 695 quod
1558 622 1622 674 et
1654 610 1959 674 Latinum
2004 611 2211 676 fuisse
2252 626 2315 675 et
2356 609 2775 693 municipium

463 720 770 806 appellari
813 732 1074 797 constet,
1121 731 1268 784 ante
1308 719 1541 784 Iuliam
1578 718 1839 803 quidem
1876 718 2107 803 legem,
2147 742 2275 803 qua
2305 720 2535 783 civitas
2566 717 2779 781 Italiae

465 827 618 892 data
659 828 800 893 est?
886 829 1094 893 Immo
1138 837 1284 913 post
1323 849 1461 891 eam
1504 826 1683 911 ipsae
1718 827 1884 903 illae,
1931 849 2097 911 quae
2135 828 2285 892 olim
2322 827 2617 891 coloniae
2660 826 2785 888 La-

464 936 634 1001 tinae
688 937 973 1013 fuerant,
1038 936 1190 1020 quia
1241 935 1497 999 civitate
1548 934 1925 1024 utebantur,
1986 958 2175 1021 saepe
2220 958 2258 998 a
2299 934 2519 999 multis
2566 932 2787 1018 appel-

463 1043 678 1109 lantur
723 1044 1070 1129 municipia
1127 1065 1336 1128 neque
1381 1043 1793 1108 Latinitatem
1855 1044 2196 1129 quisquam
2254 1041 2506 1130 putabit
2552 1042 2651 1106 ita
2689 1042 2791 1104 illo

465 1164 750 1237 tempore
803 1174 946 1217 esse
1001 1162 1342 1228 mutatam,
1401 1162 1477 1215 ut
1522 1174 1661 1215 eam
1706 1173 1871 1236 quae
1916 1150 2223 1216 haberent
2268 1152 2543 1237 oppida,
2608 1162 2789 1213 antea

463 1283 594 1325 non
644 1271 908 1347 possent
959 1260 1264 1346 appellari
1316 1259 1696 1344 municipia,
1752 1270 1976 1344 postea
2014 1272 2299 1345 possent.
2388 1259 2546 1340 Quo
2594 1280 2786 1340 argu-

465 1378 678 1433 mento
745 1368 906 1453 quid
964 1379 1175 1453 potest
1231 1368 1499 1453 cogitari
1558 1367 1795 1431 certius
1858 1378 2049 1451 atque
2112 1368 2195 1433 ad
2257 1366 2787 1453 persuadendum

464 1475 720 1560 aptius?
801 1476 1047 1541 Verum
1103 1475 1404 1540 nolumus
1461 1475 1623 1540 haec
1678 1485 1967 1561 tempora
2020 1476 2341 1561 explicare
2360 1523 2377 1551 ,
2442 1475 2695 1559 quibus
2740 1475 2793 1538 si

463 1582 612 1666 quis
655 1583 980 1670 duplicem
1021 1584 1195 1649 illam
1239 1583 1737 1669 municipiorum
1781 1593 2095 1660 naturam,
2140 1594 2215 1647 ut
2256 1598 2369 1648 aut
2402 1583 2649 1647 Latina
2684 1594 2795 1645 aut

466 1690 722 1756 civitate
776 1691 1066 1756 Romana
1117 1692 1358 1755 fuerint
1418 1695 1597 1774 (nam
1650 1692 1803 1777 quin
1865 1692 2327 1776 antiquissimis
2388 1692 2795 1777 temporibus

466 1798 655 1862 etiam
709 1798 822 1883 qui
877 1800 1054 1864 cives
1109 1822 1238 1864 non
1295 1811 1513 1865 essent
1566 1797 1964 1885 municipum
2026 1812 2237 1864 tamen
2296 1800 2439 1864 iure
2485 1800 2595 1863 usi
2646 1801 2795 1875 sint,

464 1928 595 1971 non
637 1930 952 1993 negamus
992 1908 1192 1993 idque
1239 1930 1321 1973 ex
1364 1908 1490 1972 alio
1531 1908 1813 1992 quodam
1858 1930 2096 1993 genere
2144 1931 2287 1973 esse
2332 1908 2795 1993 intelligimus)

463 2052 550 2063 --
591 2016 708 2079 sed
755 2017 810 2080 si
847 2016 994 2099 quis
1039 2016 1363 2102 duplicem
1408 2017 1583 2081 illam
1626 2016 2121 2101 municipiorum
2160 2018 2473 2081 rationem
2521 2016 2793 2080 florente

463 2122 756 2187 libertate
799 2122 1280 2209 deprehendere
1313 2124 1435 2189 sibi
1466 2124 1781 2200 videatur,
1828 2126 2122 2189 maximis
2152 2125 2557 2210 argumentis
2584 2124 2789 2187 refelli

462 2231 716 2315 poterit.
784 2231 845 2295 N
847 2252 976 2295 unc
1013 2253 1160 2295 cum
1193 2232 1262 2295 in
1296 2232 1697 2317 imperatoris
1723 2233 2077 2297 Domitiani
2116 2244 2319 2297 aetate
2360 2254 2789 2307 versaremur,

463 2338 778 2425 imprimis
839 2340 1036 2404 Plinii
1103 2340 1543 2405 auctoritatem
1610 2339 1997 2424 putabamus
2062 2364 2207 2405 esse
2276 2340 2789 2415 examinandam,

465 2446 704 2532 quippe
748 2447 860 2530 qui
903 2457 967 2511 et
1007 2447 1513 2531 Hispanicorum
1551 2448 1784 2511 horum
1826 2460 2389 2512 monumentorum
2430 2469 2641 2533 prope
2690 2472 2791 2513 ae-

465 2552 672 2637 qualis
715 2554 946 2617 fuisset
979 2564 1042 2617 et
1073 2576 1152 2617 ex
1193 2550 1601 2639 publicarum
1643 2554 2008 2621 tabularum
2046 2555 2175 2619 fide
2212 2556 2500 2620 universi
2538 2556 2793 2643 imperii

464 2660 736 2727 Romani
796 2661 1292 2745 descriptionem
1355 2662 1775 2739 instituisset3
1808 2664 2333 2729 -memineramus
2388 2664 2581 2727 etiam
2648 2688 2795 2728 eum

463 2770 534 2833 in
573 2769 718 2855 ipsa
758 2768 1080 2854 Hispania
1120 2770 1476 2835 enarranda
1516 2794 1749 2857 magna
1791 2794 1986 2836 usum
2044 2794 2188 2836 esse
2243 2772 2615 2853 diligentia,
2684 2774 2796 2856 qui

468 2877 522 2941 si
563 2877 985 2953 consentiret,
1033 2900 1300 2963 gravem
1342 2902 1547 2944 novae
1591 2880 1870 2965 opinioni
1916 2879 2534 2945 commendationem
2582 2883 2795 2945 conci-

464 2984 629 3060 liari,
667 2986 764 3049 sin
805 2985 1195 3062 dissentiret,
1237 3009 1318 3051 ne
1351 2988 1417 3051 in
1447 2989 1703 3053 illorum
1736 2988 2255 3073 interpretatione
2287 2998 2573 3051 erratum
2602 3004 2797 3066 esset,

467 3094 878 3159 vehementer
921 3092 1275 3158 verendum
1319 3117 1463 3161 esse
1505 3096 1909 3161 videbamus.
1976 3095 2159 3177 Quid
2198 3096 2401 3179 igitur
2432 3096 2637 3161 habet
2660 3098 2799 3162 Pli-

466 3201 658 3265 nius?
732 3200 814 3264 In
856 3200 1210 3286 Hispaniae
1248 3201 1551 3267 Baeticae
1590 3205 1985 3282 enarratione
2032 3208 2191 3289 (nat.
2230 3204 2377 3267 hist.
2415 3204 2542 3279 ΙΠ,
2584 3205 2658 3287 7)
2706 3207 2799 3271 sic

468 3308 586 3372 ait:
659 3310 899 3388 Oppida
942 3311 1152 3369 omnia
1193 3332 1451 3372 numero
1498 3314 1730 3375 CLXX
1742 3316 1803 3390 V,
1858 3316 1927 3373 in
1976 3316 2055 3374 iis
2092 3315 2368 3373 coloniae
2410 3316 2529 3387 IX,
2590 3320 2797 3376 muni-

466 3420 631 3497 σφέα
687 3419 844 3489 VIII,
889 3419 1080 3479 Latio
1124 3422 1475 3498 antiquitus
1516 3423 1751 3483 donata
1793 3425 2023 3495 XXIX,
2066 3420 2347 3481 libertate
2400 3423 2493 3494 Vl,
2522 3424 2797 3501 foedere

469 3528 580 3597 111,
615 3526 1024 3604 stipendiaria
1055 3528 1241 3590 CXX.
1315 3526 1471 3611 Ipsa
1511 3527 1671 3591 haec
1711 3550 2011 3613 magnam
2054 3526 2491 3612 suspicionem
2529 3551 2793 3593 movere

469 3629 726 3707 debent,
769 3642 842 3694 ut
883 3632 1233 3719 municipia
1275 3634 1536 3699 diversa
1575 3656 1719 3700 esse
1760 3658 2137 3700 censeamus
2182 3635 2263 3700 ab
2302 3634 2561 3721 oppidis
2601 3638 2795 3702 Latio

468 3740 819 3824 antiquitus
865 3739 1114 3805 donatis
1156 3742 1200 3805 i.
1244 3765 1300 3807 e.
1353 3730 1434 3808 ab
1488 3742 1743 3828 oppidis
1788 3743 2069 3820 Latinis3
2136 3768 2283 3807 nam
2324 3744 2619 3821 Plinius,
2684 3746 2795 3829 qui

467 3845 870 3932 imperatoris
915 3848 1208 3932 Augusti
1241 3848 1703 3935 Agrippaeque
1748 3850 1999 3916 tabulas
2048 3852 2338 3935 sequitur
2394 3864 2587 3936 atque
2644 3854 2791 3917 uni-
2876 3846 2878 3871 ’

469 3976 694 4019 versae
747 3954 1098 4037 Hispaniae
1153 3955 1565 4023 Latinitatem
1626 3958 1709 4023 ab
1770 3958 2171 4044 Vespasiano
2234 3959 2451 4025 datam
2514 3984 2663 4026 esse
2726 3962 2793 4025 in
2876 3948 2878 3957 Α

469 4072 754 4127 extrema
793 4063 1222 4150 descriptione
1261 4066 1501 4143 adiicit,
1542 4066 1897 4151 antiquitus
1940 4066 2171 4131 Latina
2212 4068 2369 4133 dicit
2412 4091 2489 4133 ea
2528 4069 2791 4155 oppida,

467 4190 632 4254 quae
675 4181 822 4235 ante
861 4171 1332 4258 Vespasianum
1381 4195 1458 4238 eo
1503 4174 1641 4238 iure
1683 4175 1957 4250 fuerant,
2004 4172 2153 4239 dato
2188 4175 2339 4240 olim
2375 4175 2461 4241 vab
2484 4176 2787 4261 Augusto

465 4279 760 4356 maxime,
807 4290 956 4365 post
999 4281 1184 4345 cuius
1225 4291 1515 4366 tempora
1555 4280 1719 4345 nihil
1755 4281 1823 4345 in
1868 4281 2223 4368 Hispaniae
2267 4284 2649 4349 condicione
2690 4285 2783 4349 vi·
2877 4306 2878 4357 ὲ

467 4386 656 4451 detur
695 4409 839 4452 esse
879 4399 1230 4465 mutatum,
1284 4412 1495 4473 neque
1540 4390 1883 4475 quicquam
1924 4388 2077 4456 hinc
2122 4390 2317 4456 debet
2359 4393 2615 4479 colligi,
2656 4416 2779 4479 quo
