2917 5017
551 1500 644 1576 A.
701 1500 825 1575 W.
871 1500 1386 1580 ZUMPTIUS
1439 1505 1931 1584 LECTURIS
1994 1535 2051 1586 s.
2100 1535 2177 1609 p.

187 1793 396 1910 Quas
453 1847 738 1909 virorum
795 1847 1136 1912 doctorum
1196 1846 1681 1913 benevolentiae
1736 1853 2245 1918 commendaturi
2304 1877 2529 1921 sumus

185 1949 270 2014 de
334 1951 599 2016 selectis
663 1955 1116 2040 antiquitatum
1168 1955 1605 2020 Romanarum
1667 1959 1987 2044 capitibus
2042 1960 2528 2046 disputationes,

183 2059 304 2122 etsi
355 2060 668 2126 videmus
723 2061 1368 2128 commentationibus
1415 2043 1867 2152 epigraphicis,
1912 2090 2186 2154 quarum
2237 2067 2369 2134 duo
2412 2089 2529 2133 vo-

182 2167 442 2232 lumina
487 2169 636 2232 olim
687 2170 1036 2248 edidimus,
1073 2173 1543 2257 propemodum
1588 2195 1732 2240 esse
1776 2177 2040 2252 similes,
2086 2199 2292 2261 pauca
2316 2188 2528 2242 tamen

183 2278 665 2361 praemittenda
725 2302 868 2344 esse
913 2281 1324 2366 putavimus,
1345 2303 1473 2346 non
1520 2293 1595 2375 ut
1635 2284 1947 2348 rationem
1990 2297 2275 2350 nostram
2329 2305 2527 2368 quae-

183 2386 372 2450 rendi
427 2409 922 2474 exponeremus,
971 2411 1136 2473 quae
1183 2389 1238 2453 si
1291 2388 1372 2454 iis
1425 2390 1539 2474 qui
1581 2390 1811 2455 harum
1852 2390 2203 2456 litterarum
2250 2392 2527 2458 studiosi

185 2507 340 2558 sunt
399 2495 670 2580 placuit,
729 2495 1150 2580 expositionis
1211 2520 1338 2562 non
1397 2510 1567 2583 eget,
1628 2498 1685 2563 si
1738 2520 1869 2564 non
1920 2499 2183 2585 placuit,
2238 2499 2525 2566 oratione

181 2615 412 2668 nostra
471 2605 710 2690 gratior
755 2605 896 2670 fieri
948 2629 1076 2670 non
1127 2616 1360 2690 potest,
1404 2606 1519 2672 sed
1566 2619 1639 2672 ut
1678 2619 1743 2672 et
1786 2619 2071 2672 veterem
2114 2629 2358 2672 morem
2408 2605 2525 2672 ob·

184 2733 626 2790 servaremus,
679 2724 744 2778 et
799 2713 960 2798 quid
1010 2715 1076 2778 in
1139 2736 1394 2799 quaque
1449 2714 1887 2801 disputatione
1944 2716 2147 2780 secuti
2210 2735 2524 2791 essemus,

182 2819 478 2885 breviter
523 2821 1056 2906 significaremus.
1139 2819 1493 2908 Coepimus
1536 2824 1801 2908 quidem
1850 2823 2011 2890 haec
2058 2822 2336 2889 scribere
2378 2833 2524 2888 ante

181 2941 502 3013 quattuor
553 2931 686 2993 fere
748 2953 980 2996 annos:
1041 2953 1208 3016 quae
1263 2953 1412 2995 cum
1461 2943 1688 3016 postea
1729 2932 2292 3017 locupletaremus,
2352 2951 2525 2996 oom-

180 3059 604 3122 poneremus,
665 3038 1150 3112 adornaremus‚
1215 3059 1406 3124 saepe
1466 3059 1583 3102 nos
1640 3059 1877 3123 magna
1930 3038 2245 3104 dubitatio
2306 3037 2524 3115 subiit,

183 3169 288 3224 an,
329 3169 505 3232 quae
550 3145 784 3226 Latine
831 3169 912 3211 ex
957 3147 1428 3212 consuetudine
1472 3158 1693 3212 nostra
1741 3146 2192 3225 scriberemus,
2232 3147 2356 3212 hac
2399 3147 2523 3210 lin-

189 3276 318 3339 gua
357 3265 584 3319 nostra
622 3255 944 3319 communi
984 3253 1374 3320 Germanice
1415 3256 1659 3320 narrari
1702 3267 2075 3342 praestaret.
2159 3254 2326 3320 Nam
2368 3253 2522 3320 olim

187 3363 416 3450 lingua
465 3363 701 3429 Latina
739 3364 934 3428 huius
979 3365 1236 3452 generis
1283 3363 1770 3430 existimabatur
1810 3386 1953 3430 esse
1986 3362 2263 3450 propria,
2290 3372 2363 3426 ut
2390 3383 2521 3428 non

187 3471 298 3555 qui
338 3494 418 3536 ea
451 3483 765 3549 uteretur,
799 3472 1239 3549 excusatione,
1277 3472 1392 3536 sed
1421 3472 1533 3556 qui
1560 3493 1689 3536 non
1716 3482 2027 3552 uteretur,
2050 3469 2521 3556 vituperatione

189 3577 436 3666 dignus
481 3601 628 3645 esse
679 3581 1012 3646 videretur
1053 3603 1348 3666 quaeque
1389 3580 1673 3665 antiquis
1716 3578 2117 3666 temporibus
2166 3589 2309 3644 acta
2350 3588 2521 3656 sunt,

192 3689 244 3752 si
311 3689 582 3773 antiquo
641 3711 936 3754 sermone
995 3700 1490 3774 exponerentur,
1550 3710 1627 3752 ea
1681 3709 1847 3772 quae
1902 3696 2283 3772 argumento
2332 3686 2521 3752 unice

193 3795 586 3872 conveniret,
645 3798 856 3862 forma
907 3797 1111 3860 electa
1161 3817 1306 3860 esse
1357 3807 1715 3882 putaretur.
1806 3795 1999 3860 Nunc
2041 3805 2287 3860 mutato
2341 3815 2521 3860 more

191 3905 454 3990 plurimi
501 3905 693 3970 etiam
737 3904 823 3968 de
867 3903 1356 3988 antiquitatibus
1410 3903 1677 3968 tradunt
1722 3903 2137 3970 Germanice:
2184 3903 2297 3988 qui
2336 3902 2521 3968 Lati-

191 4036 338 4080 nam
397 4014 754 4080 orationem
815 4023 1094 4088 servant,
1151 4034 1228 4076 eo
1289 4033 1487 4098 prope
1540 4012 1785 4076 redacti
1846 4021 2017 4088 sunt,
2072 4022 2147 4075 ut
2196 4034 2340 4078 eam
2392 4034 2521 4077 non

193 4123 494 4209 publicae
535 4121 849 4197 utilitatis,
897 4120 1011 4184 sed
1063 4120 1162 4185 sui
1203 4119 1545 4186 cuiusdam
1580 4118 1781 4184 studii
1806 4131 1919 4186 aut
1950 4119 2279 4184 doctrinae
2304 4130 2520 4184 osten-

195 4233 428 4298 tandae
494 4251 692 4294 causa
749 4229 1025 4314 elegisse
1085 4228 1446 4292 videantur.
1526 4228 1749 4294 Habet
1804 4239 2017 4293 tamen
2072 4245 2193 4292 sua
2248 4236 2521 4310 utraque

199 4341 400 4404 oratio
463 4338 818 4404 commoda.
895 4337 1060 4406 Nam
1117 4336 1352 4400 Latine
1409 4337 1765 4402 scribentes
1816 4356 2203 4419 quamquam
2248 4333 2521 4398 dubium

199 4469 326 4511 non
388 4459 508 4524 est,
565 4447 720 4530 quin
775 4469 816 4510 a
857 4445 1082 4530 paucis
1127 4444 1388 4509 omnino
1443 4454 1843 4529 expetamur,
1887 4467 1926 4508 a
1965 4439 2380 4528 paucioribus
2422 4440 2522 4504 in-

2032 4551 2067 4587 *
2083 4552 2119 4587 ss*
