2917 5017
483 346 604 411 190
990 349 1074 399 De
1115 346 1286 399 Gallia
1320 346 1669 397 Romanorum
1708 346 1969 411 provincia
2000 344 2275 411 appendix.

480 513 655 578 visse
717 511 1019 587 concedi,
1085 510 1198 595 qui
1261 509 1402 575 dies
1461 532 1595 573 non
1656 509 1883 595 procul
1943 506 2199 573 abesset
2261 506 2345 572 ab
2406 504 2544 573 Cal.
2596 508 2763 572 Mart.

483 622 670 703 Quae
724 643 916 704 quam
971 621 1214 685 incerta
1265 628 1328 682 et
1385 616 1759 683 blandiendi
1820 617 2029 701 magis
2080 638 2274 701 quam
2317 616 2763 681 demonstrandi
2863 684 2866 699 Ξ

481 752 678 796 causa
723 731 851 795 sint
893 729 1248 813 disputata,
1309 748 1438 790 non
1482 748 1649 811 opus
1692 736 1789 789 est
1828 726 2063 789 dicere.
2146 725 2469 809 Equidem
2512 723 2631 789 sub
2666 725 2765 787 im-

479 837 880 924 peratoribus
939 840 1116 917 (nam
1167 834 1481 899 libertatis
1538 832 1833 897 exeuntis
1884 842 2089 899 aetate
2134 833 2295 897 haec
2330 832 2413 897 ad
2462 831 2767 897 arbitrium

479 948 927 1032 imperatorum
986 945 1156 1008 facta
1207 964 1351 1007 esse
1403 943 1545 1026 ipse
1599 941 2069 1007 Mommsenius
2123 943 2387 1023 fatetur)
2445 940 2769 1005 voluntario
2861 1022 2862 1027 ἵ

482 1054 684 1119 milite
746 1053 1110 1118 constitisse
1157 1050 1449 1135 intelligo
1508 1048 1797 1134 legiones
1815 1096 1832 1125 ,
1894 1049 2185 1115 delectus
2226 1049 2309 1114 ad
2358 1048 2768 1123 necessitates,
2861 1042 2862 1055 ²

479 1184 752 1247 quarum
807 1161 1026 1225 nullus
1074 1171 1288 1225 certus
1331 1158 1475 1235 dies
1522 1180 1665 1223 esse
1710 1167 1953 1242 potest,
2016 1156 2372 1233 adhibitos3
2442 1156 2771 1219 voluntario
2859 1148 2861 1157 ἶ

479 1282 694 1335 autem
745 1269 927 1333 militi
982 1267 1200 1332 nullus
1256 1265 1396 1330 dies
1451 1265 1775 1331 ineundae
1835 1265 2097 1329 militiae
2156 1277 2368 1350 potest
2428 1262 2772 1348 praescribi.

481 1377 818 1443 Missionis
857 1377 1132 1460 denique
1169 1396 1515 1439 concessae
1540 1384 1797 1459 tempus
1820 1372 2133 1438 extribus
2163 1375 2473 1459 exemplis
2510 1375 2681 1458 (nam
2702 1383 2775 1435 tot

481 1487 790 1569 citantur)
837 1484 1089 1561 definiri
1129 1484 1372 1568 nequit,
1417 1505 1539 1548 nec
1578 1483 1789 1559 video,
1832 1504 1950 1546 cur
1989 1482 2249 1546 omnino
2288 1493 2509 1547 certus
2554 1480 2689 1543 dies
2724 1480 2776 1542 in

483 1616 560 1659 ea
601 1616 672 1659 re
715 1604 1010 1659 servatus
1051 1592 1152 1657 sit.

648 1702 1088 1767 Veruntamen
1141 1710 1316 1763 esto:
1385 1698 1625 1763 fuerint
1664 1694 1804 1762 Cal.
1848 1698 2043 1762 Mart.
2098 1697 2189 1762 ita
2245 1698 2419 1783 apud
2472 1698 2777 1763 Romanos

483 1809 890 1885 observatae,
947 1819 1022 1872 ut
1076 1807 1158 1872 iis
1185 1828 1192 1839 ·
1215 1805 1444 1871 militia
1496 1816 1561 1870 et
1608 1806 1882 1871 iniretur
1922 1829 1963 1871 a
2000 1806 2311 1871 militibus
2362 1807 2683 1892 gregariis
2734 1816 2781 1867 et

483 1918 946 2003 deponeretur:
989 1916 1147 2000 quid
1183 1916 1306 1979 hoc
1347 1915 1620 2000 pertinet
1666 1914 1749 1978 ad
1792 1914 2222 1990 centuriones,
2260 1916 2653 1999 praefectos,
2689 1912 2782 1975 tri-

481 2024 714 2101 bunos,
753 2024 1045 2108 legatos?
1127 2023 1354 2107 Neque
1398 2023 1567 2088 enim
1605 2022 1781 2107 quod
1822 2022 1993 2087 cadit
2028 2022 2093 2085 in
2133 2022 2298 2100 illos,
2338 2022 2519 2087 idem
2562 2032 2783 2107 oportet

483 2134 713 2199 cadere
766 2133 832 2196 in
887 2133 1028 2197 hos.
1112 2131 1310 2197 Velut
1365 2131 1557 2195 hodie
1609 2132 1674 2195 in
1738 2141 1959 2195 nostra
2000 2130 2255 2194 civitate
2302 2131 2505 2196 moris
2552 2142 2681 2205 est,
2728 2140 2783 2192 ut
2861 2125 2866 2131 ”

482 2242 586 2307 bis
641 2262 760 2327 per
810 2263 1050 2305 annum
1107 2240 1288 2304 statis
1343 2239 1577 2304 diebus
1628 2238 1917 2303 delectus
1972 2237 2360 2316 habeantur,
2442 2239 2567 2327 sed
2624 2259 2783 2301 nemo
2865 2272 2866 2275 κ

481 2360 820 2436 propterea
873 2349 1316 2413 centurionum
1377 2359 1440 2411 et
1495 2346 1901 2412 tribunorum
1956 2358 2021 2411 et
2072 2348 2438 2433 legatorum
2488 2346 2786 2432 stipendia
2861 2368 2866 2403 ·÷

483 2457 564 2523 ab
603 2458 839 2523 iisdem
885 2456 1116 2522 diebus
1159 2456 1485 2522 numerari
1525 2454 1933 2519 existimabit.
1996 2454 2131 2519 Nec
2170 2456 2511 2521 dissimilis
2554 2466 2653 2522 est
2677 2455 2786 2517 Ro-

485 2588 710 2631 manae
757 2565 1018 2629 militiae
1057 2565 1218 2629 ordo
1257 2565 1380 2629 sub
1423 2561 1917 2648 imperatoribus
1957 2574 2149 2641 certe,
2206 2563 2329 2628 sub
2372 2564 2619 2651 quibus
2662 2584 2788 2627 cum
2848 2568 2863 2642 ξ

483 2674 800 2738 exercitus
859 2696 900 2737 a
937 2670 1422 2757 magistratibus
1472 2682 1923 2755 separarentur
1938 2718 1955 2747 ,
2014 2682 2205 2756 prout
2251 2672 2629 2757 imperatori
2672 2670 2790 2755 pla-

485 2782 759 2858 cuisset,
821 2780 1126 2866 praefecti
1183 2780 1287 2845 vel
1341 2780 1761 2845 sumebantur
1812 2779 1917 2843 vel
1972 2778 2478 2864 deponebantur.
2590 2778 2791 2859 Quare

483 2888 732 2955 etiamsi
789 2888 870 2953 de
931 2888 1244 2963 militibus
1301 2888 1651 2973 gregariis,
1708 2886 1969 2971 quando
2024 2887 2259 2952 milites
2316 2887 2457 2952 fieri
2506 2888 2789 2961 solerent,
2862 2910 2865 2945 ε

484 3007 824 3074 constaret,
870 3019 998 3060 non
1045 3006 1440 3081 sequeretur,
1492 3008 1568 3059 ut
1606 2995 1835 3059 eodem
1875 3005 2161 3080 tempore
2207 2996 2513 3061 consules
2536 3006 2603 3059 et
2625 3016 2789 3081 prae-
2861 3020 2864 3053 ι

483 3116 655 3170 tores
703 3115 766 3169 et
807 3115 1036 3189 postea
1075 3105 1274 3189 legati
1315 3104 1555 3189 quique
1603 3102 1709 3166 alii
1753 3102 2145 3167 exercitibus
2182 3112 2523 3188 praeerant
2536 3148 2557 3179 ‚
2606 3101 2790 3186 impe·
2861 3126 2864 3163 3

483 3212 652 3277 rium
696 3212 988 3276 inissent.
1065 3212 1286 3276 Huius
1324 3222 1539 3275 autem
1578 3210 1673 3275 rei
1714 3210 2187 3274 Mommsenius
2240 3211 2493 3274 nullum
2541 3230 2789 3296 prorsus
2862 3236 2864 3269 ε

485 3330 936 3405 argumentum
993 3319 1235 3395 attulit,
1297 3319 1411 3384 sed
1468 3330 1791 3403 tamquam
1850 3317 2027 3381 nulla
2083 3317 2399 3383 dubitatio
2462 3338 2789 3405 superesse
2862 3344 2864 3363 ι

484 3439 707 3515 posset
721 3474 738 3503 ,
799 3427 974 3511 quod
1033 3427 1102 3491 in
1167 3425 1481 3491 militibus
1538 3425 1953 3511 praetorianis
2007 3435 2293 3512 tempore
2348 3426 2789 3511 imperatorum
2862 3451 2865 3489 τ

484 3536 798 3621 reperisse
857 3533 980 3599 sibi
1035 3534 1218 3599 visus
1260 3544 1426 3611 erat,
1486 3534 1557 3597 id
1610 3535 1693 3599 ad
1735 3534 2003 3620 imperia
2048 3534 2384 3599 consulum
2432 3546 2497 3599 et
2534 3556 2790 3620 procon·
2862 3558 2865 3625 μ

487 3644 700 3709 sulum
745 3653 808 3708 et
850 3652 1215 3729 praetorum
1259 3640 1603 3706 transtulit.

653 3751 746 3814 At
797 3750 988 3814 etiam
1051 3752 1220 3815 ultra
1273 3748 1699 3834 progreditur.
1778 3748 2033 3815 Iudicia
2048 3796 2065 3825 ,
2120 3748 2333 3834 inquit
2374 3772 2436 3834 p.
2480 3748 2597 3827 21,
2656 3770 2790 3813 con-

483 3858 703 3923 iuncta
763 3867 913 3922 sunt
966 3880 1114 3923 cum
1173 3858 1440 3943 imperio
1457 3904 1477 3933 ,
1536 3878 1735 3941 quare
1786 3858 1839 3922 si
1882 3856 2137 3943 imperii
2180 3867 2395 3922 certus
2435 3858 2701 3943 quidam
2740 3866 2791 3919 et

485 3965 568 4031 ab
611 3965 866 4051 vulgari
909 3966 1206 4031 diversus
1253 3965 1378 4031 fuit
1417 3987 1649 4043 annus,
1692 3966 1866 4029 idem
1901 3966 2103 4030 valuit
2144 3966 2209 4030 in
2246 3966 2527 4031 iudiciis.
2594 3964 2790 4029 Testi·
2860 3986 2862 3989 ⁴

485 4072 696 4137 monia
743 4084 956 4139 tamen
1004 4073 1126 4139 hac
1182 4074 1250 4137 in
1296 4095 1367 4137 re
1409 4095 1679 4157 prorsus
1719 4073 1949 4139 deesse
1990 4074 2112 4150 ait,
2172 4074 2361 4158 quasi
2400 4096 2637 4160 magna
2674 4072 2792 4136 ulla
2860 4106 2862 4163 }

485 4181 770 4247 attulerit
826 4182 906 4245 de
963 4181 1254 4266 imperio.
1373 4182 1511 4247 Sed
1566 4192 1949 4267 argumenta
2003 4191 2217 4246 tamen
2271 4182 2589 4266 quaedam
2642 4202 2787 4255 esse,
2860 4198 2862 4215 ³

485 4290 662 4354 unde
701 4290 1094 4355 iudiciorum
1135 4312 1212 4355 ac
1247 4288 1454 4354 litium
1492 4290 1883 4376 principium
1922 4312 1963 4353 a
1982 4286 2125 4355 Cal.
2150 4290 2405 4357 Martiis
2442 4290 2595 4355 duci
2630 4286 2786 4375 apud

487 4397 810 4463 Romanos
871 4397 1288 4462 consuevisse
1343 4398 1743 4483 colligamus.
1822 4398 2161 4484 Praetores
2224 4399 2393 4463 enim
2451 4397 2783 4485 praefuisse
