2917 5017
739 343 821 391 De
858 342 1056 404 legibus
1098 342 1491 405 municipalibus
1532 341 1843 404 Hispanicis.
2318 336 2440 403 285

118 529 250 571 non
299 517 594 593 expertes
641 506 844 569 fuisse
889 502 1116 577 Gaius,
1165 502 1350 567 cuius
1388 500 1587 565 verba
1628 524 1824 586 supra
1863 502 2221 577 citavimus,
2268 502 2443 566 dicit.

122 614 240 679 Sic
307 616 510 699 igitur
567 615 648 677 de
707 613 1240 677 Malacitanorum
1287 608 1873 694 Salpensarumque
1926 610 2155 673 incolis
2204 621 2445 675 statue-

119 746 292 799 mus,
355 746 484 799 eos,
536 721 832 806 quamvis
881 720 1190 803 suffragia
1243 719 1324 783 de
1367 716 1849 802 magistratibus
1896 718 2153 792 ferrent,
2199 718 2281 781 ad
2318 718 2443 793 ,ho-

117 854 316 895 nores
362 832 536 917 ipsos
582 852 708 893 non
753 850 894 891 esse
939 828 1276 891 admissos.
1353 826 1649 907 Quorum
1694 848 1839 889 cum
1881 825 2059 902 haec,
2098 849 2289 909 quam
2331 849 2443 889 ex-

117 938 499 1023 posuimus,
561 937 756 1001 fuerit
810 936 1004 1011 ratio,
1062 935 1376 1019 numquid
1439 934 1653 1010 habet,
1712 934 1887 1018 quod
1934 934 2293 1018 municipes
2334 946 2446 998 aut

119 1047 387 1111 civitate
431 1046 720 1110 Romana
759 1054 872 1107 aut
916 1044 1260 1107 Latinitate
1300 1066 1456 1107 usos
1505 1065 1645 1106 esse
1693 1042 1962 1105 doceat?
2024 1040 2096 1104 Si
2138 1041 2258 1107 hac
2300 1054 2443 1105 ute·

117 1166 380 1229 rentur,
408 1154 706 1236 quoniam
743 1152 969 1215 incolis
1003 1163 1242 1235 partem
1290 1151 1568 1232 aliquam
1612 1150 2003 1233 reipublicae
2045 1151 2208 1214 tra-di
2250 1152 2448 1215 semel

119 1261 479 1345 placuerat,
533 1282 804 1343 aequum
853 1271 987 1323 erat
1042 1282 1168 1323 non
1219 1259 1298 1323 iis
1343 1258 1537 1323 modo
1590 1258 1777 1333 tradi,
1824 1257 1935 1341 qui
1988 1259 2145 1342 pari,
2206 1259 2320 1323 sed
2362 1260 2442 1325 iis

119 1370 316 1433 etiam
367 1370 476 1453 qui
527 1370 787 1433 meliore
841 1368 980 1445 iure
1031 1378 1242 1431 essent
1300 1367 1342 1429 i.
1389 1389 1442 1429 e.
1490 1366 1809 1431 civitatem
1852 1366 2205 1431 Romanam
2248 1365 2446 1431 habe·-

117 1488 284 1540 rent.
363 1478 478 1541 sin
524 1477 842 1540 civitatem
886 1475 1252 1560 municipiis
1296 1473 1675 1551 tribuemuS,
1712 1496 1827 1537 cur
1850 1474 2097 1539 incolae
2122 1476 2235 1559 qui
2271 1476 2445 1541 cives

116 1585 400 1649 Romani
447 1596 660 1648 essent
707 1564 813 1647 ad·
834 1584 1216 1668 suffragium
1259 1583 1523 1647 admissi
1566 1583 1713 1657 sint,
1752 1595 2033 1667 apparet,
2076 1583 2156 1645 de
2194 1581 2447 1645 Latinis

116 1695 336 1779 possit
391 1692 692 1768 dubitari,
753 1692 868 1755 sed
927 1692 1226 1776 quoniam
1281 1692 1374 1757 sic
1430 1702 1674 1776 partem
1716 1692 2003 1775 ipsorum
2050 1691 2449 1775 municipum

119 1801 368 1865 Latino
410 1812 656 1865 tantum
702 1802 841 1865 iure
887 1802 1088 1865 fuisse
1133 1800 1545 1865 statuendum
1594 1799 1731 1873 erit,
1762 1798 2005 1863 incolas
2048 1799 2275 1861 eodem
2318 1820 2447 1881 quo

119 1909 232 1973 illa
277 1910 548 1974 inferior
604 1932 752 1995 pars
803 1910 1202 1994 municipum
1249 1920 1382 1973 erat
1429 1908 1569 1971 iure
1616 1906 1939 1993 praeditos
1968 1928 2095 1971 non
2128 1906 2447 1971 contemni

121 2017 488 2101 oportebat.

294 2126 496 2191 Redit
554 2125 754 2211 igitur
805 2126 1010 2189 omnis
1055 2136 1309 2189 nostrae
1355 2125 1745 2208 quaestionis
1789 2123 2134 2188 difficultas
2176 2123 2325 2198 huo,
2377 2134 2451 2186 ut

123 2234 204 2297 de
246 2233 690 2319 municipibus
733 2234 1160 2317 disputemu8‚
1205 2256 1481 2317 quorum
1520 2233 1865 2319 Salpensae
1894 2244 1957 2297 et
1986 2231 2273 2297 Malacae
2318 2232 2449 2294 duo

128 2364 376 2426 genera
415 2342 616 2405 fuisse
663 2342 1106 2425 cognovimus,
1150 2364 1352 2406 unum
1400 2342 1637 2406 civium
1677 2343 2133 2415 Romanorum,
2180 2340 2451 2403 alterum

123 2449 536 2513 Latinorum.
618 2450 810 2515 Hanc
867 2450 1177 2514 rationem
1236 2472 1382 2513 cum
1430 2474 1505 2515 ea
1558 2450 1875 2535 opinione,
1931 2471 2059 2532 qua
2104 2446 2453 2531 municipia

122 2557 352 2621 Latini
408 2558 568 2623 iuris
635 2580 778 2623 esse
841 2559 1130 2643 potuisse
1197 2556 1703 2643 Salpensamque
1762 2568 1826 2623 et
1878 2558 2197 2621 Malacam
2248 2555 2453 2619 fuisse

127 2676 446 2742 statuunt,
495 2690 692 2751 supra
749 2666 1331 2731 demonstravimus
1385 2668 1623 2752 optime
1669 2666 2041 2730 convenire:
2104 2688 2256 2728 num
2304 2686 2453 2729 cum

127 2775 391 2839 civitate
435 2774 726 2839 Romana
767 2797 988 2840 eorum
1036 2776 1392 2851 conveniat,
1428 2774 1701 2839 dubium
1745 2796 1887 2838 esse
1919 2796 2109 2858 posse
2140 2774 2451 2837 videatur.

133 2882 282 2947 Sint
339 2884 508 2947 enim
566 2884 838 2947 fortasse
895 2883 1017 2945 viri
1061 2883 1255 2960 docti,
1315 2884 1426 2967 qui
1482 2882 1831 2968 municipia
1882 2884 1970 2945 ita
2011 2881 2337 2956 definiant,
2380 2890 2457 2943 ut

129 2992 461 3055 neminem
524 2992 590 3055 in
635 2991 716 3055 iis
761 3014 904 3055 esse
961 3002 1183 3075 putent
1224 2992 1347 3055 nisi
1389 2992 1498 3075 qui
1548 2992 1707 3055 civis
1751 2990 2080 3056 Romanus
2126 2990 2227 3053 sit.
2320 2986 2455 3067 Qui

126 3122 259 3165 non
310 3100 521 3163 solum
564 3099 666 3165 his
712 3100 970 3174 tabulis,
1012 3100 1076 3163 in
1121 3099 1358 3183 quibus
1408 3100 1625 3163 Latini
1668 3100 1835 3163 inter
1880 3098 2237 3181 municipes
2278 3117 2455 3160 com-

127 3219 588 3283 memorentur,
651 3208 1043 3283 refellantur,
1101 3208 1216 3271 sed
1275 3207 1463 3271 etiam
1524 3208 1914 3273 coloniarum
1972 3206 2214 3271 ratione
2232 3252 2247 3279 ,
2289 3225 2453 3287 quae

127 3340 164 3380 a
207 3314 400 3379 nobis
455 3316 522 3379 in
580 3325 914 3380 comment.
961 3316 1163 3400 epigr.
1204 3317 1233 3379 I
1276 3340 1340 3401 p.
1386 3316 1507 3382 470
1550 3316 1703 3381 satis
1744 3316 2035 3401 exposita
2074 3326 2189 3378 est.
2277 3311 2457 3375 Nihil

129 3425 305 3487 enim
367 3446 755 3508 magnopere
815 3423 981 3487 inter
1035 3424 1384 3509 municipia
1450 3437 1513 3487 et
1572 3425 1739 3487 inter
1800 3422 2079 3487 colonias
2130 3423 2453 3496 intererat,

127 3543 390 3616 praeter
439 3532 714 3597 nominis
758 3534 1012 3597 inanem
1058 3533 1380 3616 quandam
1429 3533 1727 3619 speciem,
1775 3554 1905 3615 qua
1948 3530 2228 3595 coloniae
2272 3539 2451 3593 ante-

133 3642 368 3706 cedere
422 3641 829 3716 videbantur,
885 3651 947 3704 et
1007 3641 1342 3725 originem,
1400 3665 1529 3726 qua
1582 3640 1865 3706 coloniae
1918 3660 1998 3701 ex
2043 3638 2203 3701 urbe
2244 3638 2455 3701 Roma

134 3761 552 3835 propagatae,
613 3749 962 3833 municipia
1014 3750 1276 3813 aliunde
1323 3750 1524 3813 ascita
1575 3760 1781 3814 erant:
1840 3770 2035 3832 quare
2080 3746 2132 3811 si
2181 3745 2248 3807 in
2302 3745 2453 3819 illis,

133 3881 292 3941 quas
341 3857 597 3922 civitate
645 3858 936 3921 Romana
989 3880 1142 3921 usas
1199 3880 1341 3921 esse
1386 3880 1608 3922 omnes
1650 3857 2033 3931 concedunt,
2080 3877 2207 3917 non
2249 3875 2453 3917 unum

137 3978 266 4031 erat
315 3988 524 4053 genus
569 3966 922 4042 hominum,
985 3964 1100 4029 sed
1152 3965 1340 4050 plura
1386 3964 1527 4028 iure
1588 3964 1863 4041 diversa,
1918 3962 2077 4048 quid
2122 3971 2237 4037 est,
2278 3960 2455 4045 quod

137 4074 196 4139 in
251 4074 659 4158 municipiis,
728 4074 1025 4159 quamvis
1089 4073 1409 4138 civitatem
1467 4072 1805 4148 haberent,
1859 4094 2061 4136 unum
2123 4070 2455 4135 hominum

142 4206 343 4267 genus
399 4206 542 4249 esse
600 4182 962 4267 oportuisse
1006 4181 1346 4247 dicamus?
1436 4180 1581 4246 Non
1626 4181 1949 4265 loquimur
1990 4180 2071 4243 de
2112 4179 2240 4243 illis
2280 4178 2455 4242 colo-

138 4292 386 4355 niarum
445 4290 761 4377 partibus,
823 4312 969 4355 cum
1027 4290 1304 4355 diversis
1361 4288 1757 4375 temporibus
1811 4290 1879 4351 in
1920 4289 2093 4353 idem
2142 4285 2455 4371 oppidum

142 4400 346 4465 coloni
406 4399 672 4464 deducti
726 4410 895 4474 sunt,
954 4398 1128 4463 unde
1186 4398 1521 4463 hominum
1580 4420 1817 4483 genera
1866 4372 2245 4471 enistebant,
2290 4415 2455 4478 quae
