2917 5017
717 364 800 416 De
839 369 1212 432 propagatione
1249 365 1469 416 civitatis
1503 365 1786 416 Romanae.
2289 363 2413 430 349

91 525 166 590 C.
228 525 512 594 Gracoh.
567 551 622 594 o.
673 530 750 595 12
806 532 1023 597 refert.
1117 529 1344 615 Neque
1393 527 1621 593 inutile
1683 527 1808 592 tale
1872 527 2156 594 edictum
2212 531 2415 596 fuisse

88 636 467 713 ostendunt,
509 659 676 722 quae
717 637 892 703 Plut.
941 637 1019 704 C.
1057 635 1333 703 Gracch.
1377 657 1432 700 c.
1461 635 1499 700 3
1544 635 1627 700 de
1666 657 1985 700 concursu
2026 637 2415 715 Italicorum,

87 743 200 826 qui
257 745 534 830 primum
599 744 677 810 C.
719 744 1001 814 Gracchi
1053 745 1448 810 tribunatum
1504 743 1914 820 adiuverunt,
1970 754 2031 808 et
2074 743 2415 829 Appianus

88 849 241 916 bell.
285 852 408 917 civ.
452 854 506 929 Ι,
555 853 630 920 10
681 854 762 918 de
803 854 904 920 Ti.
953 852 1236 919 Gracchi
1281 850 1634 928 tribunatu,
1676 861 1741 917 et
1786 849 2049 918 Sallust.
2078 853 2225 938 Iug.
2252 874 2306 916 c.
2337 853 2417 918 40

87 958 168 1022 de
226 960 566 1044 rogatione
623 962 914 1028 Mamilia
979 959 1226 1046 perlata
1281 969 1561 1037 narrant,
1619 959 1857 1045 quibus
1914 960 2215 1026 omnibus
2257 961 2417 1026 locis

85 1065 254 1130 nihil
299 1077 512 1132 tamen
553 1069 810 1156 legitur,
851 1070 1028 1134 unde
1069 1067 1338 1133 Latinos
1381 1068 1572 1133 etiam
1618 1091 1751 1145 eos,
1799 1070 1911 1154 qui
1956 1091 2155 1134 censu
2202 1069 2270 1132 in
2326 1071 2417 1134 ci-

87 1172 358 1238 vitatem
399 1177 640 1262 recepti
683 1188 898 1244 essent
937 1177 1194 1261 iamque
1238 1199 1388 1240 vere
1419 1199 1538 1262 pro
1580 1176 1835 1242 civibus
1870 1176 2179 1243 Romanis
2220 1177 2418 1244 habe-

84 1293 338 1358 rentur,
375 1285 536 1350 urbe
581 1287 818 1352 eiectos
861 1307 936 1351 ac
982 1285 1238 1350 civitate
1265 1285 1553 1372 privatos
1594 1307 1736 1350 esse
1763 1286 2166 1372 colligamus.
2226 1286 2417 1350 Anti-

85 1392 482 1475 quissimum
527 1393 792 1478 quidem
833 1393 1032 1458 huius
1077 1394 1334 1479 generis
1381 1394 1747 1478 exemplum
1792 1404 1890 1458 est
1930 1393 2105 1480 apud
2140 1394 2417 1479 Dionys.

83 1499 284 1576 VIII,
327 1501 431 1578 72,
486 1502 595 1586 qui
653 1501 737 1567 ab
789 1499 866 1566 C.
915 1497 1144 1567 Cassio
1203 1493 1467 1566 consule
1526 1502 1735 1586 legem
1794 1501 2111 1587 agrariam
2172 1503 2417 1566 ferente

85 1609 438 1674 arcessitos
483 1631 626 1676 esse
671 1609 895 1675 scribit
936 1608 1206 1675 Latinos
1252 1621 1315 1675 et
1356 1610 1679 1674 Hernicos
1726 1611 1823 1673 ἐπὶ
1867 1613 1973 1693 τὴν
2018 1612 2415 1697 ψηφοφορίαν

85 1717 126 1779 i.
173 1739 236 1780 e.
278 1739 404 1782 non
457 1717 540 1782 ad
590 1717 898 1802 suffragia
941 1718 1227 1794 ferenda,
1275 1718 1390 1782 sed
1433 1728 1508 1782 ut
1552 1717 1807 1782 comitia
1842 1717 1909 1782 vi
1954 1740 2029 1784 ac
2076 1719 2418 1804 suffragio-

85 1847 238 1889 rum
291 1826 672 1890 confusione
719 1825 1285 1911 perturbarentur3
1345 1827 1486 1910 ipse
1540 1825 1711 1890 enim
1767 1827 1899 1910 βίαν
1946 1829 2047 1890 καὶ
2099 1849 2417 1912 χειροκρα-

90 1935 254 2009 σίαν,
302 1957 435 2018 qua
477 1931 747 2000 Cassius
795 1934 888 1997 uti
933 1933 1263 2010 voluisset,
1307 1945 1454 1999 ante
1506 1944 1977 2000 commemorat.
2053 1932 2205 2016 Quo
2248 1934 2417 2000 facto

87 2041 348 2127 collega
395 2042 532 2106 eius
580 2041 902 2108 Proculus
960 2039 1314 2126 Verginius
1361 2042 1589 2119 edixit,
1630 2054 1703 2107 ut
1752 2044 1921 2108 intra
1964 2055 2200 2108 cert-am
2246 2042 2417 2108 diem

87 2150 262 2214 urbe-
305 2151 690 2216 excederent
741 2153 798 2212 οἱ
849 2152 928 2234 μὴ
973 2157 1396 2220 κατοικοῦντες
1443 2153 1506 2214 ἐν
1553 2159 1629 2236 τῇ
1672 2153 1873 2230 πόλει,
1918 2165 2139 2218 contra
2183 2152 2417 2218 adhor-

87 2268 272 2322 tante
333 2255 584 2335 Cassio,
634 2267 966 2324 manerent
1005 2257 1073 2323 in
1119 2258 1282 2324 urbe
1341 2261 1400 2322 οἱ
1459 2259 1819 2344 μετέχοντες
1860 2266 1966 2344 τῆς
2016 2262 2421 2328 ἰσοπολιτείας

85 2367 129 2430 i.
161 2389 220 2431 e.
248 2389 382 2432 non
423 2367 535 2452 qui
579 2368 684 2432 ius
727 2367 1022 2452 suffragii
1067 2365 1378 2431 haberent
1418 2366 1569 2448 (hoc
1608 2367 1774 2432 enim
1805 2390 1925 2432 nec
1960 2368 2214 2433 Latinis
2246 2367 2419 2432 Her-

83 2474 390 2558 nicisque
433 2497 515 2538 ex
558 2473 774 2542 Cassii
811 2475 1076 2542 foedere
1117 2475 1322 2540 fuisse
1367 2497 1599 2540 censeo
1644 2498 1785 2553 nec,
1828 2476 1884 2540 si
1924 2476 2176 2552 fuisset,
2206 2476 2419 2541 edicto

85 2582 386 2648 consulis
439 2583 580 2648 iure
639 2605 758 2648 suo
814 2583 1056 2670 privari
1107 2589 1453 2670 poterant),
1508 2584 1624 2650 sed
1667 2584 1906 2671 quibus
1953 2597 2212 2672 propter
2256 2608 2419 2662 eam,

83 2711 262 2775 quae
315 2691 690 2756 ἰσοπολιτεία
735 2692 996 2770 dicitur,
1043 2691 1345 2756 manendi
1383 2691 1452 2754 in
1489 2691 1651 2757 urbe
1674 2693 1779 2758 ius
1804 2703 1994 2758 esset.
2053 2692 2239 2774 Quae
2270 2715 2417 2758 cum

84 2798 178 2864 ita
227 2799 384 2875 sint,
423 2798 490 2862 in
533 2799 634 2864 his
679 2795 1122 2878 eiectionibus,
1179 2823 1345 2883 quae
1389 2800 1471 2864 ad
1516 2810 1769 2886 tempus
1812 2799 2071 2880 fiebant,
2116 2802 2277 2866 nihil
2318 2802 2419 2866 vi-

89 2906 294 2972 detur
341 2929 504 2984 esse,
545 2930 663 2972 cur
709 2908 790 2973 de
835 2909 976 2974 iure
1011 2909 1398 2985 Latinitatis,
1428 2907 1603 2993 quod
1630 2909 2033 2994 exponimus,
2068 2907 2419 2974 dubitetur.

263 3013 567 3082 Alterum
609 3017 940 3082 eiectionis
979 3040 1190 3104 genus
1233 3027 1388 3094 erat,
1421 3036 1583 3081 'cum
1627 3016 1729 3091 iis,
1774 3017 2009 3100 quibus
2040 3019 2109 3082 in
2142 3041 2216 3082 ea
2243 3040 2419 3083 com-

88 3125 338 3190 morari
391 3147 520 3190 non
575 3124 830 3202 liceret,
887 3127 956 3190 in
1009 3136 1394 3212 perpetuum
1451 3125 1611 3190 urbs
1668 3126 2091 3211 purgabatur,
2148 3125 2231 3190 de
2290 3147 2419 3209 quo

87 3255 342 3319 genere
383 3233 690 3299 universo
731 3233 892 3298 dicit
937 3230 1168 3298 Cicero
1213 3235 1294 3300 de
1343 3234 1450 3298 off.
1490 3235 1613 3311 ΙΙΙ,
1661 3236 1769 3298 11:
1836 3237 2009 3298 Male
2052 3238 2263 3311 etiam,
2312 3237 2425 3316 qui

74 3347 453 3423 peregrinos
495 3343 746 3405 urbibus
799 3346 901 3406 uti
934 3344 1262 3424 prohibent
1313 3364 1525 3423 eosque
1564 3347 2006 3418 exterminant,
2054 3355 2132 3407 ut
2174 3346 2423 3406 Pennus

84 3452 276 3532 apud
307 3459 522 3529 patres
557 3461 812 3528 nostros,
861 3455 1094 3532 Papius
1130 3473 1346 3533 nuper.
1431 3455 1595 3515 Nam
1636 3473 1754 3513 esse
1786 3474 1907 3533 pro
1953 3457 2099 3528 ct've,
2138 3455 2249 3532 qui
2274 3453 2421 3512 civis

83 3582 224 3624 non
261 3562 364 3634 sit,
405 3569 640 3622 rectum
685 3569 774 3620 est
815 3581 941 3622 non
980 3563 1180 3634 licere,
1219 3581 1404 3640 quam
1449 3562 1641 3639 legem
1682 3563 1966 3623 tulerunt
1988 3560 2423 3641 sapientissimi

86 3670 374 3730 consules
417 3671 672 3732 Crassus
712 3677 774 3730 et
819 3672 1130 3743 Scaevola,
1177 3689 1294 3729 usu
1337 3688 1479 3730 vero
1515 3667 1682 3730 urbis
1708 3669 2031 3748 prohibere
2066 3668 2422 3746 peregrinos

87 3799 246 3840 sane
289 3777 704 3838 zbzkumanum
767 3787 872 3839 est.
965 3775 1334 3860 Distinguit
1391 3775 1593 3860 igitur
1648 3771 1910 3852 Cicero,
1972 3797 2120 3840 cum
2178 3772 2422 3839 versari

89 3893 568 3969 quaestumque
609 3883 678 3949 in
719 3883 882 3949 urbe
927 3885 1140 3949 facere
1166 3882 1693 3968 prohibebantur,
1729 3885 1841 3969 qui
1878 3906 2007 3949 non
2038 3892 2218 3947 erant
2244 3881 2421 3946 cives

89 3991 398 4068 Romani,
453 4003 516 4058 et
555 4016 705 4059 cum
760 3994 986 4059 civitas
1039 3991 1182 4079 ipsa
1227 3991 1571 4058 artioribus
1612 3993 1798 4076 quasi
1842 3991 2129 4057 terminis
2174 3989 2421 4076 saepie-
2505 4004 2509 4007 ’

93 4100 312 4165 batur.
382 4100 548 4166 llluc
591 4102 912 4186 pertinent
957 4101 1090 4165 duo
1147 4100 1260 4166 illa
1313 4100 1608 4186 exempla
1664 4115 1978 4166 annorum
2026 4100 2141 4165 187
2192 4111 2257 4164 et
2305 4099 2418 4164 177

93 4235 154 4274 a.
199 4205 380 4286 Chr„
441 4231 606 4294 quae
651 4233 846 4296 supra
885 4233 966 4275 ex
1016 4208 1218 4274 Livii>
1245 4207 1621 4274 auctoritate
1676 4208 1867 4274 allata
1910 4219 2082 4284 sunt,
2129 4230 2277 4274 cum
2320 4229 2422 4270 re-

93 4317 562 4382 mittendorum
601 4319 670 4382 in
711 4318 953 4405 oppida
991 4339 1111 4383 sua
1149 4316 1531 4382 Latinorum
1568 4318 1689 4382 hae
1733 4317 1901 4383 duae
1944 4337 2177 4382 causae
2218 4315 2423 4379 fuisse

93 4438 463 4505 narrantur,
507 4427 785 4514 primum
827 4451 910 4492 ne
955 4427 1240 4494 coloniae
1273 4428 1727 4494 desererentur
1752 4427 2183 4512 oneribusque
2210 4425 2423 4490 feren-
