2917 5017
394 230 476 296 40
1054 231 1137 281 De
1174 228 1347 281 Gallia
1384 230 1734 280 Romanorum
1773 232 2052 299 provincia.

391 396 535 461 illas
576 404 803 481 gentes
844 392 1151 458 barbaras
1188 414 1265 457 ac
1302 392 1472 480 feras
1523 391 1636 456 vix
1669 416 1903 479 magna
1927 414 2075 457 cum
2098 394 2390 461 molestia
2425 393 2722 470 domitas,

396 504 541 589 quis
587 512 808 568 censet
853 502 957 566 vel
978 500 1350 566 Latinitatis
1394 501 1502 565 vel
1529 500 1804 566 civitatis
1836 501 2150 567 beneficio
2180 502 2386 567 fuisse
2415 502 2724 567 affectas?

397 610 739 693 Quosdam
781 610 1078 695 populos,
1118 609 1231 693 qui
1272 619 1544 693 utraque
1585 610 1775 674 etiam
1817 609 2011 674 Plinii
2057 620 2344 696 tempore
2382 610 2726 687 caruerint,

394 718 727 784 attulimus
781 718 850 782 in
908 714 1267 782 Comment.
1320 716 1655 803 epigraph.
1694 718 1729 782 I
1789 739 1854 802 p.
1899 716 2054 794 488,
2104 718 2264 783 alios
2319 718 2726 804 apertissime

392 826 636 891 indicat
675 825 845 891 Plin.
890 835 1019 888 nat.
1066 823 1216 889 hist.
1263 821 1399 900 III,
1438 822 1553 900 20,
1597 845 1741 902 eos,
1785 825 1896 909 qui
1939 826 2044 890 vel
2083 826 2258 891 cives
2299 826 2575 891 Romani
2623 827 2728 890 vel

391 934 612 999 Latini
648 943 885 1010 essent,
936 932 1279 1017 separatim
1311 932 1670 1007 nominans,
1716 954 1993 1016 quorum
2035 934 2340 998 maiorem
2363 944 2615 1019 partem
2645 933 2726 999 ab
2783 981 2790 987 .

392 1042 727 1107 Hadriano
771 1042 1033 1105 demum
1076 1062 1152 1104 ac
1196 1040 1508 1125 deinceps
1569 1039 1809 1105 civitati
1851 1040 2178 1107 Romanae
2219 1040 2538 1105 admotam
2580 1064 2728 1107 esse

392 1174 473 1215 ex
516 1150 903 1237 Tergestino
958 1149 1145 1214 titulo
1188 1148 1375 1213 Fabii
1419 1146 1649 1213 Severi
1699 1148 2034 1215 discimus.
2125 1150 2305 1214 Nihil
2357 1150 2559 1235 igitur
2606 1160 2727 1226 est,

393 1260 570 1344 quod
619 1258 810 1323 etiam
861 1266 1009 1342 post
1066 1256 1281 1342 legem
1336 1256 1566 1333 Iuliam
1622 1256 1689 1320 in
1737 1257 2206 1344 Transpadana
2252 1255 2467 1323 Gallia
2518 1256 2729 1321 fuisse

394 1388 709 1453 negemus
759 1365 1054 1451 populos,
1094 1364 1207 1448 qui
1246 1364 1598 1429 Latinitate
1647 1375 1954 1429 carerent.

558 1475 997 1540 Veruntamen
1040 1482 1113 1536 ut
1157 1494 1320 1556 quae
1369 1473 1450 1538 de
1500 1474 1756 1539 civitate
1783 1472 2004 1537 Italiae
2048 1473 2199 1537 data
2224 1471 2729 1558 disputavimus,

392 1582 618 1668 paucis
666 1580 1183 1667 complectamur,
1232 1582 1327 1646 sic
1376 1604 1510 1645 rem
1553 1590 1762 1645 actam
1807 1603 1950 1645 esse
1997 1603 2357 1645 censemuS.
2415 1579 2598 1643 Tulit
2645 1580 2729 1643 L.

395 1687 639 1755 Caesar
683 1712 814 1754 cos.
852 1710 1018 1753 anno
1044 1688 1385 1771 901egem,
1432 1712 1560 1774 qua
1606 1688 1982 1755 consulibus
2023 1700 2084 1753 et
2127 1688 2504 1754 censoribus
2530 1687 2722 1763 iisve,

395 1798 506 1884 qui
552 1798 842 1862 censoria
885 1807 1200 1882 potestate
1248 1810 1482 1875 essent,
1527 1799 1756 1863 liceret·
1792 1820 2012 1862 omnes
2054 1797 2278 1861 Italiae
2320 1796 2488 1860 intra
2513 1796 2726 1881 Alpes

394 1917 459 1971 et
504 1907 736 1970 fretum
774 1903 1071 1969 Siculum
1123 1905 1412 1969 civitates
1433 1952 1450 1981 ,
1515 1898 1707 1992 prout
1763 1926 1928 1989 quae
1990 1905 2071 1968 de
2114 1903 2384 1989 imperio
2427 1904 2732 1969 Romano

394 2014 557 2079 bene
596 2012 969 2088 meruisset,
1028 2012 1095 2075 in
1138 2012 1464 2077 civitatem
1509 2014 1865 2079 Romanam
1908 2012 2215 2097 recipere.
2305 2012 2736 2075 Addiderunt

392 2119 755 2205 insequenti
798 2142 965 2183 anno
1022 2120 1119 2183 M.
1179 2120 1476 2185 Plautius
1537 2118 1842 2185 Silvanus
1901 2131 1963 2184 et
2027 2117 2104 2183 C.
2151 2120 2454 2205 Papirius
2509 2116 2734 2183 Carbo

394 2228 634 2293 tribuni
658 2226 888 2312 plebis,
910 2237 982 2291 ut
1004 2228 1195 2293 etiam
1220 2228 1334 2313 qui
1362 2228 1733 2293 civitatibus
1764 2227 2110 2293 foederatis
2134 2227 2397 2311 ascripti
2427 2227 2730 2303 fuissent,

396 2358 507 2402 eos
543 2334 665 2401 sub
712 2334 901 2400 certis
944 2335 1335 2420 quibusdam
1359 2337 1618 2421 legibus
1654 2336 1911 2401 civitate
1953 2334 2192 2399 donare
2227 2334 2732 2419 permitteretur,

394 2443 667 2508 fortasse
712 2442 901 2507 etiam
947 2443 1029 2507 de
1070 2444 1213 2509 aliis
1242 2444 1632 2520 civitatibus,
1669 2466 1834 2527 quae
1879 2445 2090 2507 minus
2118 2442 2281 2507 bene
2319 2443 2732 2519 meruissent,

397 2552 539 2617 iure
582 2550 759 2615 Latii
805 2549 1145 2615 donandis.
1230 2552 1331 2617 Ita
1389 2552 1711 2617 civitatem
1767 2560 2152 2636 acceperunt
2195 2571 2364 2614 anno
2414 2550 2494 2615 89
2542 2551 2734 2613 multi

396 2659 619 2724 Italiae
678 2658 934 2744 populi,
995 2657 1277 2743 primum
1322 2658 1542 2723 Latini
1601 2668 1889 2735 veteres,
1944 2668 2080 2721 tum
2130 2658 2428 2734 Etrusci,
2487 2658 2732 2723 Umbri

400 2767 605 2852 (App.
649 2764 799 2831 bell.
842 2766 965 2830 civ.
1006 2767 1062 2843 Ι,
1110 2766 1243 2851 49),
1263 2766 1391 2830 >¹alii
1432 2765 1620 2829 etiam
1659 2764 1910 2831 Galliae
1938 2763 2326 2850 Cisalpinae.
2382 2766 2543 2831 Mox
2579 2788 2732 2829 cum

399 2894 637 2959 magna
696 2872 807 2939 illa
858 2874 1297 2938 Marianorum
1357 2883 1421 2938 et
1479 2870 1894 2938 Sullanorum
1960 2873 2282 2939 dissensio
2346 2875 2410 2937 in
2484 2874 2733 2939 bellum

401 2982 740 3067 erupisset,
786 2982 945 3045 dum
983 2982 1237 3066 utrique
1282 2981 1628 3047 amicitiam
1675 2982 1974 3066 viresque
1992 2982 2364 3047 Italicarum
2391 2982 2732 3048 civitatum

399 3089 713 3154 asciscere
756 3090 1046 3173 cupiunt,
1094 3089 1383 3153 certatim
1420 3088 2041 3156 omnibus'Romana
2083 3090 2310 3155 civitas
2349 3091 2566 3156 oblata
2607 3102 2734 3168 est,

399 3206 492 3271 ut,
534 3205 875 3281 postquam
920 3193 1106 3261 Sulla
1141 3218 1358 3261 rerum
1396 3196 1638 3281 potitus
1686 3207 1803 3273 est,
1847 3199 2026 3263 nulla
2069 3200 2377 3264 Italorum
2407 3196 2736 3285 Cispada-

398 3326 758 3389 norumque
803 3304 1028 3369 civitas
1072 3326 1237 3388 quae
1280 3326 1355 3369 ea
1378 3314 1642 3380 careret,
1681 3306 2089 3391 reperiretur,
2131 3307 2201 3370 in
2222 3305 2732 3393 Transpadanis,

400 3412 512 3497 qui
555 3412 929 3477 remotiores
970 3436 1009 3477 a
1035 3411 1203 3478 bello
1249 3422 1441 3497 atque
1481 3411 1630 3477 urbi
1673 3413 1884 3477 minus
1927 3415 2276 3500 periculosi
2319 3425 2517 3491 erant,
2558 3415 2725 3481 aliae

402 3519 659 3585 civitate
720 3530 1087 3599 uterentur,
1140 3520 1302 3585 aliae
1342 3519 1693 3585 Latinitate
1753 3545 1792 3585 a
1829 3518 1952 3586 Cn.
1996 3524 2307 3611 Pompeio
2361 3523 2727 3610 impertita:

400 3650 594 3712 quam
635 3627 1051 3695 Latinitatem
1107 3639 1429 3715 postremo
1478 3629 1755 3694 dictator
1803 3626 2048 3696 Caesar
2096 3633 2164 3696 in
2223 3632 2549 3698 civitatem
2590 3632 2728 3697 Ro-

400 3756 655 3801 manam
702 3737 1038 3813 convertit,
1082 3748 1157 3801 ut
1192 3748 1405 3803 tamen
1442 3738 1632 3801 etiam
1657 3747 1812 3803 tunc
1833 3738 1999 3803 intra
2021 3741 2228 3828 ipsam
2249 3740 2500 3806 Italiam
2529 3764 2729 3825 quos-

403 3842 553 3908 dam
594 3844 868 3929 populos
914 3844 1260 3911 ferociores
1311 3846 1699 3930 relinqueret
1741 3868 1861 3913 nec
1915 3848 2172 3915 civitate
2214 3856 2330 3915 n'ec
2376 3833 2730 3915 Latinitate

404 3949 754 4037 praeditos.
2345 4038 2349 4041 ι

569 4058 829 4123 Etenim
858 4059 942 4125 ad
979 4059 1190 4146 ipsum
1224 4060 1398 4127 hunc
1434 4058 1555 4127 Cn.
1573 4062 1978 4149 Pompeium,
2025 4088 2065 4131 a
2102 4087 2230 4150 quo
2269 4064 2436 4131 hanc
2473 4065 2730 4153 digres-

404 4166 649 4232 sionem
700 4166 1162 4235 instituendam
1218 4190 1360 4234 esse
1420 4170 1789 4258 putavimus
1807 4217 1825 4248 ,
1891 4173 2212 4257 pertinent
2266 4196 2430 4259 quae
2471 4175 2730 4241 Plinius

403 4284 531 4338 nat.
574 4274 725 4341 hist.
770 4275 904 4353 ΙΠ,
947 4276 1067 4355 20,
1128 4278 1248 4345 138
1291 4276 1514 4355 habet,
1571 4277 1642 4343 in
1687 4278 2156 4367 Transpadana
2195 4280 2411 4349 Gallia
2451 4288 2732 4347 civitates
