2917 5017
755 328 837 380 De
871 330 1131 383 dictatoris
1169 332 1405 385 Caesaris
1442 334 1740 387 honoribus.
2281 332 2403 401 243

86 487 227 552 bell.
274 490 403 555 σίν.
440 490 571 569 111,
620 493 766 575 101)
820 494 955 569 alii,
1018 516 1292 579 quorum
1348 498 1652 563 memoria
1705 498 2008 564 incertior
2069 501 2404 586 reperitur.

84 594 485 677 Quaestores
544 611 759 665 autem
813 602 1015 667 fuisse
1067 603 1409 670 traduntur
1463 607 1558 671 Μ.
1601 606 1954 673 Marcellus
1999 606 2403 675 Aeserninus

82 704 237 783 (Dio
273 706 508 783 XLII,
554 709 681 793 15),
726 706 801 773 C.
842 710 1201 775 Plaetorius
1246 713 1425 793 (bell.
1466 714 1656 779 Alex.
1683 716 1815 797 34),
1860 713 2204 781 Cornelius
2226 717 2404 781 Len-

80 813 249 877 tulus
294 814 724 883 Marcellinus
766 815 986 906 (Caes.
1023 817 1171 883 bell.
1214 820 1337 885 civ.
1378 820 1511 897 III,
1549 823 1692 907 62),
1737 822 1838 887 Ti.
1868 821 2188 889 Claudius
2229 824 2403 890 Nero

79 920 289 1007 (Suet.
340 922 492 988 Tib.
537 924 625 1007 4).
723 924 829 989 De
890 926 1207 993 aedilibus
1263 929 1441 994 nulla
1499 944 1792 1015 superest
1849 944 2024 998 certa
2075 934 2402 1011 memoria,

76 1052 189 1095 nec
232 1032 451 1117 magis
497 1031 577 1096 de
618 1032 896 1099 tribunis
938 1035 1179 1121 plebis,
1240 1036 1355 1101 sed
1400 1060 1544 1103 esse
1586 1049 1796 1103 tamen
1842 1052 2087 1106 creatos
2133 1052 2401 1107 constat.

78 1138 265 1202 Anno
330 1152 551 1205 autem
606 1146 682 1211 47
750 1144 1011 1207 ineunte
1069 1144 1229 1207 nulli
1292 1167 1563 1230 prorsus
1631 1148 2044 1234 magistratus
2109 1151 2178 1215 in
2239 1150 2402 1217 urbe

76 1260 285 1325 erant,
358 1272 479 1314 nec
533 1251 831 1316 consules
894 1274 1015 1316 nec
1072 1263 1395 1337 praetores
1457 1276 1578 1319 nec
1628 1256 1868 1323 aediles
1923 1260 2181 1325 curules
2231 1260 2394 1346 (Dio

74 1356 298 1433 XLII,
341 1358 487 1439 27);
531 1358 649 1423 soli
690 1358 933 1423 tribuni
974 1370 1037 1423 et
1073 1359 1313 1425 aediles
1358 1360 1589 1446 plebeii
1629 1366 1994 1431 necessario
2030 1366 2183 1431 facti
2221 1377 2402 1432 erant

76 1478 261 1551 atque
310 1490 354 1529 a
394 1466 589 1531 Dion.
631 1467 858 1544 XLII,
905 1467 985 1532 29
1026 1478 1091 1531 et
1126 1468 1205 1533 30
1245 1484 1842 1537 commemorantur.
1931 1474 2066 1539 Sed
2109 1474 2232 1539 hoc
2275 1475 2400 1538 du-

74 1572 256 1639 bitari
308 1587 541 1662 potest,
584 1599 666 1641 an
707 1586 853 1661 post
892 1575 1169 1640 reditum
1215 1572 1515 1643 Caesaris
1565 1602 1784 1645 mense
1825 1579 2098 1647 Octobri
2143 1582 2402 1647 comitia

78 1685 208 1749 eius
260 1685 475 1771 ipsius
532 1685 679 1750 anni
729 1684 949 1778 habita
992 1707 1110 1749 nec
1154 1685 1368 1751 minus
1416 1698 1776 1772 praetores,
1833 1689 2074 1755 aediles
2119 1691 2396 1769 curules,

76 1804 448 1876 quaestores
490 1791 644 1857 facti
684 1792 813 1857 sint
848 1816 1041 1877 quam
1088 1795 1385 1859 consules
1424 1796 1630 1861 factos
1676 1820 1819 1862 esse
1857 1820 2054 1884 supra
2093 1800 2398 1884 exposui-

76 1925 235 1967 mus.
308 1905 411 1967 Ac
456 1913 671 1967 narrat
714 1902 845 1967 Dio
880 1902 1109 1978 XLII,
1154 1903 1230 1966 51
1286 1909 1403 1966 τῶν
1449 1911 1952 1989 προςεταιριστῶν
1997 1912 2114 1970 τῶν
2161 1930 2226 1969 τε
2267 1930 2396 1970 συν·

76 2018 423 2093 αγωνιστῶν
486 2012 629 2080 τοὺς
686 2014 793 2095 μὲν
854 2012 1186 2097 βουλευτὰς
1246 2013 1604 2096 ἱερωσύναις
1647 2036 1712 2075 τε
1753 2015 1855 2077 καὶ
1900 2014 2122 2099 ἀρχαῖς
2159 2019 2290 2083 ταῖς
2331 2038 2397 2079 τε

76 2121 133 2188 ἐς
162 2124 262 2183 τὸν
308 2124 521 2183 λοιπὸν
565 2126 673 2182 τοῦ
724 2119 899 2189 ἔτους
937 2120 1173 2184 ἐκείνου
1216 2121 1436 2207 χρόνον
1483 2122 1585 2184 καὶ
1629 2126 1753 2189 τοῖς
1799 2120 1862 2191 ἐς
1900 2120 2098 2187 νέωτα
2143 2126 2396 2209 ἀνηρτή-

78 2253 243 2291 σατο.
336 2227 741 2313 Quamquam
784 2251 974 2293 nemo
1016 2231 1126 2313 qui
1172 2231 1618 2315 magistratum
1661 2238 1816 2292 tunc
1853 2232 2148 2313 gesserit,
2188 2234 2396 2297 nomi·

74 2338 207 2402 nari
252 2346 499 2423 potest;
552 2337 873 2422 siquidem
916 2339 1104 2402 etiam
1152 2336 1228 2402 C.
1260 2336 1610 2403 Sallustius
1643 2334 1939 2420 Crispus,
1984 2335 2066 2401 de
2109 2359 2238 2421 quo
2265 2340 2396 2405 Dio

72 2446 311 2522 XLII,
365 2445 446 2510 52
505 2460 753 2522 narrat,
816 2458 1032 2510 utrum
1088 2446 1209 2510 hoc
1264 2468 1345 2510 an
1394 2445 1759 2529 insequenti
1814 2465 1982 2508 anno
2033 2456 2396 2529 praeturam

72 2553 371 2619 habuerit
404 2554 722 2619 incertum
752 2553 1010 2619 videtur
1039 2576 1201 2619 esse.
1270 2551 1373 2618 Of.
1412 2554 1562 2619 bell.
1590 2553 1797 2619 Afric.
1837 2576 1891 2619 c.
1916 2553 1974 2619 8.
2047 2554 2124 2618 In
2156 2576 2397 2621 annum

76 2663 149 2728 46
195 2686 256 2727 a.
296 2660 451 2726 Chr.
495 2662 615 2726 rite
662 2662 915 2726 comitia
952 2660 1170 2726 habita
1212 2672 1363 2727 sunt
1402 2662 1612 2748 priore
1660 2685 1828 2727 anno
1873 2670 2182 2737 exeunte,
2247 2682 2397 2727 cum

74 2771 295 2836 decem
355 2771 638 2856 primum
692 2781 1017 2856 praetores
1073 2770 1227 2833 facti
1282 2781 1431 2834 sunt
1484 2769 1648 2851 (Dio
1688 2769 1929 2845 XLII,
1972 2766 2116 2850 51),
2177 2790 2282 2845 ac,
2339 2771 2396 2835 si

72 2892 434 2965 praetores,
484 2890 657 2944 certe
698 2879 889 2943 etiam
934 2877 1174 2943 aediles
1218 2877 1476 2941 curules
1525 2887 1588 2940 et
1617 2887 2020 2959 quaestores.
2109 2877 2202 2939 At
2245 2898 2396 2941 cum

74 2991 366 3053 confecto
421 2986 591 3052 bello
641 2987 953 3052 Africano
1002 2984 1245 3051 Caesar
1297 2984 1363 3048 in
1414 2984 1800 3069 Hispaniam
1860 2982 2394 3067 proficisceretur,

74 3097 209 3161 Dio
231 3096 491 3173 XLIII,
522 3096 603 3162 28
649 3096 742 3161 sic
771 3094 993 3159 tradit:
1039 3092 1211 3157 Ἐπεὶ
1252 3096 1321 3157 δὲ
1365 3091 1596 3179 ᾔσθετο
1647 3091 1876 3154 ἐκεῖνόν
1911 3114 1975 3153 τε
2013 3091 2084 3177 (i.
2115 3112 2170 3157 e.
2197 3092 2397 3157 Pom-

72 3207 321 3291 peium)
369 3207 467 3267 ἐπὶ
513 3204 669 3288 μέγα
712 3208 1158 3288 προχωροῦντα
1204 3203 1306 3264 καὶ
1354 3199 1498 3268 τοὺς
1538 3199 1930 3283 πεμφθέντας
1985 3200 2104 3286 οὐχ
2156 3200 2398 3268 ἱκανοὺς

76 3318 499 3397 ἀντιπολεμεῖν
558 3309 725 3395 αὐτῷ
781 3310 990 3385 ὄντας,
1054 3310 1217 3372 οὕτω
1271 3310 1344 3391 δὴ
1393 3310 1496 3371 καὶ
1548 3308 1730 3376 αὐτὸς
1781 3308 2240 3392 ἐξεστράτευσεν
2287 3308 2394 3391 τὴν

74 3422 247 3485 πόλιν
296 3426 383 3506 τῷ
426 3420 673 3503 Λεπίδῳ
717 3420 819 3481 καὶ
858 3416 1259 3499 πολιανόμοις
1300 3418 1443 3477 τισὶν
1487 3417 1668 3491 ὀκτὼ,
1713 3416 1797 3482 ὥς
1839 3438 1954 3477 τισι
1999 3416 2189 3493 δοκεῖ,
2231 3418 2270 3499 ἢ
2310 3417 2396 3492 ἓξ,

75 3534 159 3598 ὥς
216 3532 451 3612 μᾶλλον
508 3527 931 3612 πεπίστευτας,
996 3523 1340 3607 ἐπιτρέψας.
1442 3520 1632 3603 Quae
1688 3519 1888 3585 verba
1939 3522 2051 3606 qui
2101 3534 2397 3589 accurate

72 3635 631 3723 interpretabitur,
693 3634 816 3699 hoc
851 3631 1171 3715 intelliget
1204 3630 1489 3695 Dionem
1531 3629 1781 3704 dicere,
1830 3625 2175 3693 Caesarem
2221 3639 2396 3714 post-

74 3768 266 3831 quam
304 3745 535 3809 urbem
572 3740 823 3827 Lepido
865 3762 941 3805 ac
975 3738 1319 3825 praefectis
1358 3736 1698 3812 commisit,
1742 3736 2102 3821 profectum
2143 3760 2285 3803 esse
2329 3737 2397 3801 in

76 3854 495 3941 Hispaniam,
553 3852 917 3937 profectum
972 3858 1187 3913 autem
1241 3846 1450 3911 videri
1495 3846 1704 3911 Roma
1757 3868 1977 3910 mense
2024 3845 2399 3911 Inter-calari

77 3964 288 4048 priore
336 3983 536 4047 supra
588 3958 1025 4045 exposuimus.
1108 3954 1289 4037 Quid
1334 3954 1580 4041 igitur?
1661 3952 1878 4036 Quam
1933 3975 2193 4018 causam
2253 3974 2398 4019 esse

80 4071 393 4147 dicemus,
438 4090 553 4134 cur
593 4064 866 4143 Caesar,
915 4063 1211 4151 quamvis
1258 4063 1429 4127 soliti
1475 4084 1641 4126 anno
1679 4062 1759 4127 46
1803 4071 2022 4127 essent
2064 4061 2219 4127 facti
2261 4084 2398 4126 ma-

82 4179 389 4265 gistratus
406 4226 424 4255 ,
466 4188 793 4262 praetores
834 4184 899 4238 et
936 4172 1177 4238 aediles
1222 4182 1285 4236 et
1326 4182 1730 4256 quaestores,
1789 4182 2002 4235 tamen
2037 4170 2398 4255 praefectos

81 4289 293 4373 potius
341 4283 789 4351 constituerit?
864 4282 956 4347 Ut
1002 4282 1171 4346 enim
1214 4280 1512 4366 opinione
1555 4300 1674 4343 sua
1717 4277 1993 4342 celerius
2033 4276 2262 4341 urbem
2295 4296 2400 4341 re-

80 4396 339 4483 liquerit
382 4418 507 4461 nec
544 4406 799 4481 tempus
846 4390 1249 4456 comitiorum
1291 4389 1361 4453 in
1392 4410 1635 4453 annum
1671 4387 2114 4471 insequentem
2155 4382 2400 4449 haben-

1864 4494 1996 4560 16*
