2917 5017
463 352 582 418 182
973 353 1058 402 De
1089 351 1262 403 Gallia
1297 353 1652 402 Romanorum
1686 352 1949 416 provincia
1984 324 2258 416 appendix.

461 520 864 588 consulatum
909 513 1235 600 explorat?
1285 513 1365 578 Id
1405 537 1488 577 ex
1528 513 1753 580 eadem
1793 511 1903 578 illa
1952 523 2215 578 senatus
2254 513 2623 578 auctoritate
2660 535 2765 577 ex·

459 626 832 714 plicandum
871 644 1016 688 esse
1063 643 1400 688 censemus
1437 645 1559 687 nos
1591 620 1893 706 quidem3
1938 620 2351 686 Hofmannus
2377 643 2442 706 p.
2474 621 2591 686 153
2622 643 2766 686 con-

459 736 628 812 iicit,
684 733 861 818 quod
913 755 996 796 ex
1051 741 1348 816 praetura
1399 730 1645 794 nullam
1706 728 2102 814 provinciam
2152 727 2511 793 habuerant
2578 753 2769 814 eaque

461 841 782 929 praetoria
843 838 1174 925 provincia
1212 848 1358 922 post
1415 837 1823 902 consulatum
1881 835 2187 900 translata
2230 847 2329 900 est
2347 883 2364 912 ,
2418 837 2535 901 sed
2590 860 2771 922 quam

463 948 792 1016 difficilem
845 946 1288 1032 quaestionem
1343 955 1567 1029 tangat
1585 991 1605 1021 ,
1652 944 1911 1010 videtur
1968 943 2237 1024 nescire.
2324 941 2513 1007 Dixit
2575 945 2655 1008 de
2706 968 2775 1010 ea

463 1059 666 1124 multa
705 1055 922 1120 multis
965 1054 1124 1119 locis
1166 1054 1345 1119 Bart.
1389 1052 1793 1138 Borghesius
1851 1073 2085 1136 magna
2126 1071 2274 1114 cum
2316 1050 2677 1117 eruditione
2720 1065 2775 1116 et

467 1166 838 1240 subtilitate,
879 1162 995 1226 sed
1041 1162 1346 1228 adhibitis
1383 1162 1841 1247 imperatorum
1880 1159 2315 1224 Romanorum
2355 1160 2773 1246 temporibus:
2872 1153 2875 1172 ²

463 1299 546 1342 ex
585 1276 698 1340 illa
738 1274 934 1340 unius
981 1271 1130 1337 anni
1173 1269 1503 1335 sortitione
1546 1269 1709 1334 nihil
1756 1267 2179 1334 demonstrari
2222 1277 2449 1353 potest.

631 1383 860 1448 Altera
899 1403 1002 1446 res
1023 1426 1041 1457 ,
1081 1379 1148 1443 in
1184 1401 1314 1462 qua
1339 1378 1801 1463 vituperamur,
1841 1376 2005 1442 levis
2040 1399 2193 1440 sane
2226 1386 2325 1440 est
2356 1397 2475 1440 nec
2506 1397 2777 1440 comme-

467 1502 854 1566 moraretur,
907 1488 1032 1554 nisi
1088 1509 1326 1572 magna
1377 1484 1569 1550 nobis
1620 1485 1877 1550 inscitia
1928 1483 2441 1570 exprobraretur.
2530 1485 2779 1550 Etenim

463 1623 634 1664 anno
659 1599 738 1665 49
766 1595 844 1662 C.
869 1596 1190 1662 Fannium
1231 1604 1607 1679 praetorem,
1644 1615 1771 1658 non
1798 1593 1999 1658 Asiae
2036 1615 2157 1678 pro
2200 1604 2557 1679 praetorem
2586 1596 2781 1660 fuisse
2871 1601 2875 1648 ῑ

465 1709 749 1774 diximus
805 1707 873 1770 in
919 1714 1258 1770 comment.
1301 1703 1502 1788 epigr.
1539 1701 1686 1766 Vol.
1724 1702 1794 1766 II
1831 1725 1896 1787 p.
1940 1702 2083 1778 213,
2124 1712 2463 1786 propterea
2504 1704 2687 1787 quod
2726 1705 2783 1767 in

465 1816 745 1883 nummis
790 1814 1218 1900 appellaretur
1259 1812 1380 1877 PR
1419 1812 1464 1875 i.
1506 1835 1561 1874 e.
1608 1820 1884 1895 praetor.
1972 1811 2065 1876 At
2100 1811 2515 1876 Hofmannus
2560 1833 2631 1896 p.
2680 1812 2784 1876 156

465 1948 584 1990 nos
628 1924 818 1988 docet
861 1943 1050 2006 saepe
1096 1920 1209 2006 qui
1249 1942 1367 2005 pro
1415 1919 1791 1984 consulibus
1838 1931 2074 1996 essent,
2120 1919 2419 1984 consules
2440 1965 2457 1994 ,
2520 1920 2641 2003 qui
2684 1941 2785 2004 pro

471 2030 876 2119 praetoribus
894 2077 913 2106 ,
973 2039 1296 2114 praetores
1357 2049 1501 2092 esse
1564 2026 1935 2111 appellatos.
2021 2027 2209 2092 Nova
2267 2026 2511 2091 scilicet
2566 2049 2679 2093 res
2735 2039 2788 2091 et

465 2162 662 2224 quam
695 2160 814 2202 nos
857 2159 938 2202 ne
981 2135 1180 2202 fando
1223 2134 1487 2220 quidem
1530 2156 1817 2219 unquam
1852 2135 2316 2200 audiverimus.
2380 2134 2787 2219 Quamquam

469 2247 706 2314 vellem
741 2245 954 2310 hercle
998 2243 1164 2308 illud
1207 2243 1290 2308 de
1320 2241 1697 2308 consulibus
1726 2243 2258 2319 demonstrasset3
2303 2242 2490 2308 nobis
2530 2243 2788 2328 quidem

469 2355 728 2421 videtur
768 2377 910 2420 esse
937 2352 1300 2417 inauditum
1341 2351 1596 2436 locique
1632 2375 1797 2437 quos
1824 2353 2030 2428 affert,
2074 2352 2301 2438 partim
2328 2351 2393 2415 in
2419 2351 2788 2416 melioribus
2872 2427 2875 2434 Ι

467 2463 862 2530 editionibus
919 2461 1188 2528 correcti
1251 2471 1432 2538 sunt,
1492 2460 1669 2528 velut
1728 2457 1866 2527 Cic.
1903 2483 1966 2546 p.
2017 2457 2219 2528 Arch.
2264 2460 2335 2536 5,
2390 2459 2631 2545 partim
2679 2460 2791 2523 alio
2873 2463 2875 2467 '

470 2571 810 2659 pertinent.
879 2567 1015 2634 Sed
1057 2591 1138 2633 ne
1165 2581 1493 2654 praetores
1530 2570 1793 2653 quidem
1837 2569 1949 2655 qui
1990 2592 2107 2655 pro
2132 2567 2533 2655 praetoribus
2561 2579 2794 2642 essent,
2859 2571 2868 2676 E

469 2682 538 2746 in
555 2680 836 2746 nummis
857 2688 1028 2744 certe
1051 2699 1338 2762 unquam
1364 2676 1869 2763 appellabantur.
1911 2677 2079 2742 Nam
2104 2700 2269 2763 quae
2298 2677 2595 2761 exempla
2616 2677 2797 2742 affert
2859 2677 2868 2749 ἰ

471 2812 554 2856 ex
577 2787 847 2854 Eckhel.
871 2787 1099 2852 Doctr.
1119 2809 1362 2851 numm.
1381 2785 1554 2871 IVp.
1578 2787 1722 2864 230,
1765 2809 1930 2872 quae
1966 2809 2047 2850 ne
2089 2784 2277 2850 nobis
2313 2784 2579 2868 quidem
2610 2784 2793 2870 igno-

471 2909 536 2963 ta
587 2898 792 2962 fuisse
853 2895 1203 2981 disputatio
1257 2905 1479 2960 nostra
1528 2895 1715 2961 facile
1773 2895 2086 2970 ostendit,
2140 2895 2231 2958 ita
2267 2905 2419 2960 sunt
2456 2893 2685 2970 dubia,
2729 2903 2793 2956 ut

470 3007 566 3071 M.
615 3006 842 3072 Atium
881 3002 1162 3069 Balbum
1205 3025 1357 3069 vere
1399 3014 1779 3088 praetorem,
1826 3001 1897 3068 S.
1928 3001 2238 3070 Catonem
2270 3003 2423 3066 item
2467 3001 2573 3067 vel
2612 3025 2791 3088 prae-

471 3125 674 3180 torem
719 3113 824 3178 vel
867 3114 1268 3199 praefectum
1317 3116 1495 3194 (nam
1529 3135 1650 3200 pro
1684 3123 1978 3198 praetore
2011 3133 2339 3196 nunquam
2378 3110 2533 3194 fuit)
2580 3111 2792 3176 vocari

471 3245 788 3299 censeam,
829 3221 1204 3304 praesertim
1250 3242 1398 3284 cum
1441 3243 1645 3284 unum
1687 3221 1891 3296 illum,
1932 3220 2045 3304 qui
2071 3229 2401 3304 praeterea
2422 3220 2489 3282 in
2514 3220 2790 3286 nummis

473 3327 976 3416 provincialibus
1012 3327 1132 3392 PR
1171 3340 1460 3403 vocatur,
1509 3325 1587 3392 C.
1626 3326 1991 3414 Coponium
2029 3350 2181 3392 vere
2212 3337 2569 3412 praetorem
2592 3329 2789 3392 fuisse

473 3437 946 3504 ostenderimus
1011 3458 1075 3521 p.
1137 3435 1280 3501 214.
1369 3433 1507 3500 Sed
1558 3447 1855 3502 narratur
1906 3436 2096 3502 etiam
2142 3433 2219 3500 C.
2272 3436 2565 3501 Fannius
2622 3437 2788 3522 apud
2869 3429 2870 3432 ¹

476 3542 617 3612 Cic.
661 3545 742 3610 ad
786 3544 924 3609 Att.
967 3543 1128 3622 VH,
1191 3543 1301 3619 15,
1357 3543 1397 3610 2
1435 3545 1503 3608 in
1548 3543 1834 3610 Siciliam
1878 3565 2021 3610 esse
2061 3544 2297 3608 missus
2347 3543 2545 3628 idque
2583 3545 2789 3626 minus
2868 3549 2870 3573 ²

472 3654 660 3720 facile
703 3651 892 3718 nobis
934 3653 1002 3719 in
1047 3675 1147 3729 e0,
1190 3653 1304 3738 qui
1347 3653 1669 3738 propriam
1714 3653 2105 3739 provinciam
2150 3651 2447 3728 haberet,
2506 3663 2640 3716 tam
2683 3675 2788 3737 pe·
2868 3646 2871 3703 ἶ

471 3761 769 3826 riculosis
789 3760 1188 3846 temporibus
1212 3761 1557 3827 videbatur
1583 3760 1873 3827 accidere
1897 3760 2207 3847 potuisse.
2258 3761 2351 3825 At
2385 3760 2787 3826 Hofmannus
2869 3754 2870 3788 ³

475 3867 786 3954 exemplis
827 3868 1046 3934 multis
1089 3868 1298 3936 allatis
1339 3870 1736 3936 demonstrat
1754 3917 1771 3947 ,
1826 3869 2046 3936 multis
2090 3891 2283 3954 saepe
2327 3879 2605 3934 mutatas
2653 3890 2787 3934 esse

474 3977 870 4063 provincias,
911 3976 1130 4042 multis
1186 3987 1366 4042 extra
1409 3977 1703 4042 ordinem
1743 3979 1867 4042 alia
1907 3977 2172 4062 imperia
2218 3977 2496 4042 decreta.
2584 3975 2787 4058 Quasi
2866 4051 2868 4064 ζ

474 4107 630 4152 vero
669 4083 740 4147 id
780 4106 900 4149 nos
950 4084 1394 4162 nescierimus,
1439 4086 1556 4151 sed
1594 4085 1773 4170 quod
1814 4085 2068 4152 facilius
2108 4096 2173 4150 et
2213 4084 2401 4169 quasi
2437 4084 2784 4170 simplicius
2866 4085 2868 4118 ¹

475 4204 668 4268 esset,
715 4193 1118 4277 sequendum
1161 4215 1304 4258 esse
1349 4193 1754 4278 putabamus.
1826 4193 2237 4281 Quamquam
2283 4194 2471 4271 levis,
2510 4206 2583 4259 ut
2624 4194 2785 4259 dixi-

477 4323 645 4376 mus,
686 4309 786 4364 est
827 4323 932 4366 res
975 4324 1178 4388 eaque
1201 4301 1284 4366 de
1311 4324 1441 4388 qua
1467 4303 1626 4368 alios
1656 4302 1841 4368 aliter
1868 4303 2102 4368 sentire
2127 4303 2429 4368 facillime
2455 4303 2779 4389 patiamur,

479 4408 830 4476 dummodo
869 4431 951 4476 ne
989 4409 1470 4476 notissimarum
1512 4433 1729 4478 rerum
1766 4412 2059 4479 inscitiae
2096 4412 2223 4498 ipsi
2271 4433 2639 4498 arguamur.
2866 4405 2868 4428 ⁴
