2917 5017
446 326 529 393 56
1098 331 1183 380 De
1218 328 1389 381 Gallia
1428 331 1782 381 Romanorum
1817 303 2092 395 provincia.

438 494 675 559 habere
714 492 1148 559 arbitraretur.
1238 490 1516 557 Accedit
1531 537 1550 568 ,
1603 490 1780 575 quod
1821 491 1889 555 in
1933 492 2200 573 totidem
2245 516 2446 560 annos
2492 491 2789 578 accepit,

438 602 506 665 in
566 611 724 687 quot
766 602 1117 689 Pompeius
1166 600 1506 686 imperium
1548 599 1938 665 maritimum
1953 624 1972 678 3
2043 612 2171 667 tam
2226 602 2340 667 diu
2395 603 2568 667 enim
2614 623 2794 666 eum

438 708 844 775 Narbonensi
888 708 1141 775 Galliae
1182 708 1542 795 praefuisse
1583 728 1664 772 ex
1703 705 2016 775 Cicerone
2059 732 2124 795 p.
2167 709 2390 775 Planc.
2437 710 2516 776 39
2563 708 2793 773 disci·
2883 700 2885 703 ⁴

440 840 607 895 mus,
652 816 763 882 ubi
800 842 839 883 a
868 840 937 883 se
984 816 1247 882 consule
1272 815 1580 880 Pisonem
1623 836 1774 893 cum
1804 817 2306 902 repetundarum
2348 814 2536 902 (Sall.
2575 814 2795 882 Catil.

440 948 496 991 c.
512 926 622 1009 49)
649 934 1050 1011 argueretur,
1072 926 1161 989 ait
1188 946 1331 989 esse
1360 922 1740 1001 defensum3
1779 926 2172 991 successisse
2197 937 2410 991 autem
2435 927 2493 991 ei
2517 934 2796 991 constat

441 1031 521 1099 C.
561 1032 1022 1118 Pomptinium.
1101 1033 1297 1098 Anno
1340 1032 1421 1097 66
1460 1053 1625 1117 quae
1668 1032 2102 1100 consularium
2145 1034 2628 1119 provinciarum
2673 1033 2792 1097 di-

443 1142 609 1207 visio
684 1140 909 1217 fuerit,
994 1150 1091 1205 est
1171 1140 1536 1206 obscurius.
1655 1137 1791 1204 Sed
1870 1140 1995 1207 hoc
2064 1150 2278 1207 tamen
2355 1150 2604 1207 certum
2679 1152 2796 1207 est

440 1249 555 1313 M.’
596 1248 949 1313 Aemilium
987 1248 1315 1334 Lepidum
1364 1249 1680 1313 mansisse
1724 1247 1986 1325 Romae,
2033 1250 2354 1335 siquidem
2399 1250 2482 1317 ab
2523 1250 2792 1316 Ascon.

442 1381 507 1444 p.
549 1358 631 1423 60
673 1353 877 1421 Orell.
936 1366 1000 1422 et
1038 1357 1253 1423 Valer.
1302 1357 1482 1423 MaX.
1528 1356 1726 1433 VIII,
1773 1357 1847 1434 5,
1909 1358 1946 1421 4
1994 1357 2064 1421 in
2119 1381 2315 1425 causa
2353 1356 2432 1424 C.
2479 1356 2792 1424 Cornelii

440 1464 788 1530 maiestatis
813 1464 928 1541 rei,
962 1487 1127 1549 quae
1165 1465 1528 1550 insequenti
1555 1486 1722 1529 anno
1748 1474 1890 1529 acta
1917 1474 2034 1542 est,
2057 1466 2494 1531 testimonium
2522 1467 2794 1531 dixisse

443 1583 758 1638 narratur.
813 1571 1075 1637 Nullam
1113 1571 1318 1657 igitur
1361 1582 1687 1637 externam
1733 1572 2128 1657 provinciam
2167 1574 2352 1650 rexit,
2399 1574 2516 1639 sed
2545 1576 2792 1641 ltaliae

444 1680 847 1769 Galliaeque,
888 1692 1230 1767 postquam
1253 1681 1608 1767 Pompeius
1633 1682 1924 1746 confecto
1951 1679 2121 1745 bello
2157 1681 2424 1768 piratico
2449 1683 2796 1749 adversus

443 1790 891 1856 Mithridatem
930 1792 1169 1856 missus
1208 1790 1276 1853 in
1302 1790 1532 1855 Asiam
1573 1790 1750 1867 abiit,
1799 1790 1986 1855 solito
2025 1812 2202 1855 more
2247 1791 2542 1877 praefuit.
2611 1790 2794 1857 Col-

439 1902 589 1986 lega
630 1909 845 1965 autem
906 1899 1045 1964 eius
1092 1897 1173 1962 L.
1214 1898 1550 1964 Volcatius
1591 1897 1826 1962 Tullus
1867 1896 2126 1962 videtur
2183 1922 2334 1964 sane
2387 1900 2457 1963 in
2496 1901 2780 1983 provin·
2883 1960 2885 1977 ,

440 2009 606 2074 ciam
643 2029 789 2071 esse
832 2007 1183 2092 profectus.
1266 2006 1434 2071 Nam
1483 2006 1551 2068 in
1595 2028 1794 2070 causa
1831 2005 1944 2069 illa
1989 2002 2296 2094 Corn-elii,
2335 2030 2526 2093 quam
2563 2009 2790 2074 modo

446 2115 753 2191 diximus,
799 2115 1042 2179 Ascon.
1085 2114 1127 2177 l.
1167 2114 1211 2177 l.
1259 2124 1322 2177 et
1346 2112 1563 2179 Valer.
1588 2111 1769 2177 Max·
1810 2112 1852 2176 l.
1895 2113 1938 2176 l.
1985 2123 2181 2179 testes
2217 2116 2550 2181 nominant
2589 2117 2792 2201 prin-
2883 2170 2885 2199 ,

442 2224 616 2309 cipes
666 2222 941 2287 civitatis
985 2245 1097 2288 reo
1142 2222 1449 2299 infestos,
1503 2222 1574 2285 in
1625 2220 1896 2305 quibus,
1948 2222 2003 2286 si
2046 2222 2289 2289 Romae
2343 2224 2644 2301 adesset,
2721 2237 2794 2290 et

442 2354 585 2397 esse
626 2340 691 2395 et
728 2330 1043 2396 nominari
1083 2330 1419 2416 oportebat
1457 2329 1540 2397 L.
1586 2330 1984 2408 Volcatium,
2045 2332 2286 2419 quippe
2333 2353 2538 2417 *quem
2604 2334 2792 2419 opti·
2884 2318 2885 2321 Ἴ

442 2439 707 2504 matium
752 2438 1299 2503 studiosissimum
1344 2438 1548 2504 fuisse
1591 2460 1672 2503 ex
1725 2438 1806 2503 iis
1849 2461 2014 2524 quae
2059 2440 2264 2525 gessit
2307 2440 2790 2527 intelligamus.

440 2546 609 2612 Nam
662 2556 727 2611 et
777 2546 845 2611 in
902 2546 1047 2631 ipso
1107 2548 1445 2613 consulatu
1505 2547 1842 2612 consilium
1893 2546 2230 2633 publicum
2290 2548 2518 2615 habuit
2537 2597 2554 2627 ,
2616 2574 2793 2616 num
2883 2568 2885 2571 ⁴

443 2652 758 2719 Catilinae
822 2654 890 2717 in
942 2655 1225 2739 petendo
1278 2655 1619 2720 consulatu
1679 2655 1838 2719 ratio
1892 2655 2192 2721 habenda
2249 2667 2424 2722 esset
2478 2658 2781 2744 (Ascon.

440 2786 505 2849 p.
550 2762 685 2845 90),
727 2772 791 2827 et
832 2759 1161 2829 Ciceronis
1206 2765 1612 2829 consulatum
1655 2762 1952 2847 probavit
1994 2760 2163 2846 (Cic.
2201 2764 2367 2829 Phil.
2392 2766 2482 2841 Π,
2523 2766 2583 2842 5,
2631 2768 2776 2851 12),

442 2882 507 2936 et
548 2872 619 2937 in
654 2872 828 2938 civili
873 2870 1043 2937 bello
1088 2872 1674 2938 moderatissimum
1714 2894 1782 2938 se
1829 2871 2142 2937 exhibuit.
2207 2870 2344 2939 Sed
2380 2896 2576 2959 quam
2623 2884 2780 2939 tan-

444 2982 594 3047 dem
628 2982 1027 3068 provinciam
1069 2981 1337 3047 habuit?
1406 2979 1703 3048 Ciliciam
1745 3005 1912 3047 anno
1955 2982 2038 3047 65
2087 2982 2346 3047 tenebat
2386 2983 2771 3069 Pompeius,

444 3087 932 3155 Narbonensem
956 3088 1233 3155 Galliam
1264 3087 1341 3155 C.
1370 3088 1763 3177 Calpurnius
1806 3091 1983 3168 Piso,
2033 3092 2382 3177 superioris
2426 3093 2578 3157 anni
2615 3114 2786 3157 con-

448 3199 571 3273 sul,
617 3198 843 3263 Asiam
890 3196 973 3279 Q.
1011 3196 1347 3263 Voconius
1395 3198 1592 3276 Naso,
1637 3199 2086 3265 Macedoniam
2110 3275 2113 3278 ¹
2137 3198 2222 3283 Q.
2252 3200 2560 3266 Metellus
2607 3198 2788 3268 Cre·
2883 3244 2886 3280 ς

445 3307 649 3384 ticus,
707 3304 962 3383 Sicilia,
1018 3306 1353 3385 Sardinia,
1412 3305 1642 3373 Africa
1687 3330 2017 3394 nunquam
2054 3308 2178 3375 hac
2234 3319 2438 3375 aetate
2498 3310 2785 3376 fuerunt
2883 3332 2885 3345 ¹

445 3414 838 3480 consulares.
944 3414 1357 3501 Relinquitur
1436 3414 1639 3501 igitur
1703 3416 2023 3502 Hispania
2091 3417 2389 3495 ulterior3
2477 3440 2632 3483 nam
2701 3421 2774 3485 in

444 3522 805 3589 citeriorem
858 3544 1005 3589 cum
1060 3523 1117 3587 is
1172 3524 1285 3609 qui
1342 3524 1608 3588 sortitus
1665 3534 1830 3602 erat,
1895 3525 2074 3590 adire
2135 3527 2241 3592 vel
2299 3525 2619 3593 noluisset
2659 3529 2776 3593 vel

444 3632 811 3718 nequisset,
880 3641 1191 3718 quaestor>
1238 3654 1353 3717 pro
1414 3642 1708 3719 praetore
1771 3632 2010 3698 missus
2057 3644 2156 3699 est
2202 3632 2324 3699 Cn.
2369 3631 2780 3721 Calpurnius

358 3760 360 3763 ⁴
443 3741 599 3806 Piso
644 3740 833 3826 (Sall.
880 3737 1021 3805 Cat.
1071 3742 1143 3806 19
1157 3765 1175 3817 3
1231 3740 1363 3805 Dio
1410 3737 1598 3806 Cass.
1639 3740 1981 3820 XXXVI,
2032 3742 2145 3820 273
2215 3742 2398 3809 Suet.
2442 3741 2632 3809 Caes.
2677 3745 2781 3830 9).

444 3848 663 3915 Rediit
709 3858 922 3913 autem
960 3848 1044 3912 L.
1070 3848 1406 3915 Volcatius
1447 3850 1517 3914 in
1558 3848 1787 3915 urbem
1833 3852 2004 3918 circa
2047 3875 2288 3918 annum
2327 3852 2408 3918 63
2424 3876 2442 3929 3
2491 3876 2641 3917 nam
2689 3855 2779 3921 de

448 3958 771 4021 sociorum
818 3954 1135 4023 Catilinae
1186 3958 1742 4024 animadversione
1793 3982 1943 4025 eum
1984 3960 2051 4024 in
2101 3974 2328 4029 senatu
2388 3962 2782 4029 sententiam

448 4064 691 4129 dixisse
746 4075 962 4131 narrat
1014 4063 1245 4133 Cicero
1290 4061 1392 4131 'ad
1452 4067 1589 4131 Att.
1632 4068 1812 4145 XII,
1878 4069 1978 4135 21.
2067 4069 2397 4157 Deinceps
2456 4093 2626 4136 anno
2689 4073 2778 4139 65

448 4173 528 4237 L.
553 4173 874 4239 Manlium
896 4173 1297 4259 Torquatum
1340 4198 1472 4241 cos.
1501 4176 1798 4240 sortitum
1829 4198 1972 4242 esse
1995 4178 2447 4245 Macedoniam
2484 4179 2776 4249 diximus

444 4282 513 4345 in
556 4278 917 4348 Comment.
965 4284 1297 4369 epigraph.
1334 4284 1482 4349 Vol.
1529 4284 1600 4349 II
1652 4307 1720 4371 p.
1773 4285 1891 4351 192
1911 4333 1929 4363 ‚
1988 4286 2261 4353 alterum
2299 4289 2380 4354 L.
2424 4286 2776 4357 Aurelium
2884 4300 2885 4303 ’

450 4387 708 4456 Cottam
750 4390 817 4456 in
836 4391 1025 4457 Italia
1061 4392 1375 4458 mansisse
1402 4414 1612 4479 neque
1653 4401 1979 4459 externam
2005 4396 2403 4480 provinciam
2441 4401 2774 4486 accepisse
