2917 5017
437 324 560 390 330
1067 327 1146 375 De
1177 327 1549 391 pmpagatione
1586 327 1805 375 civitatis
1830 326 2120 377 Romanae.

437 490 742 568 Calenus,
793 490 1096 557 tribunus
1149 489 1446 564 militum,
1506 489 1622 553 sed
1676 489 1955 555 Aeduus
2012 492 2197 577 (Tac.
2239 490 2417 557 Hist.
2457 492 2588 567 ΠΙ,
2630 492 2765 576 35),

433 600 644 665 Iulius
690 598 1020 663 Maximus
1067 620 1104 661 e
1152 596 1416 661 Batavis
1464 594 1647 675 (Tae.
1689 596 1859 661 Hist.
1905 596 2023 676 IV,
2068 601 2198 685 33),
2256 600 2465 666 Iulius
2514 601 2763 665 Paulus

435 731 516 772 ex
557 707 754 792 stirpe
800 708 978 791 regia
1024 707 1418 770 Batavorum
1464 704 1645 784 (Tae.
1672 706 1846 771 Hist.
1872 708 1993 783 IV,
2028 709 2153 790 13),
2196 705 2407 773 Iulius
2448 709 2763 785 Sabinus,
2864 692 2866 731 ³

435 815 804 898 Lingonum
851 814 1150 900 princeps
1193 812 1377 892 (Tae.
1425 813 1601 877 Hist.
1646 812 1765 889 IV,
1800 816 1933 892 55),
1972 816 2183 881 Iulius
2224 816 2435 881 Tutor
2480 840 2567 883 ex
2604 816 2765 881 Tre·

435 922 608 986 veris
653 922 739 1001 (T
741 944 834 988 ac.
877 921 1090 1004 ibid.),
1143 921 1354 985 Iulius
1399 921 1681 1005 denique
1736 922 1998 987 Vindex
2052 946 2134 987 ex
2194 922 2551 1009 Aquitanis
2606 924 2765 1006 (Dio
2864 916 2866 965 ἶ

437 1030 700 1105 LXIII,
739 1030 852 1109 22)
901 1030 1248 1114 ipsumque
1299 1028 1541 1093 Iulium
1603 1027 1901 1105 Civilem,
1956 1032 2066 1115 qui
2110 1032 2466 1117 imperante
2513 1032 2761 1117 Vespa-

439 1138 621 1202 siano
690 1138 1018 1222 ingentem
1081 1138 1475 1201 Batavorum
1540 1138 1921 1203 sedition-em
1980 1140 2305 1217 excitavit,
2364 1140 2525 1225 quia
2582 1140 2761 1225 regia

441 1246 638 1331 stirpe
679 1257 816 1309 erat
857 1258 1294 1330 cognatosque
1337 1246 1541 1309 Iulios
1604 1245 1901 1323 habebat,
1958 1248 2044 1311 ab
2099 1248 2409 1333 Augusto
2456 1250 2755 1313 donatam

435 1353 760 1419 civitatem
812 1354 1118 1419 habuisse
1147 1375 1290 1418 .nec
1343 1364 1517 1416 recte
1562 1376 1693 1417 uno
1736 1355 1879 1419 loco
1922 1354 2003 1419 ab
2056 1353 2285 1444 ¹{Facito
2326 1356 2505 1420 Hist.
2534 1355 2659 1431 IV,
2690 1356 2760 1421 13

436 1458 786 1527 Claudium
845 1461 1150 1547 appellari
1201 1462 1517 1527 existimo.
1605 1460 1855 1525 Multos
1900 1474 2115 1527 autem
2156 1464 2348 1528 etiam
2394 1464 2559 1527 alios
2606 1462 2761 1528 Gal-

431 1570 644 1635 lorum
683 1570 1006 1655 principes
1053 1568 1134 1634 ab
1177 1570 1406 1633 eodem
1444 1571 1753 1655 Augusto
1794 1573 1899 1635 vel
1940 1582 2203 1657 propter
2228 1571 2637 1637 nobilitatem
2666 1572 2765 1635 vel

432 1691 694 1763 propter
735 1678 1038 1743 virtutem
1083 1678 1340 1741 civitate
1381 1679 1675 1755 donatos,
1718 1680 1787 1743 in
1823 1679 2009 1747 Iuliis
2067 1680 2217 1756 illis,
2270 1702 2554 1763 quorum
2598 1682 2763 1744 inter

434 1787 668 1851 milites
705 1786 1030 1851 Romanos
1073 1787 1310 1850 mentio
1361 1786 1453 1861 fit,
1498 1788 1697 1851 latere
1737 1810 1969 1852 censeo
1980 1810 1997 1863 3
2056 1811 2203 1851 nam
2248 1788 2479 1853 militia
2522 1789 2761 1872 princi-

437 1895 632 1981 pibus
677 1895 1002 1961 bellicosis
1060 1908 1122 1958 et.
1163 1894 1438 1959 maxime
1484 1896 1737 1980 plaeere
1782 1895 2011 1959 debuit
2052 1906 2117 1959 et
2159 1897 2585 1961 ostentandae
2640 1897 2765 1959 vir-

441 2004 596 2068 tutis
638 2004 1200 2089 praemiorumque
1225 2004 1781 2087 assequendorum
1810 2005 2117 2089 optimam
2140 2004 2552 2069 occasionem
2578 2026 2761 2090 prae-

435 2111 646 2178 bebat.
730 2112 868 2175 Nec
925 2111 1118 2175 modo
1171 2110 1533 2188 Gallorum,
1579 2135 1805 2177 verum
1864 2113 2056 2177 etiam
2108 2111 2615 2189 Germanorum,
2658 2114 2763 2197 qui
2865 2168 2866 2171 ,

433 2221 722 2285 nondum
767 2220 835 2285 in
879 2220 1244 2305 provinciae
1285 2220 1556 2285 formam
1598 2222 1843 2285 redacti
1892 2232 2091 2298 erant,
2136 2222 2459 2307 principes
2506 2221 2762 2285 civitate

433 2331 724 2397 Romana
787 2328 1190 2395 donabantur
1206 2374 1224 2402 ,
1287 2328 1489 2393 veluti
1548 2330 1886 2394 Arminius
1902 2376 1919 2405 ,
1986 2328 2369 2397 Germaniae
2434 2330 2762 2405 liberator,

433 2462 628 2524 quem
678 2439 846 2503 Vell.
889 2439 979 2514 Π,
1024 2436 1142 2501 118
1197 2437 1306 2512 ait,
1365 2458 1515 2501 cum
1564 2438 1975 2523 popularium
2028 2462 2291 2503 suorum
2346 2439 2653 2503 cohortes
2702 2439 2766 2501 in

435 2548 722 2611 exercitu
761 2548 1054 2611 Romano
1099 2545 1389 2620 duceret,
1437 2545 1763 2609 civitatem
1804 2568 1949 2611 esse
1990 2557 2373 2611 assecutum.
2463 2546 2529 2611 N
2530 2570 2611 2611 ec
2656 2548 2767 2611 mi-
2850 2613 2858 2628 ,

435 2680 560 2720 nus
619 2658 817 2719 frater
869 2656 1010 2719 eius
1059 2654 1325 2729 FlavuS,
1371 2675 1557 2718 socer
1598 2651 1907 2739 Segestes
1961 2655 2197 2739 aliique
2252 2655 2613 2740 propinqui
2655 2678 2769 2719 no-

434 2765 618 2841 biles,
661 2764 774 2847 qui
809 2763 988 2849 apud
1025 2785 1180 2827 suos
1223 2764 1500 2827 multum
1536 2763 1751 2827 valere
1778 2762 2175 2838 viderentur,
2203 2763 2375 2827 idem
2400 2764 2769 2848 praemium

439 2885 834 2959 acceperant.
917 2873 1164 2935 Eorum
1223 2871 1507 2934 omnium
1554 2892 1787 2935 nomen
1829 2894 1909 2935 ex
1959 2872 2425 2937 consuetudine
2472 2871 2771 2937 Romana

435 2993 572 3047 erat
595 2982 822 3057 Iulius,
849 3002 1260 3065 praenomen,
1287 2980 1463 3064 quod
1492 3002 1631 3043 eam
1664 2980 1871 3064 ipsam
1900 2980 1983 3045 ob
2010 3004 2273 3046 causam
2298 2980 2453 3064 quia
2474 2980 2769 3045 omnium

437 3112 774 3156 commune
837 3100 956 3165 est,
1019 3090 1154 3153 fere
1211 3100 1460 3153 tacetur
1516 3111 1638 3153 nec
1696 3090 2179 3153 commemorari
2233 3089 2457 3153 inveni
2518 3090 2653 3153 nisi
2704 3090 2768 3153 in

436 3199 736 3274 Vindice,
791 3197 1021 3262 Gaius.
1099 3198 1499 3283 Populorum
1558 3196 1843 3281 quidem,
1902 3220 2177 3283 quorum
2220 3197 2557 3283 principes
2612 3198 2766 3262 civi·

435 3316 563 3371 tate
609 3304 1032 3380 donabantur,
1074 3305 1324 3369 nullum
1367 3304 1752 3370 observatur
1790 3305 2159 3382 discrimen,
2207 3316 2281 3370 ut
2310 3328 2390 3371 ex
2414 3306 2765 3371 foederatis

437 3426 502 3480 et
543 3437 624 3480 ex
663 3413 886 3479 liberis
929 3423 992 3477 et
1035 3436 1116 3478 ex
1163 3413 1597 3499 stipendiariis
1640 3426 1707 3479 et
1747 3438 1827 3479 ex
1869 3416 1953 3479 iis
1982 3415 2279 3499 denique,
2314 3414 2425 3498 qui
2463 3414 2759 3479 nondum

437 3522 712 3591 subiecti
769 3532 982 3597 erant,
1037 3521 1276 3607 pariter
1327 3522 1504 3587 cives
1558 3522 1885 3587 Romanos
1940 3524 2145 3589 factos
2201 3544 2345 3589 esse
2400 3522 2761 3587 videamus.

436 3632 658 3714 Quare
709 3632 968 3697 illorum
1009 3640 1312 3713 quattuor
1363 3630 1871 3703 foederatorum..
1910 3650 2073 3713 quos
2116 3630 2425 3707 diximus,
2484 3633 2760 3717 populo·

433 3764 578 3809 rum
629 3740 953 3826 principes
1017 3760 1157 3802 eam
1203 3750 1448 3806 tantum
1495 3740 1579 3805 ob
1624 3762 1887 3805 causam
1928 3739 2373 3806 existimamus
2410 3762 2577 3825 prae
2616 3740 2759 3805 reli-

433 3850 581 3934 quis
615 3849 834 3913 adisse
877 3849 1324 3933 imperatorem
1370 3846 1743 3923 Claudium,
1784 3846 1959 3933 quod
2004 3869 2155 3911 cum
2196 3848 2423 3932 populi
2462 3849 2570 3915 sui
2602 3846 2757 3913 Gal-

434 3959 645 4025 lorum
707 3971 924 4023 essent
981 3957 1457 4023 honoratissimi
1512 3959 1879 4044 optimoque
1930 3955 2069 4021 iure
2120 3966 2457 4022 uterentur
2510 3957 2755 4042 (nullus

438 4066 605 4131 enim
648 4066 716 4128 in
760 4064 976 4131 Gallia
1019 4062 1289 4131 Comata
1327 4078 1463 4131 erat
1506 4066 1877 4143 Latinitate,
1921 4065 2139 4130 nullus
2182 4065 2441 4129 civitate
2470 4063 2753 4129 Romana

435 4173 766 4260 praeditus
818 4184 1072 4258 praeter
1127 4174 1463 4258 colonias),
1522 4173 1825 4241 facillime
1870 4196 1939 4238 se
1994 4173 2171 4257 quod
2212 4172 2541 4259 petebant,
2584 4194 2749 4237 asse-

437 4294 701 4347 cuturos
748 4304 890 4347 esse
937 4282 1266 4367 putabant.
