2917 5017
773 362 854 410 De
891 361 1092 424 legibus
1129 360 1523 424 municipalibus
1560 359 1869 424 Hispanicis.
2355 359 2477 423 315

109 517 457 586 Flavium
499 523 1013 600 Laminitanum,
1077 523 1254 608 quod
1318 523 1493 608 apud
1538 520 2137 590 Cean-Bermudez.
2188 526 2271 590 de
2312 526 2477 590 anti-

109 629 508 710 quitatibus
549 633 902 717 Hispaniae
947 631 1264 713 (Madrid.
1313 633 1499 714 1832)
1546 655 1608 716 p.
1652 632 1733 696 42
1774 631 2024 708 citatur,
2070 659 2109 699 a
2142 635 2310 698 Plin.
2352 635 2475 710 III,

111 738 206 801 25
251 739 440 804 inter
479 741 894 826 stipendiaria
933 741 1172 825 oppida
1214 751 1606 816 recensetur,
1648 740 1825 824 quod
1862 739 1943 805 ab
1984 742 2127 827 ipso
2170 743 2476 828 Augusto

107 844 534 925 Latinitate,
585 849 666 912 ab
711 847 1112 933 Vespasiano
1159 849 1418 912 civitate
1461 847 1753 912 Romana
1796 848 2104 914 donatum
2150 873 2293 914 esse
2338 851 2475 914 exi-

109 955 359 1020 stimo.
444 957 737 1043 Reliqua,
787 979 950 1040 quae
993 957 1060 1020 in
1099 956 1361 1020 Baetica
1405 956 1836 1031 nominantur,
1878 963 2288 1040 municipium
2332 963 2474 1022 Fla-

105 1069 308 1126 vium
357 1070 810 1147 Aurzgitanum
856 1062 1490 1146 (Oeen-Bermudez.
1536 1064 1577 1127 l.
1620 1064 1661 1127 l.
1704 1087 1765 1148 p.
1808 1064 1999 1147 316),
2062 1070 2473 1146 municipium

115 1175 440 1234 Flavium
489 1175 906 1236 Axatitcmum
963 1172 1147 1255 (ibid.
1194 1196 1256 1257 p.
1305 1172 1458 1252 268)
1476 1219 1493 1247 ,
1553 1176 1960 1254 municipium
2017 1177 2305 1236 Flavium
2356 1177 2473 1238 Ga·-

107 1303 438 1342 namense
481 1279 664 1364 (ibid.
709 1304 770 1366 p.
813 1281 988 1362 293),
1035 1285 1444 1362 municipium
1488 1285 1778 1343 Flavium
1828 1285 2245 1362 Mumgueme
2287 1281 2472 1366 (ibid.

108 1411 188 1471 p.
243 1389 408 1472 273)
428 1435 445 1463 ,
503 1393 910 1478 municipium
958 1393 1246 1452 Flavium
1293 1393 1692 1452 Nescam'ense
1750 1387 1937 1476 (ibid.
1980 1413 2042 1474 p.
2092 1390 2282 1472 301),
2339 1413 2472 1452 mu-

109 1501 448 1576 nicipium
493 1501 780 1560 Flavium
821 1501 1190 1577 Singiliense
1233 1498 1484 1575 (Ioann.
1526 1497 1754 1560 Franc.
1798 1497 1879 1560 de
1918 1497 2218 1562 Masdeu.
2247 1497 2471 1563 histor.

115 1605 280 1668 crit.
349 1605 663 1690 Hispan.,
721 1605 1009 1670 Madrid.
1073 1605 1264 1680 1789,
1325 1603 1511 1668 Tom.
1552 1605 1648 1670 VI
1704 1627 1767 1688 p.
1814 1604 1999 1686 484),
2062 1611 2470 1687 muna-ipsum

115 1718 437 1776 Flavium
475 1717 1057 1794 Sosonegilanorum
1109 1712 1310 1794 (Mur.
1355 1735 1418 1796 p.
1468 1713 1643 1787 1108,
1699 1716 1795 1794 1),
1860 1724 1998 1778 tum
2044 1714 2113 1777 in
2154 1712 2469 1778 Tarraco-

115 1822 330 1886 nensi
396 1825 806 1902 municipium
869 1825 1154 1884 Flavium
1209 1821 1787 1882 Esbaesuccitamem
1832 1819 2468 1900 (Caen-Bermudez.

115 1931 165 1992 l.
219 1931 264 1994 l.
329 1953 393 2014 p.
447 1931 624 2012 120),
689 1934 1100 2008 municipium
1158 1932 1446 1990 Flavi-um
1520 1931 1891 1992 Vivatanum
1956 1929 2144 2014 (ibid.
2201 1953 2264 2014 p.
2323 1929 2469 2011 128)

119 2039 241 2104 vel
311 2049 604 2104 tacentur
661 2061 926 2124 prorsus
985 2036 1158 2122 apud
1211 2035 1499 2098 Plinium
1555 2036 1694 2112 vel,
1758 2038 1811 2101 si
1872 2049 2468 2114 commemorantur,

121 2148 323 2212 velut
359 2146 646 2212 Canama
687 2157 750 2210 et
791 2145 1028 2229 Singili
1075 2143 1273 2226 (Plin.
1302 2145 1424 2220 III,
1482 2147 1555 2209 10
1584 2156 1645 2208 et
1688 2148 1809 2229 11),
1855 2169 1985 2231 quo
2023 2147 2163 2210 iure
2206 2146 2467 2222 fuerint,

117 2279 264 2320 non
309 2255 592 2320 additur.
675 2255 930 2318 Horum
973 2267 1214 2338 partem
1258 2254 1384 2316 iam
1425 2253 1625 2316 initiis
1662 2253 1972 2338 Augusti,
2016 2277 2180 2336 quae
2216 2255 2468 2320 Plinius

121 2363 393 2438 retulit,
449 2363 666 2426 Latini
709 2363 870 2426 iuris
913 2361 1147 2435 fuisse,
1190 2360 1440 2442 reliqua
1481 2371 1705 2445 postea
1749 2383 1825 2424 eo
1868 2363 2102 2426 donata
2146 2374 2335 2445 atque
2380 2363 2471 2426 ita

121 2497 166 2536 a
211 2471 622 2556 Vespasiano
677 2472 780 2534 vel
825 2468 1194 2534 Domitiano
1255 2468 1338 2532 ad
1391 2469 1713 2533 civitatem
1760 2470 2113 2534 Romanam
2164 2471 2468 2536 translata

121 2603 280 2644 esse
328 2579 790 2644 existimamus.
858 2579 960 2642 Ac
1005 2599 1084 2642 ne
1129 2577 1234 2642 cui
1277 2587 1369 2643 tot
1413 2577 1800 2663 oppidorum
1837 2578 1981 2643 iura
2014 2591 2142 2643 tam
2176 2578 2467 2644 celeriter

121 2698 384 2750 mutata
421 2709 566 2752 esse
605 2687 838 2750 mirum
873 2686 1188 2762 videatur,
1229 2710 1267 2748 a
1297 2685 1509 2749 Plinio
1541 2687 1609 2748 in
1633 2686 2009 2752 Lusitaniae
2036 2686 2467 2772 descriptione

121 2818 340 2858 unum
388 2793 844 2879 municipium,
905 2793 1028 2856 tria
1073 2793 1311 2878 oppida
1355 2794 1587 2856 Latina
1635 2794 1859 2858 referri
1906 2794 2221 2869 diximus,
2280 2804 2346 2858 at
2399 2795 2465 2858 in

121 2903 554 2988 inscriptione
611 2901 785 2986 apud
829 2899 1031 2965 Orell.
1078 2925 1138 2964 n.
1192 2901 1304 2965 16‘2
1362 2901 1559 2964 initiis
1601 2900 1861 2966 Traiani
1912 2901 2118 2986 posita
2161 2900 2463 2964 undecim

123 3010 262 3074 alia
319 3009 670 3094 municipia
721 3009 790 3072 in
843 3010 1068 3074 eadem
1125 3009 1386 3093 regione
1441 3033 1640 3095 prope
1700 3010 1822 3074 sita
1870 3019 2464 3084 commemorantur,

126 3133 204 3184 ut
266 3120 590 3184 civitatem
633 3119 990 3182 Romanam
1045 3117 1126 3182 ab
1181 3118 1672 3203 imperatoribus
1726 3119 1967 3203 passim
2022 3140 2171 3182 cum
2216 3140 2467 3182 summa

125 3228 514 3292 liberalitate
560 3250 676 3312 per
716 3226 1064 3312 Hispanias
1111 3239 1525 3312 propagatam
1574 3249 1717 3291 esse
1762 3226 2215 3312 intelligamus.

307 3335 497 3417 Quae
541 3357 689 3400 cum
727 3335 816 3400 ita
854 3335 1002 3411 sint,
1053 3335 1212 3419 quid
1256 3336 1477 3400 datum
1526 3357 1669 3400 esse
1712 3347 2016 3420 putamus
2058 3337 2317 3401 duobus
2360 3359 2463 3400 re-

127 3446 330 3531 liquis
389 3443 776 3528 oppidorum
837 3443 1217 3528 generibus,
1287 3466 1450 3526 quae
1516 3443 1595 3508 ab
1654 3444 2089 3529 stipendiariis
2151 3445 2464 3528 dignitate

131 3552 554 3637 discrepant?
647 3549 1014 3637 Supersunt
1073 3551 1242 3616 enim
1297 3541 1660 3616 foederatae
1723 3552 2045 3626 civitatee,
2110 3575 2271 3635 quas
2332 3563 2461 3616 tres

129 3663 392 3726 Plinius
433 3660 624 3725 habet
667 3659 733 3724 in
764 3659 1047 3734 Baetica,
1092 3682 1284 3722 unam
1328 3659 1392 3723 in
1421 3659 1910 3733 Tarraconensi,
1952 3659 2191 3722 nullam
2228 3659 2295 3722 in
2320 3658 2462 3722 Lu-

133 3770 404 3844 sitania,
463 3779 526 3834 et
581 3767 853 3843 liberae,
911 3790 1072 3851 quas
1131 3789 1246 3831 sex
1305 3767 1394 3832 ait
1454 3789 1598 3832 esse
1642 3768 1709 3831 in
1754 3768 2033 3833 Baetica.
2120 3766 2225 3832 Ac
2262 3766 2465 3832 libera

132 3879 402 3963 quidem
443 3876 716 3962 oppida,
771 3874 1014 3960 Astygi
1060 3887 1247 3940 vetus
1294 3888 1356 3938 et
1402 3875 1717 3961 Ostippo,
1776 3875 1864 3940 ita
1906 3897 2035 3939 non
2078 3897 2461 3941 commemo-

133 3998 390 4062 rantur,
460 3995 530 4047 ut
577 3983 906 4068 quomodo
963 3983 1271 4067 paulatim
1327 3984 1409 4048 ad
1453 3984 1777 4049 civitatem
1814 3985 2165 4049 Romanam
2205 3983 2465 4047 admota

135 4096 283 4172 sint,
329 4095 546 4158 dicere
590 4115 719 4156 non
762 4093 1068 4166 audeam,
1118 4092 1596 4158 foederatorum
1641 4104 1855 4156 autem
1899 4092 2091 4156 video
2133 4092 2461 4177 singulare

133 4227 206 4269 ac
245 4202 654 4268 rarissimum
695 4201 898 4264 fuisse
939 4201 1064 4275 ius,
1109 4199 1348 4290 quippe
1393 4222 1523 4282 quo
1566 4223 1646 4262 ex
1681 4209 1855 4264 tanta
1894 4199 2306 4264 multitudine
2344 4221 2463 4285 per

136 4322 336 4378 totam
375 4309 762 4395 Hispaniam
806 4317 1108 4391 quattuor
1152 4317 1400 4372 tantum
1441 4307 1681 4393 oppida
1724 4330 1843 4371 usa
1894 4307 2039 4371 sint.
2118 4306 2344 4390 Neque
2392 4306 2461 4370 in

137 4420 276 4484 aliis
321 4416 674 4504 provinciis
715 4415 906 4500 plura
949 4427 1130 4492 sunt3
1182 4438 1328 4484 nam
1360 4412 1581 4486 Sicilia
1622 4414 1811 4480 habet
1842 4413 1994 4491 duc,
2040 4413 2461 4484 Mamertinos
