2917 5017
447 335 570 401 298
1055 340 1134 389 De
1170 341 1370 403 legibus
1407 341 1801 404 municipalibus
1836 341 2147 405 Hispanicis.

449 506 726 569 Caesaris
791 506 948 583 Aug.
1017 506 1374 581 Vespasiani
1437 507 1633 583 impve
1696 508 1833 566 Titi
1890 506 2168 568 Caesaris
2233 512 2389 589 Aug.
2447 517 2569 568 aut
2626 510 2767 584 imp.

451 614 728 675 Caesaris
771 616 930 691 Aug.
975 615 1324 673 Domitiani
1350 617 1442 692 p(
1435 616 1595 673 atris
1588 618 1625 689 )
1661 616 1748 692 p(
1744 616 1945 673 atriae
1941 620 1979 690 )
2006 618 2311 677 civitatem
2348 619 2737 690 Romanasne
2736 626 2771 690 )

447 729 802 781 consecutus
863 729 1182 780 consecuta
1227 724 1364 795 erit,
1427 724 1479 782 is
1530 743 1599 781 ea
1654 724 1723 781 in
1772 723 1923 794 eius,
1974 726 2084 800 qui
2120 726 2196 799 e(
2186 726 2300 785 ivis
2292 729 2333 802 )
2378 726 2479 798 R(
2475 744 2742 783 omanus
2738 732 2771 800 )

447 830 632 904 ldae)
676 830 740 901 l(
733 850 838 907 ege
833 836 869 904 )
891 831 1122 908 faetus
1161 832 1300 902 erit,
1339 838 1642 908 potestate
1682 850 1879 889 manu
1918 834 2246 910 mancipio,
2289 836 2467 893 cuius
2506 853 2635 892 esse
2673 833 2769 892 de-

447 937 628 1008 beret,
684 940 741 995 sz'
785 939 1036 996 civitate
1100 939 1387 997 Romana
1443 946 1743 1010 mutatus,
1794 946 2039 999 mutata
2092 961 2220 1001 non
2271 949 2444 1015 esset,
2504 949 2655 1013 σεῖο,
2706 938 2771 1001 in

445 1042 682 1125 quibus
728 1064 854 1105 non
896 1054 1066 1105 recte
1112 1043 1302 1107 video
1358 1043 1559 1107 deleri
1606 1044 1687 1109 ab
1738 1044 1981 1109 editore
2028 1043 2435 1122 GermanicO,
2479 1047 2664 1130 quod
2708 1047 2771 1109 in

449 1174 594 1214 aere
651 1162 748 1213 est
813 1154 1125 1224 Romana3
1191 1153 1487 1235 quamvis
1536 1154 1705 1217 enim
1760 1155 1870 1237 qui
1926 1155 1991 1217 in
2046 1154 2369 1219 civitatem
2410 1155 2771 1219 Romanam

446 1270 744 1343 receptus
799 1270 926 1334 est,
978 1260 1404 1344 intelligatur,
1459 1262 1691 1326 Latine
1748 1275 1956 1327 tamen
2010 1287 2139 1327 non
2190 1263 2380 1327 modo
2428 1285 2565 1346 quo
2625 1261 2773 1325 dato

447 1367 624 1430 aliud
682 1367 1055 1450 accipimus,
1103 1371 1216 1433 sed
1265 1370 1453 1434 etiam
1497 1371 1708 1456 ipsum
1754 1371 1919 1435 illud
1963 1372 2137 1454 quod
2188 1371 2311 1435 alia
2352 1394 2423 1435 re
2467 1370 2628 1437 data
2670 1392 2773 1434 ac-

447 1474 740 1559 cipimuS‚
799 1477 1031 1540 mutari
1099 1478 1354 1545 dicitur.
1445 1462 1999 1543 Commemoratur
2052 1492 2264 1543 autem
2302 1479 2431 1543 hio
2486 1478 2775 1562 primum

445 1585 594 1643 haec
649 1587 750 1643 lez·
803 1583 845 1645 i.
888 1606 942 1646 e.
989 1608 1082 1660 ea,
1127 1608 1255 1668 qua
1308 1586 1641 1671 municipii
1690 1586 2069 1673 Salpensani
2114 1587 2487 1673 respublica
2530 1588 2775 1651 consti-

447 1701 582 1753 tuta
635 1702 752 1753 cst.
839 1692 938 1757 Ea
988 1694 1212 1757 Flavia
1257 1695 1660 1759 existimatur
1710 1719 1855 1759 oum
1910 1694 1989 1759 ab
2034 1695 2283 1759 Theod.
2332 1695 2778 1759 Mommsenio

449 1824 510 1885 p.
555 1802 696 1875 390,
759 1812 895 1865 tum
957 1802 1038 1867 ab
1098 1803 1220 1865 Ph.
1272 1803 1350 1865 E.
1395 1803 1763 1879 Huschki0‚
1822 1804 1935 1887 qui
1990 1804 2053 1867 in
2107 1802 2293 1879 libro,
2347 1827 2542 1887 quem
2608 1825 2779 1867 anno

458 1911 611 1973 >1855
660 1910 741 1975 de
785 1909 932 1973 Gaii
983 1911 1494 1975 institutionibus
1538 1912 1933 1997 explicandis
1974 1912 2197 1988 edidit,
2243 1935 2303 1997 p.
2340 1912 2413 1975 *14
2452 1912 2781 1995 quaedam

447 2018 638 2082 etiam
697 2020 778 2081 de
839 2018 938 2082 his
1004 2018 1239 2083 tabulis
1295 2019 1671 2103 Hispanieis
1714 2020 1968 2084 adiecit.
2071 2020 2237 2083 Mihi
2298 2020 2589 2103 quidem,
2658 2020 2779 2083 etsi

447 2148 676 2189 nomen
742 2127 906 2210 legis
967 2128 1182 2210 ipsum
1238 2141 1483 2191 certum
1554 2141 1671 2202 est,
1736 2151 1891 2191 num
1954 2128 2183 2193 Flavia
2236 2129 2450 2202 fuerit,
2512 2128 2781 2192 videtur

447 2235 974 2319 possedubitari.
1039 2235 1266 2320 Neque
1309 2236 1477 2299 enim
1528 2236 1607 2299 iis
1649 2235 1983 2312 assentior,
2024 2238 2135 2321 qui
2168 2236 2247 2301 ab
2272 2236 2778 2321 imperatoribus

445 2344 666 2429 populi
731 2345 1064 2429 plebisque
1123 2346 1188 2409 in
1240 2345 1499 2430 legibus
1544 2345 1828 2409 ferendis
1874 2369 2125 2411 omnem
2184 2358 2567 2431 potestatem
2622 2344 2781 2409 sub-

447 2453 640 2517 latam
689 2465 879 2537 atque
925 2455 1270 2517 extinctam
1313 2477 1456 2518 esse
1504 2454 1865 2540 opinantur.
1928 2454 2093 2518 Nam
2132 2478 2274 2517 cum
2306 2454 2589 2529 comitia,
2622 2476 2788 2537 quo—

449 2583 591 2622 rum
636 2571 875 2643 partem
917 2562 1232 2645 potiorem
1269 2563 1609 2647 imperator
1643 2561 1947 2627 Tiberius
1977 2562 2059 2627 ad
2088 2574 2382 2627 senatum
2424 2562 2784 2627 transtule-

449 2680 580 2742 rat,
639 2678 847 2731 tamen
911 2670 1100 2737 etiam
1161 2681 1387 2755 postea
1447 2671 1621 2755 apud
1680 2672 1989 2755 populum
2050 2672 2141 2733 ita
2200 2682 2581 2735 conservata
2638 2692 2787 2734 esse

451 2788 718 2852 constet,
770 2788 842 2841 ut
889 2778 998 2860 qui
1047 2778 1374 2843 candidati
1419 2777 1501 2842 ab
1549 2791 1775 2843 senatu
1820 2779 2005 2844 electi
2059 2800 2135 2843 ac
2184 2778 2495 2841 nominati
2536 2790 2787 2854 essent,

449 2885 494 2948 ii
541 2884 776 2948 deinde
827 2884 1112 2949 tribuum
1167 2887 1495 2972 suffragiis
1557 2888 2105 2963 confirmarentur,
2160 2887 2305 2969 quis
2350 2887 2513 2949 adeo
2556 2899 2789 2950 contra

451 2994 982 3059 consuetudinem
1060 2981 1242 3059 suam
1309 2978 1562 3080 putabit
1628 2997 2033 3061 immemores
2108 2994 2505 3078 antiquitatis
2573 2994 2787 3057 fuisse

447 3103 796 3179 Romanos,
851 3114 924 3166 ut
979 3126 1058 3166 ne
1114 3104 1392 3187 speciem
1450 3103 1713 3188 quidem
1772 3104 2046 3187 aliquam
2096 3113 2386 3166 veterum
2428 3102 2655 3186 legum
2706 3124 2785 3165 ac

451 3211 931 3295 plebiscitorum
1009 3223 1493 3286 conservarent,
1564 3211 1939 3297 praesertim
2025 3234 2171 3275 cum
2236 3210 2523 3274 tribuum
2592 3210 2781 3285 rati0,

451 3320 657 3401 qualis
706 3320 1058 3403 antiquitus
1104 3321 1334 3395 fuerat,
1391 3331 1709 3385 constaret
1763 3320 2296 3402 comitiorumque
2342 3341 2541 3383 causa
2586 3319 2777 3383 etiam

453 3440 661 3492 certae
721 3430 946 3514 populi
1013 3430 1348 3515 plebisque
1428 3429 1756 3493 con-tiones
1826 3428 2375 3492 convocarentur?
2470 3424 2777 3511 Speciem

447 3536 652 3621 igitur
695 3538 1016 3620 quandam
1063 3550 1378 3603 servatam
1424 3560 1567 3603 esse
1609 3536 1927 3612 existimo,
1978 3559 2107 3619 qua
2148 3535 2323 3619 quod
2354 3532 2610 3597 senatui
2636 3532 2776 3616 pla-

451 3656 688 3721 cuerat,
741 3645 974 3711 deinde
1021 3658 1340 3733 tamquam
1387 3670 1424 3711 a
1468 3645 1708 3730 populo
1750 3644 2251 3709 confirmaretur.
2332 3642 2557 3705 Minus
2602 3641 2773 3705 enim
2867 3668 2870 3739 ᾗ

451 3775 676 3816 verum
718 3775 860 3817 esse
905 3755 1116 3828 video,
1163 3754 1332 3837 quod
1379 3753 1460 3817 de
1498 3754 1637 3817 iure
1670 3753 1867 3829 civili,
1896 3764 2231 3837 postquam
2261 3749 2563 3815 Tiberius
2588 3748 2773 3813 initio
2868 3740 2870 3811 s

454 3862 846 3946 principatus
911 3861 1012 3925 sui
1073 3863 1328 3927 comitia
1386 3863 1467 3927 ad
1535 3874 1823 3926 senatum
1868 3860 2210 3935 transtulit,
2266 3859 2509 3923 nullam
2556 3859 2771 3942 legem
2868 3844 2870 3885 ³

449 3969 640 4033 latam
681 3991 824 4033 esse
865 3970 1243 4033 existimant.
1319 3970 1464 4034 Non
1510 3970 2019 4035 commemorabo
2062 3970 2275 4053 legem
2319 3967 2571 4031 Iuniam
2601 3965 2771 4029 Nor·
2868 3954 2870 3997 ³

450 4077 702 4154 hanam,
745 4100 934 4162 quam
983 4078 1120 4163 ipse
1161 4078 1631 4167 Mommsenius
1692 4102 1753 4163 p.
1802 4078 1917 4142 391
1984 4077 2136 4141 citat
2178 4081 2349 4158 (eam
2406 4075 2577 4138 enim
2618 4073 2769 4137 ulti-

452 4210 616 4248 mam
685 4186 896 4269 legem
954 4187 1156 4249 fuisse
1215 4187 1537 4271 pauloque
1596 4198 1745 4271 post
1812 4170 2045 4271 populo
2106 4185 2325 4269 legum
2390 4192 2767 4267 potestatem

451 4306 732 4379 ereptam
785 4316 928 4359 esse
971 4300 1199 4379 putat),
1253 4317 1460 4379 neque
1502 4296 1715 4377 legem
1769 4292 2104 4359 Viselliam
2158 4314 2327 4356 anno
2373 4290 2455 4355 24
2504 4312 2569 4373 p.
2615 4286 2765 4353 Chr.
2868 4338 2870 4383 2

451 4401 666 4478 latam,
738 4402 852 4465 sed
917 4415 1142 4492 postea
1195 4401 1382 4471 etiam
1440 4404 1571 4469 lata
1622 4414 1719 4467 est
1772 4400 1880 4465 lex
1931 4401 2121 4465 Iunia
2176 4399 2460 4474 Vellaea,
2514 4397 2601 4463 de
2643 4391 2764 4481 qua
