2917 5017
497 297 616 364 158
1015 303 1099 352 De
1135 301 1306 352 Gallia
1337 299 1687 350 Romanorum
1718 299 1980 364 provincia
2014 298 2287 362 appendix.

489 463 688 529 rebus
727 486 766 526 a
803 461 991 528 nobis
1035 463 1370 526 inventum
1423 483 1566 525 esse
1620 459 1853 524 ducem
1900 460 2309 524 verissimum
2328 507 2346 536 ,
2405 461 2761 526 accuratissi-

493 595 704 648 mum,
750 573 814 635 in
859 571 1000 656 ipsa
1045 593 1260 634 rerum
1303 569 1467 634 serie
1512 590 1589 633 ac
1632 579 1917 653 tempore
1960 567 2409 632 constituendo
2452 567 2764 652 diligentis-

495 679 728 742 simum
747 725 764 754 ,
824 678 1000 763 apud
1042 701 1232 762 quem
1277 675 1485 742 sicubi
1526 677 2035 752 offenderemus,
2096 687 2167 740 ut
2218 675 2514 740 subtilius
2552 674 2765 759 quaesi-

493 788 740 864 vimus,
805 798 1026 851 nostra
1075 808 1206 849 non
1260 785 1436 849 illius
1484 786 1677 870 culpa
1722 785 1793 847 id
1836 784 1975 848 fieri
2020 784 2487 870 perspeximus.
2582 781 2767 866 Neque

491 895 708 960 hercle
755 895 810 958 si
851 904 1024 958 recte
1065 894 1350 958 iudicare
1397 894 1711 970 volemuS,
1762 917 1908 957 eum
1924 939 1941 969 ,
1990 893 2100 976 qui
2142 892 2455 963 maximos
2494 891 2768 956 exercitus

491 1003 748 1079 rexerit,
791 1003 1100 1087 plurimas
1143 1025 1248 1067 rcs
1291 1002 1567 1088 gesserit
1612 1002 1678 1064 in
1725 1000 2191 1084 senatoriisque
2238 999 2611 1065 muneribus
2650 1021 2771 1062 con-

493 1113 798 1187 senuerit,
841 1112 909 1174 in
951 1107 1251 1175 Caesaris
1293 1110 1493 1174 rebus
1536 1109 1872 1174 narrandis
1918 1131 2185 1194 peccare
2225 1120 2335 1174 aut
2372 1107 2649 1172 voluisse
2687 1120 2771 1170 aut

496 1221 789 1306 potuisse
837 1230 1214 1284 statuemus.
1295 1216 1539 1298 Quare,
1584 1219 1637 1283 si
1676 1239 1804 1302 quo
1845 1217 1987 1281 loco
2026 1229 2277 1282 veteres
2322 1230 2611 1281 auctores
2648 1215 2775 1278 inter

495 1351 566 1392 se
609 1350 739 1390 non
785 1326 1170 1392 dissentiant
1212 1326 1311 1413 (id
1349 1327 1521 1392 enim
1560 1348 1705 1389 raro
1736 1324 1809 1389 fit
1839 1347 1958 1389 nec
1988 1337 2159 1389 certe
2192 1325 2593 1408 frequentius
2622 1347 2775 1408 quam

491 1435 617 1520 ipsi
673 1435 868 1499 hodie
926 1435 990 1498 in
1049 1435 1132 1499 iis
1198 1456 1364 1519 quae
1421 1433 1705 1498 vidimus
1762 1444 1874 1498 aut
1928 1433 2297 1518 accepimus
2346 1431 2773 1514 dissentimus),

497 1544 614 1607 sed
658 1543 1002 1607 dissentire
1043 1543 1405 1620 videantur,
1451 1554 1951 1608 consentaneum
1992 1551 2109 1618 est,
2154 1563 2283 1605 non
2328 1553 2403 1604 ut
2444 1541 2777 1605 alterutrum

494 1673 800 1735 peccasse
827 1651 1304 1727 existimemus,
1347 1650 1464 1715 sed
1502 1663 1577 1715 ut
1609 1651 1910 1737 primum,
1955 1650 2010 1714 si
2039 1650 2180 1714 fieri
2209 1650 2440 1735 possit,
2482 1649 2775 1730 utriusque

493 1760 868 1824 auctoritate
913 1770 1286 1824 conservata
1329 1760 1603 1844 aliquam
1650 1781 1871 1823 eorum
1916 1758 2471 1823 conciliandorum
2513 1756 2777 1822 rationem

491 1869 814 1944 ineamus,
874 1868 1110 1932 deinde
1165 1879 1238 1933 ut
1279 1879 1537 1932 nostrae
1584 1866 1885 1932 scientiae
1930 1866 2300 1932 diffidentes
2340 1890 2503 1930 num
2547 1865 2780 1929 dixerint

495 1999 660 2059 quae
705 1975 915 2040 dicere
959 1975 1332 2052 videantur,
1399 1975 1857 2041 examinemus,
1946 1974 2165 2060 Atque
2216 1975 2340 2040 hoc
2384 1975 2615 2040 vitium
2658 1975 2779 2040 male

494 2083 1066 2169 intelligendorum
1096 2094 1386 2148 veterum
1425 2084 1810 2168 scriptorum
1848 2083 2227 2148 incredibile
2261 2106 2467 2170 prope
2506 2093 2603 2148 est
2632 2105 2778 2167 quam

492 2192 618 2256 late
657 2200 898 2276 pateat,
943 2191 1026 2256 ad
1069 2203 1226 2276 quot
1270 2201 1333 2256 et
1377 2202 1651 2275 quantos
1698 2213 1947 2256 errores
1995 2192 2221 2256 ducat:
2290 2193 2472 2277 quod
2520 2215 2643 2256 non
2686 2204 2778 2254 tam

493 2322 576 2362 ex
617 2298 892 2382 quadam
935 2310 1157 2364 nostra
1195 2301 1623 2386 negligentia,
1689 2323 1883 2384 quam
1928 2322 2008 2364 ex
2052 2300 2147 2363 rei
2187 2300 2396 2384 ipsius
2440 2300 2779 2366 difficultate

493 2406 798 2472 nascitur.
891 2407 1096 2472 Pauci
1151 2409 1318 2472 enim
1374 2409 1633 2472 omnino
1690 2431 1856 2492 quae
1914 2419 2135 2472 nostra
2188 2408 2420 2492 lingua
2464 2408 2595 2472 dici
2636 2407 2783 2470 audi-

494 2537 660 2604 mus,
695 2515 784 2577 ita
811 2514 1257 2600 intelligimus,
1297 2526 1372 2581 ut
1404 2517 1751 2582 voluerunt
1778 2515 2053 2600 intelligi
2082 2517 2195 2600 qui
2223 2516 2555 2593 dixerunt,
2584 2516 2783 2580 nedum
2842 2543 2847 2598 χ

500 2631 752 2686 veteres
813 2623 1154 2708 scriptores
1208 2635 1382 2688 recte
1424 2624 1828 2708 interpretari
1876 2624 1959 2687 sit.
2002 2624 2312 2689 omnium.
2423 2623 2576 2706 Quo
2617 2623 2785 2708 magis

495 2729 858 2793 cavendum
901 2732 1022 2796 erit
1060 2731 1468 2817 insigniaque
1514 2732 1837 2816 exempla,
1900 2730 2139 2816 quibus
2182 2733 2433 2798 moneri
2474 2733 2787 2819 possimus,

493 2837 838 2923 diligenter
881 2839 1470 2905 animadvertenda.
1574 2838 1804 2924 Neque
1858 2861 2013 2904 vero
2066 2838 2227 2905 haec
2265 2841 2356 2906 ita
2396 2841 2687 2928 disputo,
2735 2847 2786 2902 ut

493 2947 655 3012 alios
701 2948 876 3012 viros
917 2948 1141 3012 doctos
1181 2947 1460 3034 superbe
1506 2948 1886 3032 vituperem,
1934 2970 2035 3012 me
2077 2948 2295 3033 ipsum
2333 2971 2661 3034 nunquam
2696 2969 2785 3011 nec

491 3066 743 3119 veteres
786 3056 1130 3141 scriptores
1173 3055 1388 3120 minus
1433 3067 1605 3120 recte
1649 3055 2043 3120 intellexisse
2086 3057 2304 3122 necin
2332 3078 2561 3122 eorum
2596 3069 2784 3122 aucto-

491 3162 674 3226 ritate
719 3163 1116 3228 aestimanda
1171 3185 1420 3227 errasse
1481 3185 1808 3240 censeam3
1874 3164 1989 3228 sed
2036 3164 2201 3227 illud
2254 3167 2597 3230 ostendere
2638 3165 2786 3229 vole-

451 3347 457 3354 ,
491 3269 670 3346 bam,
733 3271 923 3336 etiam
980 3271 1046 3334 in
1102 3270 1225 3334 hoc
1282 3270 1468 3353 quasi
1510 3269 1815 3335 historico
1860 3294 2093 3354 genere
2136 3273 2539 3357 antiquitatis
2583 3295 2783 3360 cogno-

493 3378 768 3444 scendae
813 3389 950 3444 arte
987 3377 1268 3463 quadam
1315 3377 1539 3442 critica
1579 3400 1743 3464 opus
1788 3401 1951 3456 esse,
1998 3403 2192 3465 quam
2236 3383 2347 3466 qui
2396 3381 2777 3470 scriptoribus
2844 3421 2846 3460 ,

492 3486 772 3570 antiquis
827 3485 1096 3552 edendis
1153 3486 1693 3570 recensendisque
1748 3487 2321 3566 circumscribunt,
2386 3492 2769 3578 amplissimae

499 3595 804 3660 scientiae·
841 3596 1014 3660 iusto
1057 3595 1323 3660 artiores
1368 3594 1531 3660 fines
1577 3595 1995 3659 constituunt.
2844 3673 2846 3678 .

666 3703 1128 3778 Veruntamen,
1169 3713 1241 3766 ut
1263 3703 1343 3767 ad
1376 3726 1513 3768 rem
1546 3704 1626 3768 de
1652 3726 1785 3789 qua
1808 3705 2025 3789 agitur
2050 3707 2407 3784 veniamus,
2446 3731 2531 3773 ex
2563 3706 2778 3780 libellis,

489 3833 650 3897 quos
713 3834 910 3897 supra
965 3811 1276 3888 diximus,
1345 3812 1521 3896 prior
1574 3812 1730 3876 exiit
1793 3813 1973 3878 Frid.
2017 3813 2375 3880 Hofmanni
2432 3817 2517 3882 de
2570 3814 2779 3900 origine
2844 3793 2846 3808 ²

489 3920 640 3984 belli
687 3920 894 3984 civilis
939 3917 1311 3986 Caesariani
1357 3921 1853 3987 commentarius
1899 3923 2142 4005 (Berol.
2192 3925 2416 4006 1857),
2460 3926 2571 4010 qui
2611 3923 2781 3987 histo-

491 4028 688 4091 ricam
739 4027 1055 4112 imprimis
1105 4028 1418 4092 rationem
1471 4031 1780 4113 sequit-ur.
1879 4030 2399 4116 Diligentissime
2458 4034 2623 4098 enim
2674 4049 2780 4114 quo

490 4135 780 4220 quidque
844 4145 1130 4222 tempore
1195 4147 1408 4202 actum
1476 4138 1561 4200 sit
1580 4184 1597 4214 ,
1667 4139 2077 4225 persequitur
2096 4188 2115 4218 ,
2187 4141 2455 4208 consilia
2516 4149 2779 4222 artesque

489 4265 708 4308 eorum
729 4291 746 4320 ‚
811 4244 924 4328 qui
965 4258 1269 4330 egerunt,
1331 4246 1639 4332 explicat,
1690 4248 1965 4312 multum
2004 4249 2070 4312 in
2114 4249 2195 4313 iis
2236 4271 2403 4334 quae
2442 4249 2779 4314 acciderunt

489 4364 784 4418 accurate
847 4353 1220 4418 enarrandis
1276 4366 1603 4430 versatur,
1662 4355 1939 4439 denique
2000 4358 2121 4420 etsi
2172 4357 2333 4421 nihil
2384 4357 2558 4442 quod
2596 4355 2777 4438 aliqua
2844 4381 2846 4406 }
