2917 5017
817 349 898 399 De
933 348 1132 411 legibus
1167 348 1557 412 municipalibus
1592 346 1901 414 Hispanicis.
2394 345 2518 413 293

191 513 460 578 Poterat
509 521 680 576 certe
747 511 940 576 etiam
994 508 1481 596 praerogativae
1539 507 1934 574 sortitionem
1996 533 2520 590 commemorare,

191 622 313 686 sed
375 621 542 685 illud
591 632 877 706 tempore
935 619 1122 685 etiam
1169 618 1352 704 prius
1401 627 1555 682 erat..
1634 617 2072 685 Veruntamen
2114 623 2343 688 incolis
2386 623 2519 688 La-

191 729 350 794 tinis
413 729 469 794 si
523 729 768 794 Romae
811 727 1046 794 licebat
1103 728 1171 792 in
1225 748 1354 790 una
1399 723 1591 802 tribu,
1638 748 1803 810 quae
1852 739 2022 793 sorte
2070 729 2267 796 ducta
2326 745 2518 809 esset,

193 837 583 922 suffragium
632 839 821 913 ferre,
864 836 1091 921 quidni
1137 834 1392 900 licuerit
1447 833 1636 898 etiam
1682 833 1946 920 reliquis
1988 836 2262 915 Latinis,
2307 840 2419 924 qui
2465 840 2521 904 si

191 946 260 1008 in
322 945 458 1010 suis
521 944 780 1032 oppidis
833 955 1254 1019 remanerent,
1313 951 1605 1008 carerent
1674 964 1749 1007 eo
1799 943 1962 1020 iure,
2024 945 2122 1009 sin
2174 946 2241 1010 in
2294 945 2521 1012 urbem

192 1053 547 1130 venissent,
590 1054 973 1119 uterentur?
1028 1052 1178 1117 Hoc
1219 1061 1282 1116 et
1321 1073 1401 1115 ex
1437 1049 1791 1115 incolarum
1825 1049 2356 1119 Malacitanorum
2380 1055 2523 1120 iure

197 1174 266 1226 et
309 1185 390 1226 ex
430 1163 575 1228 loco
615 1161 910 1238 LivianO,
956 1162 1070 1247 qui
1109 1159 1465 1246 explicatus
1513 1169 1629 1235 est,
1677 1161 2111 1245 consequitur,
2156 1185 2277 1228 nec
2308 1174 2521 1228 tamen

197 1294 280 1336 ex
338 1270 482 1336 aliis
525 1270 906 1356 scriptorum
951 1267 1354 1343 testimoniis,
1404 1267 1531 1331 nisi
1572 1289 1649 1332 ea
1686 1267 2003 1332 immerito
2049 1282 2522 1356 spernerentur,

204 1378 515 1464 cognosci
574 1400 703 1442 non
769 1377 999 1464 potuit.
1090 1376 1346 1442 Etenim
1406 1375 1488 1439 de
1545 1371 1621 1440 C.
1672 1373 1953 1440 Gracchi
2006 1377 2370 1444 actionibus
2428 1379 2523 1445 sic

200 1489 402 1552 refert
457 1487 736 1574 Appian.
783 1486 932 1551 bell.
977 1485 1102 1551 civ.
1152 1486 1206 1563 I,
1261 1484 1372 1550 23:
1446 1486 1549 1548 καὶ
1613 1484 1755 1552 τοὺς
1808 1483 2099 1554 Λατίνους
2163 1487 2260 1550 ἐπὶ
2329 1490 2525 1551 πάντα

202 1597 412 1680 ἐκάλει
456 1595 532 1657 τὰ
561 1591 922 1679 Ῥωμαίων,
971 1597 1054 1661 ὥς
1100 1593 1212 1655 οὐκ
1245 1592 1565 1677 εὐπρεπῶς
1608 1591 1919 1674 συγγενέσι
1962 1596 2067 1675 τῆς
2114 1594 2340 1679 βουλῆς
2372 1597 2522 1660 ἀντι-

201 1709 414 1786 στῆναι
463 1703 839 1788 δυναμένης·
885 1706 1002 1765 τῶν
1047 1725 1111 1764 τε
1157 1699 1382 1784 ἑτέρων
1427 1701 1793 1784 συμμάχων,
1840 1701 1929 1769 οἷς
1976 1701 2088 1765 οὐκ
2132 1702 2267 1785 ἐξῆν
2316 1708 2522 1788 ψῆφον

201 1813 264 1874 ἐν
326 1816 458 1880 ταῖς
501 1807 836 1894 Ῥωμαίων
899 1810 1300 1895 χειροτονίαις
1359 1809 1588 1894 φέρειν,
1650 1809 1854 1871 ἐδίδου
1903 1808 2109 1893 φέρειν
2157 1811 2276 1872 ἀπὸ
2322 1811 2525 1887 τοῦδε,

201 1921 299 1982 ἐπὶ
358 1925 449 2003 τῷ
511 1917 672 2003 ἔχειν
727 1920 830 1982 καὶ
885 1918 1098 1985 τοΰςδε
1156 1917 1216 1978 ἐν
1279 1921 1412 1984 ταῖς
1465 1917 1866 2000 χειροτονίαις
1918 1921 2037 1979 τῶν
2095 1917 2299 2001 νόμων
2356 1916 2523 2004 αὐτῷ’

203 2029 659 2093 συντελοῦντας.
767 2024 914 2090 Sint
975 2047 1128 2089 sane
1184 2023 1251 2087 in
1307 2023 1410 2088 his
1466 2023 1843 2109 imperfecta
1906 2025 2113 2088 ἐκάλει
2174 2035 2239 2090 et
2296 2026 2525 2104 ἐδίδου,

206 2156 380 2220 quae
421 2133 505 2197 ab
538 2133 642 2207 iis,
687 2133 798 2217 qui
834 2133 1087 2198 Latinis
1135 2132 1424 2218 suffragii
1461 2132 1567 2198 ius
1603 2132 1806 2197 fuisse
1846 2143 2105 2218 negant,
2132 2145 2524 2220 arguuntur:

201 2267 281 2308 ea
323 2241 496 2306 enim
543 2241 906 2327 significant
956 2241 1322 2327 rogationes
1365 2239 1650 2306 Gracchi
1696 2264 1821 2305 non
1867 2263 2011 2306 esse
2044 2241 2361 2326 perlatast
2410 2244 2528 2309 sed

203 2374 360 2416 cum
402 2347 744 2435 Appianas
788 2349 1058 2415 Latinos
1096 2349 1180 2414 ad
1225 2349 1438 2414 omnia
1480 2349 1722 2414 civium
1778 2350 2210 2415 Romanorum
2256 2351 2345 2414 ait
2384 2351 2530 2417 iura

203 2469 478 2524 vocatos
525 2480 688 2535 esse,
731 2481 943 2523 nonne
980 2457 1224 2523 indicat
1267 2457 1483 2541 aliqua
1518 2456 1646 2523 iam
1699 2467 1844 2522 ante
1892 2481 2003 2524 eos
2060 2458 2408 2525 habuisse?
2468 2472 2532 2526 et

205 2573 360 2632 cum
415 2566 556 2631 aliis
610 2577 864 2653 praeter
905 2566 1174 2631 Latinos
1233 2566 1422 2631 sociis
1465 2565 1625 2631 dicit
1667 2587 1797 2629 non
1835 2565 2101 2631 licuisse
2146 2568 2529 2654 suffragium

203 2677 275 2740 in
342 2676 774 2742 Romanorum
831 2675 1102 2740 comitiis
1160 2675 1350 2749 ferre,
1405 2695 1618 2738 nonne
1676 2694 1904 2737 rursus
1964 2687 2223 2760 apparet
2278 2675 2529 2742 Latinis

207 2783 476 2869 quidem
537 2782 829 2868 suffragii
883 2782 1183 2847 lationem
1234 2780 1481 2846 fuisse?
1573 2779 1755 2844 Haec
1810 2791 1940 2844 tam
1996 2783 2355 2868 perspicua,
2402 2794 2529 2848 tam

209 2902 454 2978 aperta,
507 2901 636 2955 tam
691 2889 878 2966 clara,
933 2899 1007 2953 ut
1062 2889 1434 2976 Appianum
1482 2889 1565 2952 de
1610 2889 1993 2952 Latinorum
2044 2889 2187 2954 iure
2238 2890 2532 2977 suffragii

207 3000 466 3064 tradere
513 3021 843 3083 nunquam
887 2997 1185 3064 debuerit
1219 2997 1465 3080 negari.
1524 2995 1845 3060 Nimirum
1884 2997 2055 3083 fugit
2078 2998 2252 3062 viros
2282 2998 2530 3076 doctos,

212 3131 343 3174 non
386 3131 582 3173 unam
623 3129 767 3173 esse
806 3106 1096 3192 suffragii
1134 3105 1382 3170 ferendi
1423 3105 1736 3168 rationem
1773 3103 2087 3189 aliamque
2122 3127 2264 3170 esse
2290 3106 2532 3172 civium

205 3218 678 3292 Romanorum,
759 3215 950 3280 aliam
1022 3214 1433 3278 Latinorum:
1514 3212 1607 3280 illi
1679 3235 1861 3278 suam
1937 3213 2210 3299 quisque
2292 3215 2531 3280 tribum

209 3325 474 3399 habent,
507 3325 572 3388 in
606 3347 800 3409 quam
835 3322 1106 3389 comitiis
1141 3322 1532 3398 inseruntur,
1562 3321 1649 3398 hi,
1675 3321 1788 3386 ubi
1810 3322 2053 3388 Romae
2080 3324 2531 3401 consederunt,

209 3457 412 3499 unam
459 3443 628 3498 sorte
671 3432 1015 3517 accipiunt,
1065 3431 1170 3495 cui
1211 3443 1691 3496 accenseantur.
1774 3428 1973 3511 Quod
2022 3431 2077 3495 si
2120 3431 2210 3496 ita
2247 3443 2345 3497 est
2383 3435 2535 3516 (nec

215 3543 375 3628 quin
401 3529 508 3606 'ita
551 3541 764 3617 fuerit,
821 3539 1096 3624 amplius
1141 3537 1422 3604 dubitari
1473 3561 1665 3624 posse
1711 3538 2056 3621 existimo),
2099 3561 2311 3604 nonne
2359 3550 2533 3606 recte

214 3650 558 3717 Gracchus
603 3659 897 3714 narratur
946 3648 1112 3713 hanc
1153 3648 1364 3733 legem
1412 3647 1879 3733 promulgasse,
1921 3657 1995 3710 ut
2035 3657 2099 3710 et
2127 3645 2379 3713 Latinis
2404 3669 2534 3713 non

209 3761 279 3825 in
329 3781 479 3835 una,
528 3757 642 3823 sed
688 3779 802 3843 per
843 3780 1064 3822 omnes
1111 3755 1318 3820 tribus
1367 3756 1660 3842 suffragii
1692 3757 1795 3820 ius
1838 3765 2008 3819 esset
2037 3755 2215 3840 (nam
2250 3754 2331 3819 de
2368 3753 2533 3830 aliis,

211 3890 382 3954 quae
419 3868 572 3931 item
607 3865 1079 3953 promulgabat,
1121 3886 1293 3929 nunc
1319 3886 1448 3928 non
1478 3864 1877 3949 disputatur)
1916 3873 1979 3928 et
2011 3862 2277 3946 reliquis
2320 3862 2535 3940 sociis,

213 3977 331 4063 qui
387 3975 473 4038 ad
533 3974 603 4038 id
651 3985 905 4061 tempus
961 3974 1134 4039 omni
1189 3972 1483 4057 suffragii
1531 3972 1671 4036 iure
1736 3981 2093 4046 caruerant,
2134 3969 2300 4034 illud
2342 3980 2535 4047 certe,

213 4084 389 4170 quod
450 4082 666 4147 Latini
726 4092 912 4148 antea
961 4081 1337 4158 habuerant,
1395 4079 1903 4146 concederetur?
1996 4076 2178 4159 Quid
2230 4078 2361 4143 iam
2420 4077 2537 4143 ad-

215 4202 518 4258 versatur
568 4192 951 4256 Latinorum
994 4190 1141 4268 iuri,
1201 4189 1378 4275 quod
1427 4186 1773 4275 Appianus
1829 4186 2031 4264 addit,
2088 4208 2237 4252 cum
2284 4185 2540 4253 comitia

217 4301 300 4367 de
353 4301 504 4386 lege
565 4300 946 4386 Sempronia
993 4299 1334 4376 instarent,
1385 4296 1685 4363 consules
1740 4295 2053 4361 edixisse:
2114 4291 2369 4378 Μηδένα
2417 4297 2535 4356 τῶν

215 4409 288 4473 οὐ
337 4408 652 4495 φερόντων
707 4413 914 4496 ψῆφον
977 4408 1292 4494 ἐπιδημεῖν
1356 4406 1436 4493 τῇ
1482 4406 1661 4472 πόλει
1718 4405 1877 4491 μηδὲ
1932 4401 2367 4489 προςπελάζειν
2416 4401 2536 4466 ἀπὸ
