2917 5017
751 381 834 430 De
867 382 1130 431 dictatoris
1167 380 1404 433 Caesaris
1437 384 1734 433 honoribus.
2277 380 2401 446 245

78 543 324 609 habitis
365 544 634 609 comitiis
679 541 938 623 Caesar,
987 546 1282 630 quamvis
1324 544 1384 609 ei
1423 554 1706 630 potestas
1752 546 2195 611 faciendorum
2238 568 2401 629 quos

80 653 299 730 vellet,
343 653 836 739 magistratuum
875 653 1022 718 data
1065 665 1236 719 esset
1255 701 1271 730 ,
1325 663 1649 739 praetores
1690 676 1907 719 creare
1947 656 2189 740 potuit3
2252 678 2403 721 nam

79 771 256 825 certe
299 760 554 825 sublata
597 783 724 825 non
769 773 920 826 sunt
959 762 1100 847 ipsa
1136 762 1387 827 comitia
1415 772 1605 846 atque
1640 762 1765 827 hoc
1790 774 2039 828 tantum
2072 764 2132 827 ei
2158 764 2401 840 datum,

77 879 146 931 ut
191 889 362 952 quos
406 868 709 954 elegisset
748 891 823 933 ac
865 870 1048 953 quasi
1090 869 1533 956 designasset,
1596 870 1641 933 ii
1688 869 1921 935 deinde
1964 882 2183 936 vetere
2226 894 2402 937 more

78 976 358 1041 comitiis
419 977 965 1042 confirmarentur.
1064 978 1283 1059 Quare
1327 977 1430 1043 bis
1476 978 1559 1043 ad
1606 976 1949 1043 Caesarem
1992 980 2247 1045 comitia
2286 980 2402 1045 de-

74 1088 201 1150 lata
262 1108 410 1150 esse
469 1086 748 1171 reperiO,
813 1087 1012 1151 semel
1071 1108 1238 1151 anno
1284 1086 1362 1152 48
1420 1098 1568 1171 post
1626 1109 1913 1172 pugnam
1968 1086 2405 1153 Pharsalicam

77 1194 238 1272 (Dio
277 1192 522 1269 XLII,
568 1192 715 1273 20),
773 1205 912 1263 tum
957 1216 1125 1259 anno
1171 1195 1250 1259 45
1295 1204 1439 1280 post
1482 1192 1723 1259 bellum
1766 1195 2202 1281 Hispaniense
2244 1196 2405 1279 (Dio

75 1300 322 1367 XLIII
340 1348 359 1377 ,
407 1302 548 1385 45),
609 1323 758 1365 cum
815 1302 1259 1387 comprehensi
1318 1314 1469 1367 sunt
1522 1304 1710 1368 etiam
1762 1302 2004 1368 tribuni
2060 1314 2123 1367 et
2164 1303 2403 1369 aediles

77 1410 347 1496 plebeii,
391 1410 507 1475 sed
551 1410 808 1475 comitia
849 1423 1059 1475 tamen
1101 1410 1400 1476 omnibus
1443 1413 1662 1488 annis,
1708 1411 1945 1495 quibus
1989 1412 2403 1496 magistratus

77 1519 228 1584 facti
279 1529 454 1595 sunt,
494 1520 614 1583 rite
651 1518 868 1583 habita
902 1519 1035 1582 Dio
1075 1532 1551 1585 commemorat.
1622 1516 1959 1585 Constabit
1998 1520 2200 1606 igitur
2238 1542 2405 1585 anno

79 1629 152 1692 45
197 1629 468 1692 ineunte
508 1628 716 1692 nullos
759 1627 964 1691 fuisse
993 1628 1236 1693 Romae
1279 1628 1695 1713 magistratus
1744 1629 2001 1693 curules
2020 1652 2038 1705 ;
2083 1652 2229 1693 nam
2269 1630 2404 1715 ple-

77 1738 254 1802 beios
317 1760 404 1801 ne
465 1748 604 1800 tum
654 1735 920 1822 quidem
978 1736 1252 1801 omissos
1307 1758 1450 1801 esse
1510 1732 1861 1801 Suetonius
1922 1748 2211 1802 testatur.
2313 1738 2406 1803 At

81 1857 358 1911 exeunte
397 1869 566 1910 anno
600 1847 678 1910 45
719 1868 866 1911 cum
899 1841 1144 1908 Caesar
1183 1866 1263 1907 ex
1289 1843 1609 1928 Hispania
1643 1845 2034 1921 revertisset,
2072 1867 2203 1930 quo
2241 1857 2404 1909 tem-

77 1978 231 2040 pore
277 1955 584 2019 consules
627 1964 874 2019 creatos
921 1974 1064 2017 esse
1113 1962 1360 2017 constat
1385 1951 1452 2014 in
1480 1961 1609 2015 tres
1636 1951 2025 2017 novissimos
2052 1953 2200 2016 anni
2226 1976 2406 2017 men-

83 2086 204 2140 ses,
250 2086 411 2126 num
441 2063 634 2127 etiam
656 2073 980 2148 praetores
1007 2072 1507 2145 quaestoresque
1538 2060 1687 2124 facti
1719 2071 1889 2136 sunt,
1925 2071 2000 2125 ut
2024 2084 2253 2139 annus,
2294 2061 2407 2146 qui

79 2172 274 2236 nullis
323 2170 808 2255 magistratibus
856 2180 1123 2255 coeptus
1168 2177 1359 2245 esset,
1405 2167 1669 2233 eosdem
1714 2180 1925 2233 tamen
1976 2191 2137 2253 quos
2178 2170 2409 2254 reliqui

80 2282 500 2366 magistratus
533 2278 840 2344 haberet?
902 2277 1230 2342 Videntur
1269 2298 1454 2352 sane3
1500 2299 1649 2340 nam
1686 2277 1967 2362 primum
1992 2277 2125 2341 Dio
2146 2277 2407 2353 XLIII,

82 2392 156 2455 48
217 2414 336 2473 per
391 2388 748 2454 absentiam
789 2384 1087 2452 Caesaris
1146 2387 1238 2465 (ἐν
1291 2390 1368 2469 τῇ
1415 2386 1732 2469 ἀποδημίᾳ
1780 2384 1861 2469 τῇ
1908 2390 2017 2448 τοῦ
2064 2382 2407 2471 Καίσαρος)

81 2500 164 2564 ait
215 2498 586 2585 praefectos
634 2494 862 2561 urbem
921 2495 1202 2570 rexisse,
1262 2504 1336 2557 ut
1378 2484 1608 2559 rursus
1655 2503 1991 2579 praesente
2038 2514 2114 2557 eo
2157 2502 2408 2558 veteres

79 2608 504 2695 magistratus
558 2604 760 2670 fuisse
808 2602 1161 2669 debeamus
1208 2602 1542 2689 colligere3
1606 2602 1759 2666 item
1800 2602 1975 2667 idem
2018 2624 2073 2667 c.
2120 2604 2199 2669 47
2242 2624 2411 2667 anno

81 2718 156 2782 45
197 2714 722 2801 quattuordecim
764 2723 1088 2798 praetores
1129 2711 1334 2776 fuisse
1374 2710 1482 2787 ait,
1526 2721 1590 2775 at
1624 2732 1679 2774 c.
1709 2710 1787 2777 49
1824 2733 1991 2775 anno
2017 2710 2096 2775 44
2128 2710 2412 2775 sedecim

81 2838 437 2911 praetores,
485 2846 564 2887 ex
603 2845 734 2907 qua
771 2820 1022 2885 numeri
1071 2820 1444 2884 diversitate
1491 2818 1649 2882 alios
1696 2840 1863 2882 anno
1903 2818 2003 2893 44,
2049 2817 2207 2881 alios
2244 2840 2411 2882 anno

83 2936 155 2999 45
201 2934 628 3019 magistratus
667 2932 874 2995 factos
919 2952 1060 2993 esse
1099 2926 1543 3013 intelligimus.
1642 2925 1973 3010 Sequitur,
2014 2935 2089 2989 ut
2127 2947 2293 2989 anno
2330 2925 2409 2989 45

83 3042 330 3108 Caesar
386 3052 724 3127 postquam
780 3037 1076 3113 revertit,
1137 3035 1479 3101 consulatu
1539 3044 1766 3118 quarto
1821 3044 2081 3119 propter
2119 3033 2263 3119 ipsa
2302 3054 2412 3098 co-

81 3154 279 3229 mitia,
329 3161 406 3216 ut
451 3150 701 3236 opinor,
749 3147 908 3211 inito
952 3166 1079 3209 non
1124 3144 1337 3209 minus
1385 3155 1711 3228 praetores
1758 3153 1819 3205 et
1862 3140 2103 3206 aediles
2154 3142 2411 3206 curules

83 3274 142 3326 et
169 3270 554 3346 quaestores
591 3278 787 3343 quam
826 3253 1142 3329 consules,
1164 3274 1440 3337 quorum
1468 3252 1727 3316 nomina
1746 3251 1811 3313 in
1838 3250 2021 3315 fastis
2046 3250 2411 3327 traduntur,

83 3371 278 3436 creati
311 3368 464 3445 sint,
495 3364 972 3447 Suetoniusque
999 3360 1176 3446 quod
1200 3360 1288 3426 ait
1312 3363 1508 3422 medio
1534 3360 1704 3424 inter
1726 3359 2130 3423 consulatum
2161 3363 2413 3421 tertium

83 3492 142 3543 et
186 3488 494 3561 quartum
541 3488 822 3560 tempore
867 3470 1046 3535 nulla
1087 3468 1345 3534 comitia
1384 3466 1605 3533 habita
1642 3489 1805 3543 esse,
1854 3467 1936 3531 sit
1982 3466 2414 3531 verissimum.

255 3586 454 3651 Haec
493 3604 658 3667 quae
699 3581 780 3645 de
818 3578 1156 3666 praefectis
1194 3576 1691 3662 disputavimus,
1736 3575 2193 3640 confirmantur
2230 3596 2417 3660 pror-

87 3720 196 3763 sus
241 3713 662 3760 nummorum
709 3686 1035 3763 memoria,
1075 3706 1350 3772 quorum
1393 3706 1515 3770 ope
1552 3684 1743 3749 etiam
1786 3682 2118 3769 contingit,
2158 3691 2230 3745 ut
2254 3703 2417 3765 quo-

83 3806 374 3869 rundam
432 3823 511 3866 ex
570 3800 672 3864 his
728 3796 1071 3884 praefectis
1131 3794 1390 3858 nomina
1443 3814 1931 3879 cognoscamus.
2028 3788 2197 3855 Sunt
2250 3788 2417 3853 enim

87 3911 346 3978 nummi
401 3908 574 3994 apud
634 3905 905 3971 Eckhel.
957 3904 1056 3969 VI
1107 3926 1168 3989 p.
1213 3903 1249 3967 7
1305 3900 1420 3981 (V.
1480 3924 1544 3986 p.
1582 3900 1771 3982 257),
1848 3899 1913 3963 in
1971 3898 2211 3983 quibus
2271 3917 2417 3960 cum

89 4020 166 4086 C·
197 4016 473 4085 CAES·
517 4011 697 4080 DIC·
739 4012 940 4077 TER·
981 4010 1396 4096 coniungitur
1440 4009 1521 4073 L·
1565 4004 2013 4073 PLANCVS·
2056 4004 2193 4070 PR·
2235 4002 2419 4069 VRB

95 4130 236 4194 sive
272 4122 600 4191 PRAEF·
640 4120 868 4196 VRB·,
909 4130 984 4184 ut
1023 4118 1294 4183 dubium
1333 4138 1479 4181 esse
1522 4136 1651 4179 non
1692 4115 1916 4201 possit,
1956 4113 2109 4197 quin
2147 4111 2230 4176 L.
2266 4110 2421 4174 Mu-

91 4238 314 4302 natius
361 4234 676 4307 Plancus,
731 4230 838 4294 ille
882 4230 993 4313 qui
1037 4228 1390 4315 imperante
1429 4224 1738 4310 Augusto
1793 4222 2092 4309 princeps
2144 4217 2422 4285 civitatis

93 4346 256 4420 fuit,
321 4342 591 4407 dicatur.
691 4334 826 4403 Alii
871 4335 1114 4401 nummi
1159 4334 1331 4420 apud
1376 4330 1648 4397 Eckhel.
1690 4330 1787 4396 VI
1832 4353 1895 4416 p.
1934 4329 2006 4405 8,
2070 4328 2137 4391 in
2184 4324 2423 4411 quibus

100 4462 344 4539 quarta
385 4448 686 4515 Caesaris
731 4446 1050 4513 dictatura
1093 4464 1242 4508 cum
1287 4441 1515 4506 eodem
1557 4438 1639 4505 L.
1682 4436 1906 4504 Planci
1957 4434 2199 4500 honore
2253 4454 2425 4497 com-
