2917 5017
783 338 868 388 De
905 335 1078 387 Gallia
1113 336 1467 385 Romanorum
1510 336 1787 401 provincia.
2306 331 2422 398 137

132 505 330 582 citavi,
379 503 534 568 scite
580 502 834 568 sublata
876 509 974 564 est
1015 521 1054 564 a
1096 499 1270 564 Bart.
1310 497 1627 584 Borghes.
1672 499 1739 564 in
1779 499 2015 566 Annal.
2052 500 2214 565 Inst.
2254 500 2427 564 arch.

138 613 281 684 1849
327 636 390 699 p.
433 613 534 678 58.
635 609 847 674 Docet
905 608 1074 672 enim
1137 631 1216 672 ex
1275 607 1487 673 Dione
1525 607 1789 685 LVIII,
1835 609 1947 685 23,
2005 609 2117 693 qui
2170 618 2432 695 propter

131 722 396 807 inopiam
435 729 799 785 senatorum
837 741 918 782 ex
957 717 1291 782 senatoriis
1328 715 1677 801 provinciis
1714 717 2046 800 quasdam,
2082 740 2247 802 quae
2278 739 2430 782 con-

132 832 360 897 sulares
409 838 664 905 essent,
720 849 835 913 per
891 848 1003 898 sex
1049 847 1248 890 annos
1289 823 1369 889 ab
1409 824 1643 889 iisdem
1687 825 2181 911 proconsulibus
2222 836 2430 891 rectas

70 981 72 990 ·
130 963 259 1004 esse
300 948 546 1013 narrat,
594 947 656 1000 et
701 957 781 1000 ex
819 935 1004 999 titulo
1050 931 1127 998 C.
1165 933 1410 998 Maeuii
1451 933 1663 1008 Bassi,
1712 934 1826 1018 qui
1866 938 1961 1000 M.
2004 938 2219 998 Silani
2242 957 2431 1016 prae-

70 1117 72 1120 ,
113 1051 315 1126 fectus
345 1047 623 1126 flabrum
681 1055 848 1106 sexto
901 1042 1258 1129 appellatur
1315 1042 1522 1128 (apud
1576 1041 1886 1106 Kellerm.
1944 1042 2095 1125 Vig.
2150 1065 2212 1106 n.
2255 1042 2431 1124 257),

70 1217 72 1230 ζ
131 1156 213 1218 Μ.
241 1154 554 1231 Silanum,
598 1150 742 1218 Caii
773 1148 1070 1216 Caesaris
1115 1172 1432 1226 socerum,
1472 1173 1590 1236 per
1632 1173 1746 1215 sex
1782 1173 1984 1216 annos
2024 1149 2105 1216 ab
2144 1173 2311 1215 anno
2350 1151 2431 1216 32

70 1231 74 1324 l
130 1265 372 1329 Africae
399 1261 784 1348 praefuisse,
817 1271 958 1324 tum
981 1269 1352 1345 revocatum
1383 1280 1458 1322 ac
1484 1259 1645 1322 mori
1676 1269 1965 1324 coactum
1990 1281 2133 1324 esse
2162 1280 2327 1323 anno
2352 1260 2431 1324 39

130 1373 272 1460 (Dio
313 1371 521 1448 LIX,
571 1372 644 1446 83
693 1369 874 1460 Suet.
921 1365 1130 1453 Calig.
1171 1367 1288 1442 233
1341 1365 1495 1431 Tac.
1539 1366 1767 1452 Agric.
1810 1369 1901 1453 7).
2003 1367 2192 1431 Tunc
2234 1367 2435 1452 igitur

70 1459 73 1606 ι
132 1479 332 1544 statuit
376 1475 685 1564 Caligula
725 1475 1124 1563 provinciam
1165 1475 1479 1550 dividere,
1521 1474 1743 1540 divisit
1780 1477 1971 1562 paulo
2009 1486 2159 1562 post
2197 1477 2277 1540 L.
2318 1477 2431 1540 Pi-

135 1611 263 1652 sone
305 1587 373 1650 in
395 1586 694 1652 Africam
737 1585 956 1661 misso,
997 1595 1072 1648 ut
1111 1583 1218 1648 hic
1251 1583 1501 1668 primus
1546 1583 2004 1669 angustiorem,
2046 1585 2140 1650 M.
2170 1585 2431 1650 Silanus

70 1755 73 1758 .
135 1707 482 1782 postremus
525 1704 808 1759 veterem
841 1693 1238 1779 provinciam
1278 1692 1665 1777 proconsule
1702 1693 1959 1758 rexerit.
2026 1691 2161 1758 Sed
2188 1704 2259 1758 ut
2287 1694 2431 1769 hoc,

70 1832 73 1868 ÷
133 1804 285 1890 quod
325 1804 546 1870 minus
585 1805 716 1869 huc
759 1802 1066 1888 pertinet,
1127 1800 1487 1877 mittamus,
1548 1823 1699 1866 vere
1746 1825 1783 1865 a
1824 1799 2125 1886 Caligula
2160 1803 2226 1866 in
2270 1802 2433 1866 duas

70 1943 74 1978 ·.
134 1911 318 1998 partes
350 1913 650 1978 Africam
689 1911 1078 1976 disiunctam
1119 1931 1262 1973 esse
1305 1918 1523 1994 aperte
1564 1909 1844 1974 ostendit
1883 1909 2033 1975 Dio.
2112 1910 2246 1992 Qui
2288 1933 2434 1974 cum

70 2051 74 2086 ·.
134 2023 204 2086 ait
239 2024 336 2086 καὶ
363 2022 427 2092 ἐξ
459 2023 698 2085 ἐκείνου
745 2021 846 2083 καὶ
889 2021 1072 2102 δεῦρο
1119 2023 1296 2080 τοῦτο
1342 2019 1625 2100 γίγνεται,
1670 2018 1795 2082 hoc
1834 2030 2005 2082 certe
2042 2018 2215 2096 dicit,
2261 2019 2435 2102 quod

69 2171 74 2182 ·
132 2131 474 2196 institutum
529 2131 610 2194 sit
653 2153 691 2195 a
729 2125 1051 2213 Caligula,
1103 2149 1312 2210 usque
1356 2126 1440 2189 ad
1490 2148 1670 2190 suam
1710 2136 1981 2191 aetatem
2022 2127 2067 2191 i.
2108 2151 2162 2192 e.
2211 2149 2435 2193 saecu—

70 2269 73 2302 ;
128 2241 247 2303 lum
289 2240 554 2304 tertium
595 2261 660 2323 p.
705 2235 861 2300 Chr.
906 2257 1181 2310 manere,
1228 2256 1356 2318 quo
1398 2245 1682 2320 tempore
1726 2257 1915 2300 nemo
1962 2247 2060 2300 est
2080 2283 2097 2312 ‚
2140 2237 2253 2320 qui
2294 2236 2437 2300 Nu-

70 2399 72 2414 .
133 2349 370 2413 midiam
410 2346 494 2412 ab
521 2345 752 2411 Africa
787 2343 1230 2430 proconsulari
1262 2365 1533 2428 prorsus
1572 2344 1925 2410 seiunctam
1970 2346 2173 2409 fuisse
2211 2359 2435 2431 neget3

134 2459 250 2542 ipse
309 2457 480 2521 enim
546 2452 1020 2519 Mommsenius
1085 2451 1438 2536 imperante
1504 2449 1819 2535 Septimio
1886 2451 2131 2518 Severo
2203 2477 2437 2519 nomen

70 2593 74 2628 ς
137 2564 422 2649 praesidis
474 2561 826 2627 Numidiae
868 2569 1206 2642 ‘mutatum
1273 2581 1543 2643 eamque
1608 2583 1797 2644 quam
1864 2572 2087 2646 postea
2148 2563 2436 2628 extitisse

69 2703 73 2737 :
139 2683 296 2757 putat
358 2671 734 2758 provinciae
803 2667 1188 2734 divisionem
1258 2667 1575 2733 accidisse
1642 2668 2041 2755 opinabatur.
2166 2671 2435 2755 Insigne

70 2811 72 2834 ε
139 2781 312 2865 igitur
347 2781 506 2844 hinc
545 2779 824 2844 efficitur
861 2777 1340 2853 documentum,
1382 2799 1511 2861 quo
1548 2800 1941 2853 moneamur,
1980 2800 2059 2842 ne
2092 2779 2433 2864 scriptores

76 2959 77 2978 2
143 2889 208 2952 de
255 2888 627 2975 legionibus
683 2887 838 2952 solis
857 2934 874 2963 ,
937 2907 1100 2970 quae
1159 2885 1331 2949 vires
1393 2885 1645 2971 imperii
1708 2884 2091 2963 efficiebant,
2151 2887 2437 2954 dicentes

141 2997 280 3062 male
315 2996 780 3082 intelligamus,
827 2994 942 3058 sed
983 2993 1147 3058 illud
1186 2994 1406 3078 utique
1446 3005 1797 3070 teneamus,
1834 2995 2010 3079 quod
2052 2994 2437 3060 fundamen-

144 3115 256 3168 tum
307 3103 497 3190 quasi
557 3103 682 3168 fuit
738 3103 990 3189 imperii
1049 3102 1358 3178 Romani,
1420 3112 1495 3166 ut
1554 3103 1668 3188 qui
1724 3101 2035 3167 militibus
2096 3114 2438 3187 praeesset,

145 3214 391 3278 eundem
433 3212 747 3299 populos,
805 3211 1042 3296 quibus
1089 3211 1320 3276 milites
1363 3211 1687 3297 praesidio
1732 3222 1943 3289 erant,
1998 3211 2245 3278 rexisse
2288 3233 2439 3278 cen-

147 3345 392 3386 seamus.
477 3320 700 3402 Quare
745 3320 846 3384 sui
889 3329 1070 3384 erant
1108 3320 1271 3385 fines
1317 3321 1686 3403 proconsuli
1730 3321 2023 3397 Africae,
2082 3320 2183 3385 sui
2224 3322 2439 3406 legato

70 3441 72 3448 '
146 3429 462 3495 Numidiae
521 3451 643 3494 nec
689 3428 1034 3514 quicquam
1085 3428 1254 3494 inter
1305 3451 1416 3494 eos
1474 3451 1845 3506 commune,
1902 3429 2028 3494 nisi
2072 3429 2249 3514 quod
2292 3451 2439 3494 cum

153 3539 478 3622 antiquitus
533 3559 664 3601 una
713 3537 946 3601 fuisset
995 3537 1330 3623 provincia
1371 3537 1601 3604 Africa
1654 3537 2067 3622 seiunctaque
2118 3559 2155 3600 a
2212 3537 2439 3602 ceteris

70 3661 72 3670 '
154 3647 470 3728 provinciis
513 3645 706 3722 mari,
767 3667 1228 3730 nonnunquam
1275 3647 1549 3712 fortasse
1594 3645 1937 3730 scriptores
1955 3691 1974 3724 ,
2022 3644 2181 3710 dum
2226 3645 2439 3710 minus

71 3809 73 3838 ,
153 3765 417 3821 accurate
474 3756 830 3839 loquuntur
847 3802 866 3831 ,
931 3755 1124 3820 etiam
1181 3754 1396 3840 legato
1454 3753 1744 3819 Africam
1808 3752 2091 3818 tribuere
2148 3763 2441 3838 possunt.

152 3859 348 3946 Neque
389 3862 594 3939 enim,
651 3863 826 3947 quod
864 3863 1000 3940 via,
1057 3885 1222 3947 quae
1263 3862 1348 3928 ab
1393 3863 1773 3948 imperatore
1818 3861 2152 3926 Hadriano
2196 3885 2235 3926 a
2281 3859 2441 3927 Car·-

73 4014 75 4070 3
153 3968 382 4054 thagine
427 3970 795 4036 Thevesten
837 3970 1085 4036 munita
1125 3982 1222 4036 est
1273 3971 1539 4054 (Marin.
1582 3970 1732 4036 Act.
1772 3968 1947 4034 fratr.
1988 3969 2149 4035 Arv.
2194 3994 2257 4056 p.
2280 3970 2439 4046 7733

73 4075 75 4115 ⁴
156 4075 432 4143 Letronn.
475 4079 638 4161 Rev.
683 4079 1082 4165 archaeolog.
1129 4079 1288 4145 1844
1333 4103 1396 4165 p.
1431 4079 1609 4164 825),
1651 4080 1821 4144 facta
1862 4099 2005 4143 esse
2048 4077 2285 4142 dicitur
2327 4099 2441 4143 cu-

71 4207 73 4280 1
157 4195 310 4250 rante
363 4187 436 4250 P.
473 4188 724 4254 Metilio
765 4187 1072 4254 Secundo
1123 4188 1338 4273 legato
1383 4187 1667 4274 Augusti
1720 4209 1819 4272 pr.
1858 4209 1986 4272 pr.,
2048 4185 2237 4249 docet
2292 4205 2440 4270 pro-

161 4295 414 4361 consulis
473 4306 538 4362 et
593 4297 792 4383 legati
853 4297 1220 4382 provincias
1277 4317 1404 4360 non
1467 4296 1671 4361 fuisse
1732 4295 1995 4360 divisas.
2106 4291 2442 4376 Siquidem

165 4399 209 4462 si
247 4403 342 4468 via
379 4403 636 4490 publice
676 4405 1078 4492 imperatoris
1124 4404 1312 4470 iussu
1353 4427 1471 4490 per
1505 4404 1827 4490 legionem
1848 4404 1953 4470 III
1978 4403 2155 4486 Aug.
2192 4399 2442 4464 munie-
