2917 5017
794 366 877 415 De
920 363 1090 414 Gallia
1126 364 1477 415 Romanorum
1527 366 1804 429 provincia.
2359 361 2440 427 35

158 523 646 607 obstringeretur
686 547 763 591 ac
800 525 1027 589 merita
1070 524 1353 609 praemio
1396 524 1827 591 afficerentur.
1897 524 2080 607 Quid
2123 524 2293 590 enim
2331 537 2448 602 est,

158 632 313 717 quod
348 632 634 698 Velleius
675 633 767 709 II,
813 632 889 698 16
928 630 1183 697 scribit:
1246 635 1564 695 Paulatim
1609 636 1825 697 deinde
1861 636 2206 716 recipiendo
2250 640 2319 697 in
2357 639 2450 696 ci·-

160 747 381 804 vitatem
400 792 415 819 ,
473 746 589 823 qui
626 764 807 805 arma
860 750 978 803 aut
1016 762 1143 803 non
1183 750 1471 820 ceperant
1515 751 1630 803 aut
1673 744 2076 823 deposuerant
2117 746 2446 818 maturius,

160 854 297 911 vires
335 872 449 911 esse
482 852 799 929 refectas?
850 846 925 913 Si
971 848 1077 912 lex
1120 869 1195 911 ea
1238 856 1392 922 erat,
1434 868 1630 930 quam
1653 845 1883 913 Cicero
1915 848 2092 924 dicit,
2136 858 2211 913 ut
2237 848 2451 912 omnia

161 956 459 1019 civitatum
510 978 748 1041 genera
791 955 1339 1041 complecteretur,
1382 955 1708 1037 quomodo
1735 938 2007 1021 'tandem
2045 957 2287 1021 factum
2330 967 2447 1032 est,

160 1075 221 1127 ut
256 1086 322 1127 ea
360 1064 663 1147 paulatim
700 1062 1181 1149 reciperentur?
1250 1058 1443 1127 Certe
1485 1086 1614 1127 non
1657 1064 1766 1141 ita,
1807 1076 1880 1129 ut
1927 1064 2281 1151 generatim
2317 1064 2448 1149 pri-

160 1194 311 1235 mum
330 1170 541 1234 Latini
584 1172 821 1256 quique
844 1170 1113 1235 Latinae
1139 1181 1357 1235 essent
1397 1170 1814 1248 condicionis,
1857 1170 2092 1235 deinde
2114 1171 2447 1248 foederati,

160 1288 275 1341 tum
318 1278 467 1343 socii
510 1278 984 1364 reciperentur;
1022 1278 1089 1341 id
1117 1277 1289 1342 enim
1321 1289 1395 1360 et
1421 1301 1572 1343 cum
1615 1301 1689 1341 ea
1728 1301 1892 1364 quae
1937 1302 2134 1366 supra
2160 1280 2449 1365 exposita

160 1374 242 1450 est
274 1386 503 1450 ratione
548 1396 867 1471 pugnaret
916 1397 981 1450 et
1034 1408 1185 1450 cum
1226 1385 1459 1451 Velleii
1503 1385 1718 1450 verbis
1777 1398 1842 1451 et
1893 1410 2041 1452 cum
2081 1388 2224 1453 aliis
2265 1387 2447 1453 testi-

160 1492 380 1557 moniis.
461 1491 599 1556 Sed
640 1503 841 1579 prout
894 1492 1197 1577 quodque
1242 1493 1557 1578 oppidum
1601 1493 1708 1559 vel
1760 1494 1924 1559 bene
1966 1495 2280 1559 meruisse
2321 1494 2446 1570 vel,

162 1600 267 1663 nisi
318 1600 566 1665 civitate
638 1601 789 1665 data
852 1601 1329 1677 conciliaretur,
1394 1622 1624 1665 nocere
1681 1624 1875 1687 posse
1925 1602 2297 1677 videbatur,
2359 1602 2448 1665 ita

74 1786 79 1797 .
160 1708 552 1793 recipiebatur
590 1731 713 1774 nec
756 1709 1029 1773 dubium
1090 1719 1223 1784 est,
1270 1708 1427 1791 quin
1489 1708 1628 1772 fieri
1670 1710 1986 1795 potuerit,
2042 1722 2116 1774 ut
2159 1733 2238 1775 ex
2283 1710 2443 1795 ipsis

168 1816 393 1882 coloniis
430 1816 687 1882 Latinis
728 1817 957 1883 eodem
1012 1827 1299 1902 tempore
1344 1816 1506 1881 aliae
1549 1816 1804 1893 civitate
1865 1828 2230 1894 uterentur,
2287 1819 2446 1883 aliae

166 1945 278 1986 non
320 1934 654 1990 uterentur
738 1925 841 1990 Ac
881 1924 1181 2007 quoniam
1237 1923 1405 1988 inter
1456 1946 1636 1988 arma
1691 1925 1833 2009 ipsa
1887 1947 1965 1990 ac
2003 1924 2244 1990 bellum
2289 1926 2442 1989 dum

162 2053 359 2115 magna
395 2032 802 2098 contentione
843 2033 1121 2119 geritur,
1172 2032 1427 2097 civitate
1475 2030 1780 2117 paulatim
1818 2031 2030 2095 danda
2072 2033 2444 2099 Italicorum

164 2140 511 2224 populorum
536 2140 735 2205 animi
755 2141 1051 2227 placandi
1078 2150 1278 2216 erant,
1307 2162 1435 2204 non
1463 2140 1720 2204 videtur
1753 2162 1896 2205 esse
1927 2150 2443 2219 consentaneum,

164 2258 224 2308 ut
256 2247 327 2311 de
369 2248 643 2333 singulis
684 2248 937 2334 populis
980 2248 1087 2313 vel
1128 2248 1402 2331 singulis
1446 2248 1610 2311 adeo
1649 2232 1903 2333 oppidis
1942 2248 2236 2333 singulae
2261 2249 2442 2334 leges

164 2376 230 2415 ex
268 2372 509 2421 senatus
556 2356 873 2421 consultis
929 2357 1010 2421 ad
1052 2355 1367 2441 populum
1420 2356 1587 2421 latae
1634 2354 1718 2420 ab
1769 2378 1972 2439 eoque
2024 2356 2242 2423 iussae
2285 2358 2441 2423 sint:

166 2460 243 2523 sic
276 2462 429 2526 enim
469 2486 776 2549 persaepe
814 2465 1177 2540 accidisset,
1221 2475 1293 2528 ut
1339 2464 1442 2527 vel
1489 2463 1737 2527 occasio
1779 2463 1872 2527 rei
1910 2463 2074 2529 bene
2121 2465 2443 2550 gerendae

152 2571 734 2650 ‘praetermitteretur
789 2573 896 2638 vel
951 2572 1107 2637 socii
1174 2572 1332 2658 ipsi,
1400 2571 1511 2654 qui
1565 2571 1844 2635 incertae
1897 2572 2121 2658 populi
2171 2572 2444 2637 Romani

168 2676 439 2742 voluntati
479 2702 624 2744 sese
660 2680 1027 2764 permittere
1070 2688 1466 2755 vererentur,
1509 2679 1842 2763 promissis
1877 2680 2176 2766 praemiis
2214 2703 2444 2765 parum

176 2785 541 2852 confiderent.
650 2786 872 2869 Quare
927 2810 1075 2853 cum
1129 2788 1276 2872 lege
1332 2786 1502 2851 Iulia
1557 2788 1753 2851 semel
1825 2788 2210 2873 permissum
2273 2798 2444 2853 esset

183 2892 421 2959 omnibus
484 2896 743 2981 populis
784 2895 1025 2960 Italicis
1070 2894 1393 2959 civitatem
1445 2894 1760 2971 tribuere,
1819 2895 2076 2960 brevior
2127 2893 2444 2979 quaedam

173 2999 475 3085 eademque
518 3004 752 3071 certior
791 3004 899 3067 via
938 3002 1328 3069 invenienda
1366 3012 1521 3079 erat,
1565 3024 1692 3085 qua
1715 3002 1891 3085 quod
1918 3001 2153 3067 licebat
2188 3024 2442 3088 reprae-

176 3118 499 3175 sentaretur.
554 3111 695 3177 Nec
739 3112 870 3177 scio
913 3134 1071 3175 num
1116 3111 1269 3175 satis
1311 3109 1529 3185 fuerit,
1567 3108 1818 3175 sublata
1857 3109 2079 3196 populi
2121 3109 2443 3175 sanctione

178 3214 239 3276 ad
271 3230 539 3283 senatum
592 3220 871 3284 civitatis
916 3219 1020 3284 vel
1063 3218 1311 3283 dandae
1351 3219 1456 3282 vel
1494 3238 1622 3282 non
1663 3216 1911 3281 dandae
1954 3216 2288 3281 arbitrium
2327 3216 2443 3283 de·-

189 3321 335 3401 ferre3
372 3348 574 3410 neque
620 3326 791 3391 enim
832 3327 898 3391 in
943 3327 1067 3391 hoc
1114 3336 1225 3391 aut
1267 3326 1514 3391 minora
1558 3324 1831 3410 partium
1874 3324 2088 3389 studia
2125 3334 2304 3389 erant
2333 3333 2444 3387 aut

184 3430 337 3495 multo
371 3434 693 3499 difficilior
731 3433 1073 3498 differendi
1117 3433 1356 3499 decreti
1400 3432 1707 3507 facultas,
1761 3442 1851 3507 et,
1907 3432 1961 3497 si
2005 3432 2150 3518 lege
2195 3441 2446 3518 praeter

181 3544 408 3623 tempus,
450 3564 579 3626 quo
614 3563 906 3626 quaeque
954 3541 1180 3606 civitas
1211 3541 1625 3626 reciperetur,
1669 3539 1914 3623 reliqua
1939 3537 2442 3631 definiebantur,

182 3645 527 3727 aptissimum
587 3659 757 3725 erat,
813 3649 925 3713 uni
978 3647 1380 3733 magistratui
1434 3668 1690 3711 omnem
1741 3655 2116 3731 potestatem
2170 3646 2445 3711 civitatis

186 3748 385 3819 dandae
430 3757 815 3842 permittere.
915 3754 1109 3821 Certe
1162 3755 1354 3821 etiam
1406 3754 1572 3819 illud
1630 3753 1938 3820 accedere
1996 3754 2280 3839 oportuit
2297 3800 2317 3831 ,
2373 3763 2448 3818 ut

184 3862 361 3943 populi
396 3865 511 3951 ipsi
554 3866 877 3932 civitatem
924 3874 1230 3950 cuperent
1272 3863 1638 3947 omissaque
1683 3872 1898 3927 vetere
1957 3882 2074 3925 sua
2115 3862 2448 3947 republica

184 3963 235 4027 in
264 3991 476 4039 novum
516 3975 621 4039 ius
670 3972 940 4039 transire
978 3971 1217 4037 vellent
1273 3971 1319 4035 i.
1366 3994 1421 4036 e.
1466 3980 1541 4035 ut
1583 3968 1771 4035 fundi
1813 3968 2073 4045 fierent;
2131 3969 2224 4035 sic
2277 3968 2448 4034 enim

188 4070 285 4139 hoc
312 4078 416 4145 rite
456 4082 827 4168 appellatur.
914 4080 1049 4145 Sed
1090 4088 1429 4165 perspecta
1473 4078 1856 4165 populorum
1905 4076 2256 4163 cupiditate
2301 4076 2446 4160 quis

198 4182 530 4262 potissimum
574 4188 987 4274 magistratus
1029 4188 1348 4253 civitatem
1388 4186 1714 4273 impertire
1762 4206 2030 4269 eamque
2071 4195 2448 4271 potestatem

194 4292 401 4380 exlege
434 4298 595 4363 Iulia
643 4296 880 4363 habere
918 4294 1191 4361 debuit?
1274 4295 1365 4371 Is,
1426 4294 1675 4379 opinor,
1723 4293 1834 4377 qui
1881 4293 2149 4378 populos
2191 4291 2446 4357 civitate

196 4394 473 4471 donandos
496 4404 781 4491 regebat,
820 4404 863 4468 i.
886 4426 944 4468 e.
970 4404 1197 4469 consul
1240 4402 1370 4478 ille,
1414 4402 1521 4466 cui
1563 4400 1894 4487 provincia
1912 4400 2098 4465 Italia
2129 4408 2448 4474 evenerat,

1959 4507 1996 4572 3
2013 4508 2048 4544 1
