2917 5017
450 317 570 384 106
1099 326 1184 376 De
1223 325 1394 376 Gallia
1433 328 1781 378 Romanorum
1826 330 2099 393 provincia.

443 485 672 571 legatis
715 488 1044 572 parebant,
1085 497 1541 554 enumerantur
1580 512 1619 552 a
1657 488 1883 554 Tacito
1922 501 2383 578 narranturque
2418 495 2499 558 ad
2536 506 2727 580 partes

443 594 526 658 L.
573 594 850 673 Vitellii,
907 597 1020 680 qui
1077 606 1232 662 tune
1285 597 1575 662 inferiori
1630 597 2015 665 Germaniae
2067 613 2387 686 praeerat,
2448 604 2729 669 transisse

441 701 630 787 (Tac.
661 705 836 770 Hist.
863 707 917 782 Ι,
963 707 1098 788 55),
1145 706 1497 792 superioris
1538 705 1921 772 Germaniae
1960 709 2251 794 legiones
2296 710 2421 776 sub
2457 711 2730 776 Hordeo-

442 811 550 877 nio
575 812 812 878 Flacco
849 815 1096 899 legate,
1142 814 1440 878 Valerius
1468 814 1821 892 Asiaticus,
1863 817 2167 902 Belgicae
2205 841 2487 903 praeses,
2524 819 2731 884 Iunius

439 919 714 986 Blaesus
735 969 754 998 ‚
821 921 1290 1009 Lugdunensis
1347 922 1602 988 Galliae
1668 933 1915 1000 rector,
1985 925 2351 992 Trebellius
2404 927 2731 1002 Maximus,

439 1026 810 1096 Britanniae
851 1032 1141 1117 legatus3
1195 1053 1362 1095 unae
1407 1031 1555 1096 illae
1594 1031 1897 1098 Raeticae
1942 1034 2163 1118 copiae
2207 1034 2505 1118 quamvis
2548 1036 2732 1100 nomi·

439 1147 706 1214 nentur,
759 1140 898 1204 sine
945 1140 1111 1204 duce
1167 1152 1376 1204 tamen
1419 1139 1861 1218 nominantur,
1920 1153 1993 1205 ut
2034 1163 2143 1207 eas
2188 1144 2541 1228 superioris
2586 1143 2735 1208 Ger-

439 1245 686 1308 maniae
729 1246 946 1332 legato
985 1247 1278 1332 paruisse
1321 1246 1655 1332 probabile
1696 1248 1807 1314 fiat
1848 1249 2032 1336 (Tac.
2063 1249 2106 1313 l.
2138 1250 2181 1314 l.
2214 1273 2270 1314 c.
2302 1252 2435 1335 59).
2500 1252 2734 1316 Etenim

439 1351 752 1418 faciamus
793 1355 1084 1421 Raetiam
1125 1378 1254 1421 non
1295 1356 1499 1420 fuisse
1536 1357 1941 1422 coniunctam
1986 1379 2135 1422 cum
2174 1357 2549 1435 Germania,
2594 1381 2737 1444 quo-

439 1459 610 1524 niam
655 1463 936 1547 reliquos
974 1474 1422 1550 procuratores
1466 1464 1699 1549 legatis
1744 1462 2095 1530 Caesarum
2145 1466 2443 1552 paruisse
2492 1477 2737 1542 constat,

438 1591 702 1634 necesse
761 1571 882 1634 erit
936 1571 1126 1635 aliam
1183 1572 1579 1656 provinciam
1618 1595 2035 1656 quaeramus,
2097 1575 2201 1640 cui
2257 1575 2369 1658 qui
2411 1587 2738 1660 praeesset,

439 1677 632 1741 simul
678 1701 1000 1744 summum
1028 1680 1378 1744 Raetorum
1421 1680 1757 1765 imperium
1798 1680 2115 1759 habuerit,
2155 1704 2363 1767 neque
2394 1684 2741 1748 invenietur

437 1779 562 1848 nisi
601 1785 962 1865 Pannonia,
1009 1811 1172 1872 quae
1217 1811 1334 1874 per
1377 1789 1763 1853 vicinitatem
1808 1789 2014 1874 possit
2052 1791 2323 1855 admitti.
2406 1792 2549 1856 Iam
2586 1792 2739 1855 Pan-

437 1893 650 1969 nonia,
699 1917 848 1959 cum
895 1897 1076 1961 initio
1117 1897 1515 1983 principatus
1557 1896 1803 1961 Tiberii
1856 1920 2047 1962 suum
2092 1899 2463 1984 praesidem
2500 1901 2741 1965 Iunium

437 1999 742 2066 Blaesum
807 2002 1016 2068 tribus
1083 2003 1448 2089 legionibus
1504 2005 1919 2089 imperantem
1970 2005 2279 2072 habuisse
2332 2020 2743 2094 cognoscatur

437 2131 518 2172 ex
558 2108 713 2174 Tac.
757 2112 988 2176 Annal.
1031 2113 1086 2188 Ι,
1137 2113 1212 2176 16
1255 2135 1384 2195 sq.,
1431 2112 1718 2177 nondum
1762 2113 1831 2176 in
1872 2136 2029 2180 suae
2073 2117 2445 2201 provinciae
2489 2118 2739 2181 formam

437 2218 699 2282 redacta
749 2229 914 2296 erat,
977 2243 1124 2285 cum
1167 2219 1471 2286 Tiberius
1514 2220 1751 2286 Raetos
1797 2221 2306 2308 Vindelicosque
2363 2224 2739 2290 devinceret.

436 2325 598 2390 Nam
651 2349 820 2392 anno
863 2328 904 2394 6
955 2353 1018 2414 p.
1063 2326 1253 2407 Chr„
1321 2353 1471 2395 cum
1524 2330 1755 2415 ingens
1816 2331 1927 2395 illa
1975 2330 2465 2397 Pannoniorum
2530 2331 2740 2398 seditio

439 2437 854 2514 excitaretur,
906 2438 1039 2502 Dio
1075 2439 1222 2516 LV,
1281 2441 1360 2505 29
1401 2439 1735 2504 Valerium
1772 2439 2197 2505 Messalinum
2238 2452 2458 2506 narrat
2497 2442 2741 2506 Delma·
2858 2435 2860 2438 ⁴

440 2545 564 2608 tiae
605 2557 670 2609 et
709 2546 1079 2611 Pannoniae
1122 2548 1483 2633 praesidem
1528 2549 1755 2624 fuisse,
1806 2559 1880 2611 ut
1926 2570 2055 2613 non
2102 2547 2449 2613 abhorreat
2504 2573 2545 2614 a
2587 2571 2739 2624 vero,

436 2663 662 2738 postea
701 2654 962 2718 demum
999 2655 1280 2720 extincta
1318 2656 1426 2719 illa
1468 2656 1779 2720 seditione
1810 2655 2135 2741 propriam
2168 2655 2567 2740 provinciam
2594 2657 2741 2721 Pan-

439 2762 694 2827 noniam
741 2785 883 2828 esse
921 2765 1349 2842 constitutam,
1395 2776 1581 2829 antea
1619 2763 1929 2848 quicquid
1966 2762 2389 2829 barbarorum
2433 2788 2553 2851 per
2588 2766 2743 2829 illam

437 2871 766 2956 regionem
813 2871 1081 2958 imperio
1123 2873 1414 2938 Romano
1463 2883 1749 2957 pareret,
1808 2873 1873 2943 in
1919 2870 2311 2936 Delmatiam
2352 2872 2565 2938 fuisse
2610 2895 2743 2938 con-

429 2967 768 3058 tributum,
807 3004 972 3065 quae
1011 2982 1156 3067 ipsa
1191 2982 1505 3067 imprimis
1546 3002 1743 3044 causa
1783 2989 1938 3055 erat,
1978 2991 2047 3043 ut
2074 2979 2395 3044 Delmatia
2426 2979 2743 3065 provincia

435 3111 474 3153 a
509 3099 741 3153 senatu
783 3090 1152 3174 populoque
1197 3090 1278 3154 ad
1326 3087 1625 3154 Caesaris
1671 3097 2053 3173 potestatem
2099 3089 2559 3152 transferretur
2599 3087 2741 3165 (Dio

435 3195 616 3272 LIV,
661 3196 792 3280 34).
873 3196 1008 3260 Sed
1061 3219 1144 3260 ne
1193 3209 1416 3281 postea
1457 3196 1754 3278 quidem,
1808 3217 1957 3259 cum
2000 3217 2193 3260 suum
2230 3206 2549 3262 rectorem
2588 3196 2739 3260 Pan·

433 3303 630 3368 nonia
673 3302 971 3380 haberet,
1013 3303 1306 3368 Raetiam
1349 3325 1499 3368 cum
1542 3327 1617 3368 ea
1662 3303 2063 3368 coniunctam
2106 3303 2311 3368 fuisse
2354 3301 2601 3370 bellum
2639 3302 2737 3368 Vi-

435 3412 764 3476 tellianum
805 3411 1009 3476 docet.
1090 3413 1168 3476 In
1217 3434 1346 3496 quo
1385 3433 1535 3476 cum
1577 3409 1961 3477 Germaniae
2000 3434 2352 3497 omnesque
2396 3435 2567 3498 quae
2608 3410 2737 3476 inde

434 3520 790 3605 penderent
815 3521 1122 3595 nationes,
1161 3541 1278 3606 pro
1304 3519 1569 3584 Vitellio
1596 3520 2095 3597 consensissent,
2120 3519 2481 3598 Pannonia,
2510 3518 2729 3586 Moesis

433 3638 808 3712 ceteraeque
848 3629 1214 3713 provinciae
1255 3627 1341 3693 ad
1381 3629 1689 3692 orientem
1730 3638 2091 3712 spectantes
2117 3626 2508 3713 Vespasiani
2546 3638 2735 3714 partes

437 3750 875 3821 sequerentur,
922 3738 1078 3802 Tac.
1123 3738 1272 3802 hist.
1311 3738 1435 3811 ΙΙΙ,
1482 3737 1521 3800 5
1564 3746 1780 3801 narrat
1816 3735 2107 3800 Raetiam
2152 3758 2301 3800 cum
2338 3746 2737 3822 procuratore

439 3867 558 3911 suo
611 3846 814 3911 fuisse
871 3845 1172 3910 infestam
1224 3844 1661 3930 VespasianO,
1720 3855 1787 3908 at
1840 3844 2209 3909 Pannoniae
2265 3845 2631 3929 praesidem
2670 3839 2737 3904 T.

435 3954 746 4038 Ampium
805 3953 1190 4019 Flavianum
1255 3953 1336 4018 ad
1396 3952 1875 4038 Vespasianum
1932 3951 2321 4028 accessisse,
2384 3951 2467 4016 de
2520 3949 2738 4016 Norico

433 4061 596 4126 nihil
651 4062 836 4126 addit
853 4111 867 4136 ‚
929 4061 1046 4126 sed
1093 4061 1289 4126 tradit
1339 4061 1515 4126 idem
1578 4060 1797 4146 copias
1852 4059 2169 4144 quasdam
2220 4059 2565 4125 auxiliares
2606 4079 2739 4123 cum

436 4169 822 4235 Noricorum
887 4171 1222 4235 iuventute
1291 4169 1372 4234 ad
1443 4168 1887 4254 occupandam
1953 4167 2159 4252 ripam
2217 4167 2389 4232 Aeni
2450 4166 2739 4239 fluminis,

437 4280 614 4363 quod
654 4279 895 4344 Raetos
937 4277 1338 4363 Noricosque
1381 4277 1709 4354 interfluit,
1756 4298 1901 4341 esse
1940 4275 2203 4352 missas,
2246 4275 2547 4342 nimirum
2586 4285 2655 4339 ut
2690 4271 2733 4338 si

441 4385 552 4475 qui
595 4385 1086 4456 Vitellianorum
1131 4387 1408 4475 impetus
1446 4384 1511 4448 in
1552 4383 1951 4473 provinciam
1993 4382 2393 4469 Vespasiano
2428 4394 2735 4471 parentem
2848 4387 2850 4396 '
