2917 5017
425 324 548 393 372
1063 329 1146 381 De
1179 331 1552 396 propagatione
1588 330 1805 379 civitatis
1842 330 2123 379 Romanae.

423 504 490 559 et
523 494 666 558 iure
707 493 998 580 suffragii
1039 494 1483 577 honorumque
1520 492 1968 578 spoliarentur,
2004 492 2115 577 qui
2135 500 2349 557 autem
2376 500 2746 556 senatorum

422 602 538 667 filii
583 613 762 667 erant
776 649 795 679 ,
841 602 1146 688 quoniam
1191 613 1420 667 senatu
1461 600 1606 667 eiici
1648 622 1777 664 non
1821 611 2133 685 poterant,
2172 582 2535 665 honoribus
2581 608 2745 663 certe

423 710 582 797 ipsis
627 710 966 777 curulibus
1002 710 1526 796 prohibebantur.
1609 709 1713 775 Ac
1756 708 1839 773 de
1880 708 2250 775 hominibus
2290 709 2561 793 quidem
2602 730 2745 794 pro-

427 819 684 906 scriptis
734 841 1084 905 eorumque
1140 817 1362 883 liberis
1416 818 1659 904 punitis
1716 829 1781 882 et
1827 828 2001 883 certa
2062 829 2214 883 sunt
2267 815 2643 908 testimonia
2690 826 2749 879 et

425 928 640 993 facilia
695 928 780 991 ad
831 927 1324 1013 intelligendum
1344 974 1361 1003 ‚
1423 926 1507 991 de
1562 925 1895 991 civitatum
1947 936 2161 991 autem
2218 948 2427 1012 poena
2468 924 2677 987 multa
2714 948 2749 987 a

425 1036 644 1101 multis
701 1036 1026 1122 disputata
1083 1045 1233 1101 sunt
1288 1034 1544 1120 ipsique
1590 1034 1743 1099 olim
1788 1034 2074 1099 diximus
2118 1034 2185 1098 in
2232 1044 2583 1100 comment.
2624 1032 2749 1117 epi-

427 1142 652 1230 graph.
691 1144 726 1209 1
771 1168 834 1231 p.
877 1144 1022 1212 247.
1126 1143 1424 1226 Quorum
1484 1165 1604 1209 nos
1660 1165 1789 1207 non
1844 1143 2161 1229 poenitet,
2226 1141 2344 1207 sed
2405 1140 2533 1206 hoc
2588 1161 2751 1203 nunc

426 1252 748 1330 addimus,
791 1253 1000 1318 videri
1045 1276 1153 1318 eas
1199 1253 1282 1318 ad
1307 1253 1484 1318 illam
1508 1252 1649 1317 iure
1679 1251 1973 1337 suffragii
2000 1262 2063 1317 et
2086 1250 2405 1315 honorum
2434 1259 2751 1314 carentem

427 1361 746 1426 civitatem
791 1360 1146 1427 Romanam
1205 1385 1349 1427 esse
1389 1361 1717 1438 redactas,
1774 1359 2030 1443 qualem
2072 1369 2217 1423 ante
2262 1359 2487 1444 legem
2527 1358 2751 1423 Iuliam

427 1470 796 1555 quicunque
835 1491 915 1533 ex
958 1470 1212 1535 Latinis
1259 1482 1322 1535 et
1367 1470 1559 1535 sociis
1606 1469 1861 1533 civitate
1901 1468 2123 1532 donati
2166 1478 2367 1543 erant,
2414 1464 2756 1533 habebant.

425 1578 527 1643 Ita
577 1579 658 1643 L.
706 1576 892 1643 Sulla
935 1601 1056 1643 nec
1105 1603 1146 1643 a
1193 1588 1408 1644 vetere
1466 1600 1645 1643 more
1698 1576 2021 1653 RomanO,
2079 1598 2209 1660 quo
2259 1575 2513 1639 nemini
2566 1576 2757 1639 invito

429 1687 752 1752 civitatem
802 1686 998 1751 adimi
1053 1685 1322 1763 licebat,
1379 1686 1741 1753 desciscere
1800 1683 1927 1749 sibi
1982 1684 2325 1749 videbatur
2366 1694 2436 1749 et
2478 1706 2567 1747 ne
2612 1683 2759 1768 quid

428 1795 704 1881 amplius
720 1843 738 1872 ,
784 1817 950 1879 quae
989 1796 1214 1880 punita
1249 1806 1467 1861 essent
1508 1793 1743 1881 oppida
1759 1840 1777 1869 ,
1824 1793 1891 1856 in
1936 1793 2270 1878 republica
2313 1794 2621 1857 valerent
2664 1815 2759 1857 ca—

429 1902 638 1969 vebat.
727 1902 1140 1987 Quamquam
1191 1904 1298 1969 lex
1351 1903 1466 1969 illa
1508 1900 1813 1967 Cornelia
1862 1924 1989 1965 non
2042 1902 2156 1966 diu
2200 1912 2595 1967 conservata
2638 1911 2760 1977 est3

429 2035 578 2076 nam
624 2008 857 2077 Cicero
899 2035 963 2097 p.
1008 2012 1178 2077 dom.
1223 2013 1324 2088 30,
1369 2013 1450 2079 79
1506 2035 1587 2079 ne
1642 2024 1772 2079 tam
1828 2014 1941 2078 diu
1998 2005 2261 2096 quidem
2318 2010 2619 2075 valuisse
2662 2010 2759 2084 ait,

429 2142 621 2205 quam
668 2120 782 2184 diu
824 2118 1073 2184 Sullani
1113 2121 1418 2206 temporis
1459 2143 1637 2185 arma
1679 2122 2051 2186 valuissent.
2149 2118 2371 2199 Quare
2422 2142 2464 2181 a
2502 2119 2602 2183 M.
2640 2119 2759 2182 Le-

427 2228 582 2313 pido
627 2250 758 2293 cos.
799 2228 949 2292 anni
989 2228 1070 2295 79
1125 2228 1312 2293 sociis
1363 2230 1677 2315 optimum
1728 2230 2005 2295 civitatis
2049 2230 2152 2293 ius
2194 2228 2583 2293 restitutum
2630 2249 2763 2291 esse

429 2335 734 2413 coniici0,
791 2359 828 2399 a
869 2358 1000 2421 quo
1041 2337 1215 2423 App.
1254 2338 1308 2413 I,
1361 2338 1476 2403 107
1522 2338 1712 2402 etiam
1756 2337 1838 2403 de
1878 2336 2087 2422 agris,
2150 2336 2260 2419 qui
2306 2336 2519 2421 erepti
2569 2345 2762 2409 erant,

427 2442 779 2509 reddendis
821 2457 1038 2509 actum
1083 2467 1226 2510 esse
1267 2445 1518 2510 scribit:
1586 2445 1667 2511 de
1710 2444 1949 2530 quibus
1998 2467 2147 2509 cum
2192 2454 2447 2530 ageret,
2498 2444 2769 2509 alteram

425 2550 602 2615 illam
647 2551 922 2616 civitatis
963 2553 1354 2636 ereptionem
1383 2554 1727 2639 praeterire
1758 2554 1867 2617 vix
1892 2552 2121 2639 potuit,
2148 2551 2547 2637 'praesertim
2576 2575 2768 2637 quam

428 2659 616 2724 facile
663 2682 739 2723 ac
787 2661 926 2724 sine
963 2659 1160 2725 ullius
1203 2661 1440 2726 iniuria
1481 2662 1732 2727 restitui
1776 2683 1965 2746 posse
2012 2660 2281 2725 videret.
2368 2660 2475 2724 Ac
2524 2682 2768 2725 conve-

427 2766 614 2831 niunt
656 2764 992 2833 Ciceronis
1043 2769 1274 2845 verba3
1333 2793 1482 2835 nam
1522 2779 1585 2833 et
1626 2767 1937 2853 quamdiu
1982 2768 2165 2833 Sulla
2208 2768 2402 2843 vixit,
2466 2768 2645 2833 nihil
2696 2792 2765 2833 ex

429 2876 568 2942 eius
623 2877 782 2942 actis
837 2900 1136 2943 eversum
1196 2900 1340 2942 esse
1397 2886 1647 2943 constat
1720 2888 1785 2942 et
1842 2878 1910 2941 in
1967 2878 2108 2962 ipso
2169 2876 2427 2962 Lepido
2494 2874 2765 2941 Sullana

428 3008 604 3050 arma
643 2985 997 3071 plurimum
1043 2986 1403 3051 valuerunt.

597 3092 904 3159 Diximus
944 3094 1026 3158 de
1065 3093 1527 3179 propagatione
1560 3092 1835 3157 civitatis
1864 3093 2211 3169 Romanae,
2249 3116 2416 3179 quae
2447 3118 2575 3179 per
2602 3117 2757 3180 quos

427 3200 613 3283 quasi
670 3202 916 3287 gradus
969 3202 1244 3287 primum
1279 3224 1437 3283 ,cum
1484 3201 1717 3266 vicinis
1759 3202 2051 3287 populis,
2112 3212 2251 3265 tum
2298 3224 2449 3267 cum
2491 3199 2758 3277 Italicis,

428 3306 706 3390 denique
745 3331 894 3372 cum
932 3308 1280 3393 provinciis
1311 3310 1779 3375 communicata
1808 3311 1910 3388 sit,
1952 3310 2391 3396 exposuimus.
2458 3311 2756 3377 Eandem

426 3415 732 3480 rationem
789 3417 873 3481 ad
932 3416 1194 3500 antiqua
1252 3418 1641 3503 reipublicae
1700 3427 1987 3503 tempora
2029 3418 2563 3503 plebeiorumque
2610 3442 2754 3485 cum

428 3524 712 3610 patriciis
758 3524 1106 3589 certamina
1143 3527 1491 3591 transferre
1532 3527 1721 3591 liceat
1737 3552 1753 3603 3
1807 3538 1982 3591 tanta
2024 3526 2193 3591 enim
2230 3528 2355 3591 fuit
2388 3529 2590 3593 moris
2624 3529 2749 3593 Ro-

429 3633 602 3697 mani
643 3634 1034 3710 constantia,
1078 3643 1186 3710 ut,
1232 3634 1408 3719 quod
1455 3635 1653 3699 semel
1696 3634 2039 3720 probatum
2086 3646 2289 3711 esset,
2342 3636 2749 3720 pertinaciter

427 3726 812 3807 retineretur
851 3742 1192 3826 omniaque
1235 3742 1316 3807 ab
1363 3742 1625 3807 exordio
1666 3764 1872 3826 usque
1904 3742 1989 3806 ad
2022 3742 2351 3807 interitum
2388 3744 2549 3809 mire
2590 3746 2745 3808 inter

429 3872 497 3915 se
543 3861 991 3935 congruerent.
1056 3850 1190 3916 Sed
1233 3851 1491 3937 longam
1528 3851 1687 3916 haec
1726 3851 2229 3936 disputationem
2261 3852 2601 3935 requirunt
2631 3872 2743 3915 nec

429 3958 566 4023 sine
625 3958 970 4023 multarum
1041 3959 1310 4024 aliarum
1381 3981 1598 4023 rerum
1669 3960 2041 4024 tractatione
2102 3960 2403 4045 cognosci
2459 3969 2739 4046 possunt.

425 4065 618 4131 Nunc
657 4089 819 4151 quae
865 4088 1062 4152 supra
1101 4091 1140 4131 a
1180 4064 1365 4130 nobis
1408 4066 1621 4130 fusius
1666 4067 1983 4152 explicata
2040 4078 2227 4145 sunt,
2288 4070 2513 4155 paucis
2574 4092 2737 4134 com-

427 4175 618 4259 plecti
651 4174 880 4260 placet.
949 4176 1389 4239 Intelleximus
1426 4174 1630 4260 igitur
1663 4174 1941 4240 civitatis
1971 4175 2301 4241 Romanae
2344 4177 2509 4242 duas
2543 4177 2733 4241 fuisse

425 4292 749 4368 tamquam
789 4293 1000 4369 partes
1013 4330 1032 4359 ,
1077 4306 1272 4348 unam
1317 4282 1651 4367 privatam,
1695 4306 1862 4368 quae
1906 4305 2053 4348 cum
2080 4284 2206 4349 alia
2228 4285 2567 4371 quaedam,
2608 4296 2733 4349 tum

427 4390 822 4457 connubium
865 4401 928 4455 et
972 4390 1428 4455 commercium
1474 4392 2036 4477 complecteretur,
2094 4394 2357 4459 alteram
2401 4393 2729 4481 publicam,
