2917 5017
455 314 578 379 284
1062 320 1144 368 De
1181 320 1381 383 legibus
1415 321 1809 384 municipalibus
1844 322 2157 386 Hispanicis.

455 480 692 567 oppido
748 483 1020 568 amplam
1079 506 1154 547 ac
1207 483 1529 568 copiosam
1586 483 1791 548 fuisse
1849 483 2125 561 scimus,
2189 486 2526 552 faciendae
2580 508 2771 551 causa

457 603 1031 668 commorarentur,
1097 592 1150 655 si
1213 614 1340 655 non
1407 603 1625 655 essent
1684 592 1939 655 oriundi
2007 615 2086 655 ex
2145 616 2303 679 agro
2362 594 2769 671 MalacitanO,

453 698 694 762 fuerint
747 699 1014 764 incolae.
1111 698 1409 780 Quorum
1460 700 1574 783 qui
1619 700 1793 764 cives
1836 701 2110 765 Romani
2156 712 2269 765 aut
2307 701 2529 766 Latini
2577 714 2771 778 erant,

452 806 532 871 iis
577 806 696 871 hac
737 808 882 892 lege
920 808 1040 871 hoc
1077 807 1180 871 ius
1223 807 1442 883 datur,
1508 818 1581 870 ut
1628 830 1817 870 unam
1880 808 2159 885 curiam,
2219 810 2285 871 in
2340 832 2469 893 qua
2519 810 2603 873 de
2648 834 2771 874 ma-

454 916 832 999 gistratibus
875 915 1168 979 creandis
1217 915 1527 1000 suffragia
1568 916 1793 989 ferant,
1838 918 2185 1003 accipiant:
2252 918 2485 1001 reliqui
2534 940 2773 981 merca-

451 1036 644 1101 toreS,
687 1024 798 1107 qui
841 1025 1220 1109 peregrinae
1263 1024 1659 1087 condicionis
1702 1037 1901 1102 erant,
1950 1027 2005 1090 si
2043 1027 2153 1109 qui
2192 1048 2271 1089 ex
2308 1026 2637 1111 Hispania
2680 1026 2774 1089 vel

451 1128 674 1195 Africa
733 1132 836 1195 vel
889 1130 1104 1197 Gallia
1153 1131 1577 1207 advenerant,
1639 1132 1763 1197 hoc
1823 1133 1965 1196 iure
2028 1135 2347 1200 carebant.
2455 1135 2620 1197 Duo
2680 1134 2775 1197 hic

451 1252 883 1324 quaeruntur,
941 1240 1214 1325 primum
1264 1252 1482 1304 utrum
1544 1262 1880 1306 commune
1925 1241 1995 1304 id
2038 1243 2235 1307 fuerit
2276 1242 2773 1328 municipiorum

451 1372 534 1412 an
586 1350 919 1435 proprium
970 1349 1392 1413 Malacitanae
1451 1350 1747 1414 civitatis.
1843 1351 2165 1434 Equidem
2228 1350 2348 1415 etsi
2401 1350 2568 1413 nihil
2630 1349 2773 1413 certi

453 1457 760 1522 affirmari
801 1480 988 1543 posse
1034 1458 1248 1534 video,
1297 1459 1420 1522 hoc
1467 1472 1678 1522 tamen
1722 1458 1935 1543 potius
1974 1460 2169 1523 credo
2206 1470 2551 1544 propterea
2585 1458 2772 1541 quod,

453 1566 506 1629 si
549 1566 806 1629 omnino
851 1565 1013 1629 illud
1057 1588 1202 1629 cum
1243 1566 1499 1631 civitate
1544 1578 1657 1631 aut
1681 1566 2031 1631 Latinitate
2074 1567 2495 1631 coniunctum
2527 1568 2774 1642 fuisset,

451 1685 524 1737 ut
571 1696 646 1737 ea
687 1674 795 1758 qui
833 1684 1186 1749 uterentur,
1225 1674 1292 1737 in
1319 1673 1617 1737 omnibus
1654 1674 2017 1760 municipiis
2048 1673 2129 1737 ad
2166 1674 2479 1761 suffragia
2513 1675 2779 1739 ferenda

449 1781 958 1856 admitterentur,
1003 1804 1124 1845 nec
1167 1782 1417 1866 proprie
1464 1781 1585 1846 hac
1627 1782 1773 1865 lege
1821 1782 2055 1846 sanciri
2098 1805 2263 1867 opus
2305 1783 2549 1847 fuisset
2594 1793 2661 1845 et
2702 1783 2775 1845 ad

450 1890 898 1956 dissolvendas
954 1890 1354 1974 respublicas
1414 1890 1849 1975 pertinuisset.
1947 1890 2173 1974 Itaque
2232 1892 2298 1954 in
2356 1891 2509 1975 lege
2572 1892 2775 1955 muni-

451 1997 638 2083 cipali
685 1999 1083 2083 Salpensana
1133 1996 1563 2062 dubitandum
1620 2010 1718 2063 est
1772 2022 1929 2062 num
1976 1998 2151 2064 idem
2196 2000 2393 2063 fuerit
2440 2000 2771 2085 scriptum3

449 2118 513 2171 at
573 2108 641 2170 in
707 2130 782 2171 eo
855 2106 1124 2191 oppido,
1206 2105 1382 2189 quod
1447 2118 1810 2171 mercatura
1886 2107 2368 2191 alienorumque
2443 2106 2775 2170 hominum

449 2216 831 2281 commercio
883 2214 1196 2299 imprimis
1248 2212 1546 2290 florebat,
1616 2214 1671 2277 si
1728 2216 1841 2300 qui
1898 2216 2233 2281 divitiores
2290 2226 2475 2279 erant
2533 2215 2774 2279 incolae

449 2329 668 2409 (atque
709 2325 756 2387 ii
801 2326 934 2389 fere
981 2334 1093 2387 aut
1136 2324 1312 2387 cives
1355 2322 1629 2387 Romani
1674 2335 1785 2387 aut
1830 2323 2049 2387 Latini
2096 2324 2327 2405 erant),
2380 2344 2493 2387 eos
2544 2323 2629 2385 ad
2668 2323 2774 2387 ali—

449 2456 639 2517 quam
687 2444 856 2497 certe
875 2452 880 2461 '
899 2430 1290 2516 reipublicae
1335 2432 1658 2516 regendae
1700 2443 1950 2517 partem
1988 2432 2326 2516 pervenire
2370 2454 2503 2495 non
2553 2432 2774 2497 absur-

449 2542 607 2605 dum
649 2550 804 2615 erat,
841 2562 1050 2623 neque
1089 2539 1170 2604 ab
1213 2539 1348 2602 veri
1389 2540 1811 2605 similitudine
1854 2540 2157 2606 abhorret
2202 2540 2395 2603 etiam
2436 2551 2773 2624 antequam

447 2648 850 2713 Malacitanis
905 2648 1130 2711 civitas
1187 2646 1336 2710 data
1388 2662 1518 2723 est,
1580 2648 1787 2711 simile
1841 2648 2083 2732 aliquid
2138 2648 2206 2710 in
2251 2669 2478 2711 eorum
2518 2647 2772 2733 legibus

449 2756 675 2821 fuisse.
762 2755 1201 2819 Veruntamen
1248 2777 1396 2819 cum
1443 2755 1755 2841 suffragia
1800 2756 2269 2820 communicata
2310 2756 2439 2819 sint
2485 2778 2641 2821 cum
2680 2757 2772 2819 in·

451 2866 632 2942 colis,
668 2888 822 2929 num
860 2864 1049 2929 etiam
1074 2863 1199 2948 ipsi
1219 2862 1497 2926 honores
1522 2862 2055 2927 Malacitanorum
2102 2864 2561 2929 communicati
2590 2865 2771 2929 sunt?

448 2974 627 3038 Nihil
679 2973 848 3037 enim
902 2972 966 3035 in
1017 2972 1162 3056 ipsa
1211 2972 1356 3056 lege
1417 2982 1747 3057 superest,
1810 2972 1995 3035 cuius
2041 2972 2297 3057 generis
2344 2973 2771 3057 ingenuorum

447 3082 779 3147 hominum
823 3078 1095 3143 comitiis
1143 3079 1300 3142 ratio
1342 3078 1638 3143 habenda
1682 3078 1782 3142 sit.
1862 3080 1997 3143 Iam
2040 3080 2173 3148 scio
2216 3079 2545 3170 equidem,
2592 3104 2771 3167 saepe

447 3189 514 3253 in
557 3189 854 3275 pluribus
901 3185 1271 3251 civitatibus
1317 3186 1581 3250 eosdem
1622 3187 1913 3251 homines
1958 3187 2312 3252 honoribus
2341 3189 2603 3254 functos
2639 3211 2771 3253 esse

449 3296 867 3379 exemplaque
905 3292 1221 3358 eiusmodi
1260 3294 1442 3357 attuli
1482 3294 1547 3357 in
1577 3307 1913 3358 comment.
1942 3294 1978 3357 I
2012 3317 2076 3379 p.
2116 3296 2261 3372 136,
2316 3296 2433 3360 sed
2474 3321 2765 3383 magnam

451 3416 662 3469 tamen
703 3403 1062 3468 cautionem
1104 3402 1535 3467 adhibendam
1574 3426 1715 3468 esse
1762 3402 2069 3479 intellexi,
2114 3425 2195 3467 ne
2222 3405 2399 3487 quod
2428 3405 2769 3489 aliquando
2860 3398 2862 3403 ’

449 3515 514 3578 in
564 3514 778 3597 aliqua
823 3512 1078 3577 civitate
1127 3524 1190 3576 et
1234 3511 1450 3595 aliquo
1495 3511 1751 3575 homine
1796 3511 2037 3575 factum
2084 3523 2213 3589 est,
2263 3511 2347 3576 ‘id
2404 3535 2667 3599 semper
2717 3526 2773 3577 et

451 3622 696 3708 ubique
750 3634 814 3686 et
865 3622 932 3685 in
985 3620 1284 3685 omnibus
1339 3619 1601 3683 licuisse
1654 3620 2116 3684 existimemus.
2225 3620 2489 3685 Etenim
2542 3634 2609 3686 et
2659 3622 2775 3685 alia

449 3742 587 3795 erat
647 3730 824 3816 apud
886 3730 1044 3793 alios
1114 3730 1222 3792 lex
1283 3740 1345 3790 et
1409 3727 1698 3813 ipsorum
1763 3727 2093 3793 hominum
2156 3729 2490 3812 quoddam
2548 3730 2775 3795 discri-

390 3913 393 3917 ,
451 3861 631 3915 men,
677 3836 996 3923 siquidem
1039 3837 1149 3921 qui
1195 3835 1576 3901 senatoriam
1623 3836 1688 3899 in
1732 3836 1894 3901 urbe
1937 3838 2142 3901 Roma
2185 3836 2643 3922 adipiscuntur
2681 3838 2775 3901 di-

450 3947 778 4032 gnitatem,
825 3968 1160 4009 munerum
1199 3946 1265 4007 in
1305 3946 1511 4029 patria
1548 3968 1667 4009 sua
1704 3945 2185 4029 fungendorum
2224 3945 2611 4012 necessitate
2654 3946 2775 4011 sol·
2860 3956 2862 4033 j

450 4064 693 4118 vuntur
752 4054 1178 4139 (Hermogen.
1239 4053 1306 4117 in
1357 4054 1515 4139 Dig.
1552 4053 1644 4129 L,
1711 4055 1779 4128 1,
1833 4050 1965 4135 23).
2067 4054 2504 4119 Plurimarum
2566 4066 2775 4119 autem

453 4162 786 4226 civitatum
826 4162 982 4227 haec
1023 4163 1282 4227 videtur
1325 4162 1531 4225 fuisse
1574 4161 1887 4237 condicio,
1932 4174 2005 4224 ut
2040 4162 2166 4226 nisi
2208 4182 2355 4225 cum
2396 4161 2639 4246 quibus
2663 4162 2773 4226 ‘vel
2860 4156 2862 4199 3

450 4270 797 4335 vicinitatis
841 4271 945 4335 vel
991 4270 1320 4335 affinitatis
1368 4269 1647 4335 vinculis
1692 4279 2082 4347 tenerentur,
2132 4269 2359 4335 alienis
2404 4270 2768 4336 hominibus

451 4378 726 4443 honores
791 4378 1080 4443 mandari
1137 4401 1266 4477 non
1321 4379 1575 4456 liceret3
1647 4402 1795 4445 nam
1837 4399 2177 4443 munerum
2222 4378 2489 4461 quidem
2536 4378 2765 4444 incolas
2860 4404 2862 4407 ⁴
