2917 5017
741 371 821 419 De
857 371 1057 433 legibus
1095 370 1490 434 municipalibus
1527 370 1837 435 Hispanicis.
2323 368 2447 436 275
2550 418 2561 427 .

123 541 410 596 veterem
437 532 848 597 Latinitatem
884 532 1271 618 peculiarem
1311 532 1587 617 aliquam
1618 532 1823 597 fuisse
1850 533 2207 619 opinemur.
2279 536 2448 617 Quis

121 638 332 723 igitur
371 640 438 703 in
483 640 799 704 divisione
819 687 836 716 ,
895 639 1008 704 ubi
1052 640 1436 727 oppidorum
1480 662 1719 725 genera
1760 640 2223 727 distinguenda
2278 653 2448 718 sunt,

122 748 482 834 municipia
519 759 582 812 et
625 748 854 812 Latina
894 749 1130 833 oppida
1172 749 1262 813 ita
1299 749 1481 812 iuxta
1516 760 1796 833 poneret,
1838 750 1892 814 si
1928 751 2039 815 illa
2079 773 2209 816 non
2252 750 2446 815 modo

121 855 369 919 civium
427 856 889 930 Romanorum,
956 880 1182 921 verum
1239 857 1428 921 etiam
1488 856 1868 921 Latinorum
1932 880 2075 923 esse
2139 858 2445 943 possent?

120 963 275 1027 Hoc
320 964 584 1047 quidem
627 975 846 1029 contra
889 986 1140 1029 omnem
1183 965 1497 1029 rationem
1543 976 1673 1040 est,
1724 965 2056 1051 primaque
2111 965 2448 1031 dividendi

116 1072 224 1135 lex
268 1072 432 1137 haec
476 1083 592 1148 est,
637 1085 729 1149 ut,
775 1095 940 1156 quae
977 1085 1185 1137 totum
1223 1073 1556 1157 complecti
1598 1074 1869 1157 possint,
1912 1096 1989 1138 ea
2014 1097 2096 1139 ne
2124 1087 2448 1159 tamquam

114 1179 182 1242 in
247 1181 538 1265 partibus
595 1181 967 1245 constituas.
1073 1180 1341 1245 Certum
1387 1182 1589 1266 igitur
1627 1180 1779 1245 hinc
1815 1193 1941 1259 est,
1995 1183 2347 1267 municipia
2386 1193 2451 1246 et

115 1288 362 1353 Latina
413 1288 650 1375 oppida
697 1290 786 1353 ita
840 1289 1042 1353 fuisse
1088 1287 1376 1365 diversa,
1435 1301 1511 1353 ut
1550 1310 1711 1373 quae
1756 1290 1930 1354 Latii
1976 1290 2079 1354 ius
2120 1290 2447 1365 haberent,

114 1396 301 1459 nullo
341 1396 534 1461 modo
574 1408 790 1461 essent
833 1396 1213 1481 municipia,
1273 1419 1436 1480 quae
1488 1398 1869 1483 municipia,
1926 1397 2272 1462 Latinitate
2318 1418 2449 1461 non

113 1515 480 1569 uterentur.
565 1504 717 1586 Quo
761 1517 976 1569 autem
1020 1506 1160 1569 iure
1203 1506 1444 1570 fuerint
1490 1506 1867 1591 municipia,
1927 1506 1983 1570 si
2035 1506 2189 1571 hinc
2242 1508 2438 1571 relin-

114 1615 348 1698 quitur
387 1611 678 1688 dubium,
717 1635 796 1676 ex
836 1612 1336 1679 Tarraconensis
1379 1614 1732 1699 Hispaniae
1773 1614 2169 1678 enarratione
2208 1614 2445 1679 intelli-

115 1722 324 1807 gitur,
359 1722 463 1785 cui
490 1720 656 1785 Plin.
675 1720 799 1796 111,
831 1722 905 1785 18
935 1720 1093 1785 haec
1116 1720 1493 1806 praemittit:
1538 1725 1823 1786 Continet
1849 1726 2075 1803 oppida
2104 1726 2443 1799 CLXXIX,

113 1834 180 1891 in
232 1836 316 1893 iis
363 1834 633 1892 colonias
671 1834 806 1903 XII,
850 1832 1075 1911 oppida
1116 1833 1342 1892 civium
1390 1834 1815 1893 Romanorum
1852 1834 2019 1907 XIII,
2066 1834 2443 1893 Latinorum

113 1948 396 1999 veterum
421 1942 484 1999 X
494 1941 647 2012 VIII,
667 1939 1136 2016 foederatorum
1166 1961 1387 2012 unum,
1413 1939 1827 2017 stipendiaria
1854 1939 2087 2002 CXXX
2096 1940 2161 2001 V.
2228 1936 2445 2019 Quin-

113 2068 244 2127 que
292 2045 403 2109 hic
440 2028 817 2130 oppidorum
869 2066 1106 2129 genera
1147 2056 1636 2119 enumerantur3
1696 2066 1844 2109 nam
1887 2043 2090 2109 libera
2128 2046 2305 2111 nulla
2346 2044 2445 2110 vi-

113 2154 361 2217 dentur
398 2154 600 2217 fuisse
643 2153 708 2215 in
747 2152 1233 2218 Tarraconensi.
1329 2151 1465 2216 Sed
1508 2151 1735 2216 eodem
1778 2154 1954 2231 1000,
2015 2176 2144 2238 quo
2184 2154 2447 2219 Baetica

113 2262 318 2325 habet
379 2260 757 2345 municipia,
820 2259 862 2324 i.
905 2284 960 2325 e.
1021 2272 1170 2346 post
1227 2262 1511 2326 colonias
1576 2271 1638 2325 et
1698 2272 1843 2325 ante
1895 2262 2131 2327 Latina
2186 2261 2445 2347 oppida,

114 2369 626 2433 Tarraconensis
684 2368 877 2433 habet
924 2369 1163 2454 oppida
1213 2370 1450 2433 civium
1494 2369 1928 2433 Romanorum
1984 2390 2195 2453 neque
2240 2371 2443 2433 ullum

112 2478 180 2540 in
223 2476 604 2561 antiquitate
643 2477 929 2541 Romana
973 2492 1192 2541 notum
1236 2489 1334 2541 est
1375 2476 1761 2562 oppidorum
1800 2498 2043 2562 genus,
2086 2477 2265 2561 quod
2304 2477 2445 2542 iure

113 2606 192 2649 ac
235 2584 553 2669 dignitate
591 2584 856 2649 coloniis
901 2584 1184 2661 cesserit,
1227 2584 1561 2650 Latinitati
1584 2584 1989 2671 praestiterit,
2028 2596 2281 2671 praeter
2304 2585 2448 2671 ipsa

111 2691 506 2777 municipia,
559 2704 634 2756 ut
687 2703 978 2757 constare
1028 2692 1299 2757 arbitrer
1316 2741 1333 2769 ,
1389 2715 1554 2777 quae
1603 2693 1670 2756 in
1722 2692 1989 2757 Baetica
2042 2691 2445 2778 appellentur

113 2800 495 2884 municipia,
539 2822 613 2863 ea
651 2800 716 2863 in
756 2800 1218 2865 Tarraconensi
1259 2801 1388 2867 dici
1429 2800 1669 2886 oppida
1706 2798 1946 2863 civium
1981 2798 2445 2876 Romanorum,

114 2908 626 2993 suppleaturque
663 2909 839 2992 quod
881 2932 1077 2995 supra
1119 2910 1200 2973 de
1243 2909 1384 2973 iure
1427 2908 1922 2993 municipiorum
1956 2905 2231 2989 relinqui
2272 2906 2443 2969 dixi-

111 3038 286 3080 mus.
369 3014 502 3080 Sed
546 3018 668 3081 hac
711 3018 952 3082 ratione
998 3019 1050 3082 si
1089 3018 1246 3101 quid
1293 3027 1663 3102 superesset
1699 3013 1883 3079 dubii
1916 3014 2067 3099 (nec
2092 3014 2441 3099 quicquam

113 3146 464 3209 superesse
507 3129 895 3206 censemus),
939 3126 1011 3189 id
1051 3136 1252 3200 totum
1297 3124 1629 3190 tolleretur
1667 3123 1854 3188 tertio
1899 3124 2075 3199 loc0,
2126 3145 2256 3208 quo
2306 3122 2441 3186 Pli-

111 3233 268 3297 nius
304 3230 426 3307 IV,
479 3233 592 3298 117
635 3232 1011 3297 Lusitaniae
1061 3233 1298 3319 oppida
1340 3243 1651 3309 recenset,
1695 3232 1763 3295 in
1804 3253 1933 3316 qua
1972 3251 2117 3296 esse
2156 3231 2244 3293 ait
2284 3234 2443 3294 colo-

113 3346 260 3403 nias
324 3344 594 3421 quinque
611 3386 626 3413 ,
693 3345 1104 3421 munic-{pium
1167 3344 1396 3403 civium
1459 3344 1885 3403 Romanorum
1952 3360 2149 3402 unum
2172 3384 2188 3412 ,
2262 3340 2449 3400 Latii

112 3450 377 3529 antiqui
415 3451 559 3524 tria,
603 3450 1010 3528 stipendiaria
1048 3451 1337 3512 XXXVI.
1415 3446 1521 3512 Ibi
1563 3448 1731 3512 enim
1768 3466 1999 3511 nomen
2040 3445 2258 3530 ipsum
2294 3466 2441 3509 mu·-

113 3554 342 3639 nicipii
389 3575 536 3618 cum
579 3576 816 3639 genere
857 3554 1184 3619 hominum
1231 3553 1667 3639 coniungitur.

290 3660 480 3743 Quae
521 3683 668 3726 cum
711 3663 1286 3738 consideraremus,
1327 3684 1455 3726 non
1498 3660 1885 3748 putabamus
1929 3660 2068 3724 fieri
2104 3680 2319 3745 posse,
2364 3670 2439 3723 ut

115 3772 348 3836 eadem
402 3780 605 3835 aetate
653 3772 1242 3855 praestantissimus
1290 3770 1565 3856 scriptor
1607 3770 1673 3834 in
1718 3780 1899 3855 parte
1942 3768 2155 3856 operis
2206 3790 2441 3833 secun-

118 3880 276 3943 dum
337 3878 738 3964 publicarum
789 3880 1152 3945 tabularum
1198 3880 1392 3943 fidem
1435 3878 1731 3943 instituta
1772 3888 1836 3942 et
1876 3887 2289 3941 monumenta
2324 3898 2443 3940 no-

116 3987 438 4053 bilissima
491 3986 574 4052 de
625 4010 696 4051 re
731 4000 796 4052 et
834 3988 1215 4073 gravissima
1255 4000 1318 4053 et
1361 3985 1658 4051 omnibus
1704 3995 1859 4049 tunc
1902 3983 2238 4049 notissima
2276 3982 2445 4048 inter

122 4120 188 4162 se
233 4108 568 4182 tantopere
613 4094 1052 4182 discreparent
1089 4118 1408 4181 aegreque
1449 4092 1840 4169 ferebamus,
1880 4113 2011 4156 non
2040 4092 2201 4157 haec
2227 4090 2445 4177 potius

109 4227 262 4270 -esse
313 4206 483 4270 inter
537 4226 605 4269 se
649 4204 986 4269 conciliata
1027 4225 1218 4287 quam
1257 4225 1490 4269 novam
1534 4202 1932 4288 opinionem,
1996 4222 2125 4285 qua
2162 4198 2445 4264 incredi-

121 4313 266 4379 bilis
331 4314 650 4398 quaedam
704 4312 1024 4377 dissensio
1077 4323 1494 4387 statueretur,
1559 4308 2010 4375 introductam.
2118 4307 2211 4372 At
2272 4306 2439 4373 enim

122 4434 442 4508 urguetur
495 4422 636 4507 ipse
695 4418 888 4486 Plinii
947 4420 1128 4486 locus
1144 4466 1161 4497 ,
1235 4442 1429 4505 quem
1480 4428 1805 4507 postremo
1866 4417 2231 4493 attulimus,
2311 4438 2441 4502 quo

1914 4524 1991 4592 18
2007 4528 2043 4565 ⁴*
