2917 5017
457 326 582 393 270
1063 328 1144 376 De
1183 327 1384 389 legibus
1423 326 1816 389 municipalibus
1858 325 2169 389 Hispanicis.

461 493 655 559 nibus
695 491 1093 579 Hispanicis,
1144 488 1545 573 Salpensana
1590 498 1653 551 et
1690 486 2099 562 Malacitana,
2144 510 2304 571 quas
2350 498 2497 551 ante
2542 479 2785 573 pancos

457 625 660 669 annos
722 600 942 665 nescio
1005 621 1134 683 quo
1193 620 1347 662 casu
1405 608 1690 682 repertas
1748 595 1995 681 primus
2048 594 2357 660 laudabili
2416 617 2573 659 cum
2635 616 2788 658 cura

459 710 664 775 edidit
715 708 894 773 Ictus
951 706 1322 792 Hispanus,
1373 706 1525 768 Don
1568 704 1836 768 Manucl
1878 702 2255 788 Rodriguez
2315 703 2395 767 de
2436 704 2787 787 Berlanga,

459 818 749 883 Malacae
793 816 981 890 18:33,
1038 813 1274 878 deinde
1329 812 1395 875 in
1445 810 1795 877 Germania
1849 811 2146 897 repetivit
2197 811 2789 894 commentatioque

458 926 802 991 utilissimo
844 922 1150 988 instruxit
1179 920 1425 985 Theod.
1455 919 1926 984 Mommsenius
1968 918 2232 1005 Lipsiae
2278 920 2457 985 1855.
2542 918 2791 983 Earum
2876 910 2878 919 ’

459 1046 524 1099 et
565 1033 920 1120 amplitudo
966 1043 1064 1095 est
1106 1040 1311 1105 tanta,
1365 1040 1439 1092 ut
1483 1051 1565 1093 ex
1605 1027 1858 1092 Latinis
1900 1026 2427 1113 inscriptionibus
2479 1049 2614 1091 una
2656 1038 2791 1089 tan-

459 1153 598 1207 tum
640 1139 847 1227 possit
889 1162 1036 1205 cum
1077 1138 1156 1202 iis
1200 1137 1608 1213 contendere,
1655 1146 1718 1201 et
1758 1158 1835 1200 ea
1862 1156 2078 1199 rerum
2114 1135 2418 1219 gravitas,
2460 1146 2536 1198 ut
2576 1134 2791 1199 locum

461 1275 500 1315 a
563 1248 984 1335 scriptoribus
1054 1248 1346 1311 relictum
1409 1246 1641 1309 eximie
1707 1244 2046 1330 suppleant
2110 1243 2432 1328 longeque
2498 1244 2788 1307 omnium

461 1359 787 1423 titulorum
825 1357 1208 1422 Latinorum
1252 1355 1593 1419 utilitatem
1635 1354 1911 1428 vincant,
1962 1364 2025 1417 et
2062 1362 2237 1416 tanta
2278 1351 2569 1437 denique
2613 1353 2793 1437 copia

462 1479 652 1552 atque
695 1465 977 1543 ubertas,
1023 1476 1097 1528 ut
1142 1464 1490 1529 multorum
1536 1462 1769 1527 studiis
1808 1461 1875 1525 in
1914 1461 2151 1525 multos
2196 1482 2397 1525 annos
2440 1460 2791 1525 sufficiant.

463 1574 652 1658 Quae
709 1597 858 1639 cum
910 1573 1168 1659 proprie
1221 1573 1304 1636 de
1359 1573 1503 1637 iure
1560 1573 1834 1634 duorum
1885 1568 2382 1654 municipiorum
2430 1566 2793 1653 Hispaniae
2876 1584 2878 1597 ·

463 1684 760 1747 Baeticae
815 1682 942 1747 sint
960 1729 978 1758 ,
1037 1702 1164 1745 non
1223 1678 1432 1745 solum
1476 1680 1847 1743 universam
1892 1700 2030 1741 rem
2076 1676 2533 1761 municipalem
2553 1724 2571 1752 ,
2632 1699 2795 1761 quae

461 1803 648 1857 antea
689 1815 771 1856 ex
807 1791 1078 1855 disiecta
1117 1789 1535 1875 plurimorum
1568 1787 1903 1851 titulorum
1934 1784 2347 1850 multitudine
2372 1807 2525 1849 cum
2558 1808 2797 1870 magno

459 1900 680 1966 labore
720 1899 1084 1983 colligenda
1128 1909 1284 1973 erat,
1327 1897 1499 1961 clara
1536 1895 1815 1959 duorum
1852 1906 2413 1960 monumentorum
2453 1893 2611 1959 luce
2646 1894 2796 1957 illu-

465 2019 684 2085 strant,
725 2008 842 2073 sed
877 2008 1087 2084 etiam,
1127 2006 1430 2091 quoniam
1472 2026 1693 2068 omnes
1724 2004 1975 2089 imperii
2010 2015 2225 2089 partes
2258 2003 2487 2068 intima
2508 2003 2795 2089 quadam

465 2117 912 2181 coniunctione
972 2116 1313 2180 cohaerent
1333 2160 1350 2189 ,
1418 2112 1501 2175 ad
1566 2134 1882 2177 summam
1943 2110 2407 2197 rempublicam
2474 2112 2795 2198 pertinent

464 2226 792 2310 multaque
847 2246 1018 2289 nova
1073 2236 1137 2289 et
1193 2223 1274 2287 de
1331 2222 1789 2307 imperatorum
1848 2220 2317 2285 consuetudine
2385 2232 2451 2285 et
2508 2221 2600 2285 de
2660 2222 2795 2285 iure

466 2335 639 2401 civili
693 2344 756 2401 et
811 2334 894 2398 de
943 2332 1170 2398 aerarii
1221 2329 1771 2395 administratione
1822 2341 1887 2393 et
1930 2329 2013 2393 de
2058 2329 2201 2393 aliis
2248 2328 2445 2395 rebus
2490 2330 2793 2395 maximis

465 2444 749 2509 tradunt.

638 2551 772 2617 Sed
815 2552 883 2614 in
927 2549 1098 2614 omni
1146 2549 1270 2613 hoc
1319 2569 1554 2632 genere
1613 2558 2207 2621 monumentorum,
2270 2568 2437 2630 quae
2490 2548 2799 2613 novitatis

469 2660 682 2746 specie
737 2658 984 2723 animos
1039 2666 1290 2721 nostros
1335 2654 1655 2730 alliciunt,
1719 2676 1953 2740 magna
1992 2655 2309 2739 quaedam
2352 2656 2573 2721 cautio
2614 2657 2801 2720 adhi-

469 2768 682 2833 benda
731 2781 849 2831 est.
939 2764 1177 2831 Vetera
1231 2764 1404 2829 enim
1451 2762 1561 2827 illa
1610 2764 1915 2847 quoniam
1966 2763 2315 2826 multorum
2362 2764 2605 2829 studiis
2650 2788 2801 2831 exa-

467 2876 707 2941 minata
744 2886 928 2951 sunt,
985 2875 1053 2937 in
1096 2873 1252 2938 artis
1297 2872 1639 2937 cuiusdam
1681 2872 1990 2936 rationem
2032 2871 2293 2935 redacta
2335 2872 2475 2937 fere
2514 2873 2699 2937 inter
2738 2897 2801 2939 se

467 2994 856 3072 congruunt,
899 2994 974 3047 ut
1015 2982 1128 3047 vix
1169 2982 1344 3045 ullus
1381 2981 1451 3045 in
1488 2980 1571 3044 iis
1600 2982 1783 3045 locus
1820 2980 1921 3056 sit,
1957 2980 2070 3064 qui
2102 2980 2398 3064 quamvis
2426 2980 2802 3067 discrepare

470 3094 799 3170 videatur,
857 3114 984 3157 non
1038 3088 1463 3177 explicatione
1504 3090 1691 3173 quasi
1730 3089 2013 3153 mollitus
2052 3099 2245 3172 atque
2287 3088 2354 3151 in
2396 3088 2803 3174 reliquorum

469 3204 700 3268 seriem
739 3202 1022 3265 insertus
1067 3199 1171 3275 sit,
1216 3198 1376 3263 haec
1415 3220 1584 3262 nova
1626 3197 1683 3261 si
1720 3196 1880 3281 quid
1930 3196 2164 3261 docere
2204 3196 2573 3273 videantur,
2622 3199 2800 3283 quod

467 3311 548 3375 iis
587 3332 752 3394 quae
791 3306 1006 3372 adhuc
1045 3304 1440 3370 credidimus
1480 3317 1835 3391 repugnet,
1894 3324 1975 3368 ne
2020 3304 2320 3369 novitatis
2366 3305 2585 3390 specie
2632 3307 2801 3392 capti

468 3421 682 3485 minus
733 3436 1150 3503 quaeramus,
1207 3436 1288 3477 an
1345 3425 1616 3498 utraque
1677 3412 2005 3478 conciliari
2045 3412 2331 3498 possint,
2396 3414 2515 3479 sed
2562 3426 2801 3481 temere

469 3549 640 3591 nova
678 3548 799 3612 pro
839 3522 1166 3590 veteribus
1213 3522 1641 3607 accipiamus,
1696 3522 2111 3587 vehementer
2160 3522 2641 3605 providendum
2686 3535 2799 3589 est.

469 3635 622 3717 Qua
663 3635 728 3699 in
771 3656 842 3698 re
882 3633 1048 3697 hanc
1088 3631 1272 3715 quasi
1317 3629 1611 3715 regulam
1649 3642 2029 3706 statuemus,
2074 3652 2155 3694 ne
2197 3652 2363 3715 quae
2408 3654 2643 3698 recens
2694 3656 2799 3696 ex·

468 3743 674 3808 hiberi
721 3741 1068 3805 videantur
1101 3738 1284 3823 prius
1323 3738 1685 3813 credamus,
1734 3760 1929 3821 quam
1970 3760 2137 3823 quae
2164 3762 2245 3803 ex
2273 3738 2473 3825 longo
2512 3750 2799 3827 tempore

469 3850 550 3917 ab
593 3850 750 3915 viris
789 3848 998 3913 doctis
1045 3869 1193 3911 cum
1229 3846 1431 3911 multo
1469 3844 1689 3910 labore
1726 3846 2057 3933 disputata
2094 3859 2265 3923 sunt,
2314 3868 2475 3912 cum.
2504 3848 2589 3913 iis
2626 3872 2799 3914 com-

469 3960 830 4047 pararimus
881 3955 1166 4039 artisque
1221 3966 1481 4021 nostrae
1540 3955 2027 4039 perpetuitatem
2082 3956 2495 4021 servarimus.
2582 3958 2663 4021 In
2708 3970 2800 4021 ta-

470 4068 643 4131 bulis
689 4079 903 4131 autem
944 4064 1072 4129 illis
1114 4063 1491 4149 Hispanicis
1538 4086 1669 4127 una
1711 4063 1985 4128 maxime
2026 4086 2131 4129 res
2166 4064 2455 4129 animum
2502 4078 2797 4130 nostrum

471 4173 749 4240 advertit
763 4220 780 4249 ,
839 4195 1006 4258 quae
1044 4172 1224 4257 quod
1263 4170 1545 4235 diximus
1590 4171 1917 4257 praeclare
1958 4172 2297 4238 videretur
2336 4174 2795 4239 demonstrare.

473 4281 825 4347 Continent
863 4280 1034 4345 enim
1073 4281 1296 4364 legum
1339 4280 1823 4365 municipalium
1866 4280 2249 4365 fragmenta,
2290 4303 2425 4345 una
2468 4283 2791 4368 municipii

472 4390 686 4455 Flavii
709 4389 1116 4475 Salpensani,
1149 4388 1348 4453 altera
1377 4387 1713 4475 municipii
1734 4388 1949 4455 Flavii
1968 4388 2371 4455 Malacitaniz
2420 4390 2520 4455 sic
2543 4390 2788 4477 saepius
