2917 5017
826 341 909 391 no
958 340 1127 391 Gallia
1160 342 1512 393 aomanorum
1562 343 1837 407 provincia.
2407 341 2488 405 55

162 523 299 585 quo
349 500 435 585 Q.
480 504 805 571 Marcium
844 506 1095 593 Regem
1141 517 1387 573 constat
1450 509 1518 572 in
1572 505 1868 575 Ciliciam
1929 530 2074 575 esse
2127 510 2490 593 profectum

160 608 375 687 (Plut.
420 611 584 677 Luc.
635 614 749 691 353
794 614 942 679 Liv.
988 617 1137 701 epit.
1184 612 1524 693 XCVIII;
1581 617 1713 681 Dio
1757 617 2071 694 XXXV,
2123 616 2250 699 14),
2296 616 2490 681 colle-

156 740 321 803 gam
360 720 502 784 eius
544 719 625 784 L.
673 719 1029 789 Caecilium
1073 724 1411 790 Metellum
1450 724 1634 789 initio
1675 726 2088 811 magistratus
2129 725 2230 790 sui
2273 724 2490 790 obisse
2521 712 2524 721 ¹

152 848 283 891 nec
331 850 777 895 successorem
818 832 1144 915 accepisse
1182 842 1403 897 narrat
1445 832 1578 897 Dio
1622 830 1808 899 Cass.
1845 833 2156 909 XXXV,
2201 832 2260 897 4.
2347 831 2491 897 Nisi

151 936 327 999 forte
383 946 559 1012 tum,
620 938 771 1022 quia
812 940 1201 1005 Hortensius
1257 939 1411 1006 belli
1466 940 1681 1006 minus
1733 941 2013 1028 cupidus
2073 953 2208 1007 erat
2257 966 2491 1027 resque

152 1043 451 1109 urbanas
494 1046 930 1131 praeferebat,
988 1048 1267 1133 praetori
1318 1048 1512 1114 alicui
1556 1050 1778 1114 Italiae
1825 1072 1980 1115 cura
2023 1049 2323 1115 mandata
2371 1060 2488 1115 est.

153 1152 247 1217 At
301 1176 479 1218 anno
523 1154 601 1220 67
646 1178 703 1217 a.
739 1150 893 1218 Chr.
936 1154 1136 1218 everti
1184 1154 1443 1221 videtur
1481 1157 1612 1233 illa,
1657 1180 1820 1242 quae
1860 1181 1899 1224 a
1935 1157 2122 1223 nobis
2161 1158 2492 1243 proposita

155 1271 255 1325 est
312 1260 431 1327 lex
447 1309 467 1339 ,
546 1272 619 1325 ut
686 1263 1025 1327 consulum
1080 1263 1240 1327 alter
1297 1264 1548 1329 Italiam
1607 1265 1944 1351 acciperet.
2031 1264 2260 1349 Neque
2320 1266 2490 1329 enim

160 1369 357 1433 modo
426 1369 546 1433 M?
590 1368 877 1435 Acilium
932 1369 1352 1435 Glabrionem
1409 1372 1650 1437 scimus
1707 1373 2003 1438 sortitum
2059 1395 2204 1439 esse
2259 1372 2490 1437 Asiam

156 1501 303 1541 eum
346 1477 667 1562 Bithynia
705 1477 867 1565 (Dio
906 1478 1217 1553 XXXV,
1273 1478 1413 1563 14),
1472 1502 1699 1544 verum
1753 1481 1945 1546 etiam
1996 1480 2309 1567 collegam
2348 1480 2488 1545 eius

155 1583 231 1651 C.
278 1584 723 1671 Calpurnium
767 1586 1071 1651 Pisonem
1112 1586 1286 1651 idem
1328 1586 1464 1653 Dio
1501 1589 1845 1665 XXXVI,
1887 1589 1970 1653 20
2011 1589 2206 1653 refert
2237 1587 2490 1653 Narbo-

161 1710 433 1759 nensem
482 1694 765 1761 Galliam
808 1695 1135 1781 accepisse
1180 1696 1592 1780 provinciam.
1657 1698 2097 1763 Veruntamen
2141 1696 2488 1781 singularis

173 1826 437 1886 prorsus
486 1805 629 1867 eius
690 1802 840 1867 anni
892 1802 1013 1866 fuit
1072 1803 1254 1867 ratio.
1340 1803 1512 1869 Lata
1551 1805 1721 1869 enim
1775 1827 1848 1869 eo
1890 1814 1988 1868 est
2041 1805 2148 1868 lex
2187 1802 2488 1879 Gabinia,

168 1934 309 1994 qua
357 1908 468 1975 Cn.
506 1910 817 1996 Pompeio
878 1910 1028 1976 belli
1094 1910 1346 1995 piratici
1404 1913 1676 1998 gerendi
1730 1935 1926 1977 causa
1983 1911 2232 1977 infinita
2287 1935 2488 1998 prope

152 2030 451 2105 potestas
492 2018 706 2084 delata
747 2030 865 2096 est,
912 2040 1075 2103 quae
1113 2041 1243 2083 non
1287 2029 1536 2083 tantum
1579 2043 1834 2085 omnem
1863 2041 2042 2085 oram
2085 2021 2488 2097 maritimam,

146 2129 213 2193 in
258 2152 405 2213 qua
450 2152 677 2215 parem
722 2138 1103 2215 potestatem
1142 2150 1219 2192 ac
1252 2128 1725 2212 provinciarum
1746 2128 2166 2215 proconsules
2205 2128 2490 2206 haberet,

154 2238 265 2301 sed
298 2239 511 2302 etiam
534 2238 781 2303 ltaliam
806 2238 1177 2302 universam
1202 2236 1762 2322 complectebatur,
1806 2260 2002 2322 quam
2041 2237 2110 2301 in
2143 2237 2492 2303 triennium

148 2369 299 2411 cum
324 2346 784 2431 proconsulari
806 2354 1123 2432 potestate
1152 2344 1417 2429 accepit.
1459 2344 1543 2408 Id
1563 2356 1626 2411 et
1645 2346 1778 2410 Dio
1800 2343 1986 2411 Cass.
2013 2342 2358 2419 XXXVI,
2385 2343 2488 2420 20,

147 2456 466 2541 quamvis
498 2455 762 2519 mutilus
799 2455 881 2518 sit
920 2454 1125 2529 loeus,
1164 2464 1383 2538 aperte
1418 2452 1615 2518 tradit
1657 2464 1721 2517 et
1760 2474 2026 2519 necesse
2061 2453 2266 2517 fuisse
2291 2474 2490 2536 appa-

146 2576 284 2641 ret;
336 2562 587 2627 etenim
615 2562 739 2625 nisi
766 2584 843 2625 ea
876 2570 1189 2647 potestate
1214 2572 1570 2637 ornaretur,
1615 2562 1770 2626 satis
1813 2583 2120 2646 magnum
2155 2560 2264 2625 ille
2305 2582 2489 2624 exer·-

148 2672 355 2736 citum
384 2670 696 2755 colligere
729 2690 859 2733 non
881 2667 1125 2753 potuit3
1170 2668 1637 2754 conscripsisse
1679 2678 1894 2733 autem
1935 2680 2230 2733 narratur
2257 2666 2490 2752 viginti

156 2779 334 2844 milia
390 2777 693 2863 peditum
730 2777 933 2862 (Plut.
974 2776 1203 2860 Pomp.
1248 2798 1305 2841 c.
1350 2775 1486 2861 26).
1583 2775 1846 2841 Peribat
1901 2777 2104 2863 igitur
2168 2776 2288 2841 hac
2345 2775 2491 2860 lege

177 2886 431 2951 alterius
488 2885 773 2951 consulis
822 2884 1155 2969 provincia
1197 2905 1397 2969 prope
1450 2894 1584 2949 tota
1637 2906 1753 2948 nec
1789 2884 2100 2969 Pompeio
2154 2882 2313 2968 ipsi,
2375 2882 2488 2967 qui

160 3005 317 3059 tunc
359 2996 717 3081 plurimum
761 2993 1004 3057 Romae
1048 2990 1300 3057 valebat
1316 3039 1333 3068 ,
1393 3002 1650 3077 gratum
1695 3015 1838 3058 esse
1888 3000 2166 3077 poterat,
2221 2990 2492 3055 alterum

149 3127 445 3189 eumque
502 3102 835 3167 consulem
893 3099 1036 3186 pari
1092 3123 1313 3165 secum
1364 3100 1433 3163 in
1472 3099 1660 3165 Italia
1715 3122 1858 3165 esse
1916 3107 2250 3185 potestate.
2329 3096 2490 3162 Ideo

148 3210 223 3277 C.
274 3211 521 3277 Pisoni
576 3210 802 3275 eadem
866 3209 1013 3294 lege
1063 3207 1347 3274 Gabinia
1408 3218 1591 3272 extra
1653 3207 1945 3272 ordinem
2006 3202 2492 3271 Narbonensem

157 3321 451 3387 Galliam
494 3317 811 3383 redditam
852 3339 996 3382 esse
1049 3316 1339 3382 coniicio.
1421 3315 1640 3397 Quam
1675 3338 1824 3381 cum
1862 3316 1928 3379 in
1967 3315 2110 3401 ipso
2152 3313 2490 3379 consulatu

158 3428 468 3515 quamvis
509 3427 577 3490 in
614 3424 776 3491 urbe
819 3435 1339 3500 commoraretur,
1386 3424 1650 3502 adisset,
1693 3422 2006 3510 impedire
2051 3418 2174 3487 Cn.
2196 3421 2493 3506 Pompeii

151 3540 219 3603 in
264 3535 498 3603 Gallia
536 3533 943 3600 Narbonensi
986 3533 1261 3597 dilectus
1308 3532 1520 3618 coepit
1561 3531 1727 3619 (Dio
1767 3530 2110 3607 XXXVI,
2157 3530 2270 3607 213
2316 3529 2491 3593 Plut.

159 3648 393 3731 Pomp.
438 3666 497 3707 e.
522 3643 657 3728 27),
696 3664 890 3726 quam
919 3640 1004 3706 ob
1040 3662 1173 3704 rem
1200 3653 1542 3705 accusatus
1575 3640 1748 3725 apud
1790 3638 2103 3725 populum
2143 3636 2494 3701 excidisset

178 3754 571 3839 magistratu,
634 3750 759 3815 nisi
801 3750 943 3836 ipso
978 3748 1289 3833 Pompeio
1334 3746 1720 3832 deprecante
1767 3748 2072 3811 dimissus
2113 3756 2304 3811 esset.
2387 3744 2493 3809 Ex

163 3886 289 3947 qua
316 3863 785 3946 imperatorum
828 3856 1233 3922 contentione
1276 3855 1681 3921 coniecturae
1725 3865 1978 3920 nostrae
2019 3854 2174 3919 satis
2205 3852 2494 3919 validum

160 3980 631 4057 argumentum
690 3965 1059 4051 repetimus.
1165 3960 1336 4028 Cum
1407 3964 1578 4028 enim
1633 3964 1852 4029 nullus
1919 3963 2082 4027 alius
2144 3960 2494 4048 proconsul

162 4102 318 4145 cum
357 4075 675 4161 Pompeio
722 4074 803 4139 de
845 4073 1213 4159 apparando
1256 4072 1425 4137 bello
1472 4072 1859 4139 dissensisse
1901 4086 2214 4146 narretur,
2259 4092 2340 4135 ne
2378 4068 2492 4133 Pi-

160 4211 393 4255 sonem
439 4183 703 4271 quidem
747 4194 821 4247 ut
872 4182 1241 4247 dissentiret
1298 4182 1624 4246 facturum
1687 4180 1892 4245 fuisse
1952 4179 2280 4255 existimO,
2345 4176 2492 4254 nisi,

162 4297 345 4385 quod
388 4293 619 4361 Italiae
661 4289 848 4376 quasi
900 4289 1295 4377 supplendae
1358 4311 1556 4354 causa
1599 4297 1936 4373 acceperat
1981 4284 2294 4362 Galliam,
2352 4306 2494 4349 eam

163 4408 247 4472 ob
288 4428 429 4471 rem
474 4424 544 4467 se
589 4410 949 4485 exemptam
995 4422 1035 4463 a
1070 4397 1367 4483 Pompeii
1411 4397 1654 4463 dilectu
1699 4418 1881 4461 suam
1917 4394 2058 4459 iam
2097 4392 2494 4479 provinciam
