2917 5017
643 339 724 388 De
759 336 930 388 Gallia
958 337 1308 388 Romanorum
1345 339 1610 403 provincia
1648 338 1919 402 appendix.
2320 342 2436 408 163

157 500 460 586 Redargui
516 501 718 586 igitur
761 479 1070 577 Dionem„
1131 499 1241 584 qui
1298 499 1378 563 de
1427 498 1567 565 Cal.
1608 503 1801 570 Mart.
1854 510 2003 574 anni
2046 509 2127 576 50
2180 509 2435 594 cogitet.

157 609 318 672 Haec
357 609 513 674 ratio
553 609 780 672 nititur
820 617 954 672 tota
996 618 1059 670 et
1099 607 1210 670 illo
1253 608 1365 692 qui
1406 620 1673 693 putatur
1708 615 1938 681 Dionis
1982 641 2217 694 errore,
2260 627 2324 680 et
2363 639 2439 681 ea

155 719 426 802 opinione
467 719 548 783 de
593 717 898 802 petitione
949 715 1353 792 consulatue,
1409 741 1602 802 quam
1644 721 1813 786 infra
1860 725 2318 799 refutabimus,
2374 733 2438 786 et

153 825 404 910 denique
449 825 970 911 interpretatione
1015 821 1304 888 Suetonii
1361 850 1587 911 parum
1638 831 1741 894 vel
1798 833 2018 898 subtili
2065 834 2169 899 vel
2212 855 2436 896 neces-

153 936 316 998 saria.
395 935 560 999 Nam
615 937 974 1016 quandoque
1029 936 1280 1014 imperii
1317 944 1552 1016 tempus
1596 941 1834 1018 expleri
1873 946 2157 1022 coepisset
2192 963 2311 1005 cur
2352 940 2436 1004 ad

149 1043 417 1106 ultimum
464 1042 714 1128 imperii
761 1063 1000 1105 annum
1047 1041 1399 1127 pertineat?
1490 1044 1695 1110 Immo
1736 1047 1817 1112 ad
1866 1071 2013 1113 eum
2055 1049 2168 1133 qui
2218 1047 2435 1132 exple-

149 1161 266 1214 tum
305 1151 646 1236 imperium
689 1149 1016 1235 proximus
1069 1149 1430 1234 insequitur
1483 1176 1721 1218 annum
1770 1157 2075 1240 pertinet:
2142 1166 2439 1242 coeperat

150 1259 365 1344 expleri
420 1258 764 1345 imperium
819 1269 1158 1342 postquam
1217 1259 1390 1322 exiit.
1495 1261 1811 1327 Ultimum
1866 1265 2131 1349 quidem
2186 1265 2437 1350 imperii

149 1391 360 1432 annum
413 1389 531 1431 cur
587 1365 796 1451 potius
855 1365 1292 1452 intelligamus
1349 1391 1543 1452 quam
1594 1370 1869 1455 primum
1919 1383 2030 1437 aut
2076 1373 2435 1436 secundum

150 1488 241 1539 aut
287 1475 579 1559 quemvis
639 1473 958 1557 denique?
1033 1474 1296 1538 Initium
1353 1477 1521 1540 enim
1579 1480 1878 1564 explendi
1934 1481 2185 1566 imperii
2228 1479 2435 1566 primo

151 1583 264 1648 eius
297 1607 464 1648 anno
501 1582 710 1668 magis
745 1582 934 1645 etiam
972 1582 1212 1646 factum
1251 1593 1348 1648 est
1378 1607 1572 1667 quam
1604 1586 1849 1652 ult‘imo.
1915 1589 2189 1672 Reliqua
2213 1589 2434 1674 igitur,

155 1691 216 1754 de
251 1690 482 1774 quibus
523 1702 635 1756 aut
673 1691 952 1754 diximus
999 1703 1110 1754 aut
1150 1703 1375 1777 postea
1417 1692 1631 1758 dicere
1680 1695 2093 1772 debebimus,
2153 1697 2207 1760 si
2248 1697 2436 1760 omit-

159 1809 346 1876 tamus,
387 1823 620 1886 parum
657 1813 954 1866 accurata
995 1801 1513 1885 interpretatione
1545 1801 1668 1867 hoc
1701 1825 1957 1887 quoque
1984 1813 2436 1890 argumentum

62 1917 66 1953 ῑ
153 1919 337 1971 natum
380 1919 503 1972 est.

287 2017 538 2082 Verum
601 2013 830 2081 Cicero
889 2027 950 2080 et
1005 2014 1279 2093 Caesar,
1348 2015 1715 2104 gravissimi
1775 2018 2057 2081 omnium
2121 2028 2435 2094 auctoreS‚
2522 2012 2531 2022 ”

62 2147 64 2150 ’
146 2147 354 2188 annum
379 2124 462 2188 50
493 2124 855 2208 Dionisque
883 2125 1262 2190 sententiam
1293 2125 1713 2210 redarguunt.
1784 2125 1902 2189 Ille
1936 2124 2019 2188 ad
2047 2126 2184 2190 Att.
2212 2125 2365 2202 VII,
2395 2125 2435 2188 9

62 2275 64 2279 -
145 2241 398 2296 extremo
457 2231 807 2296 Decembri
865 2233 1014 2298 anni
1057 2233 1138 2297 50
1192 2233 1272 2296 de
1325 2232 1628 2296 universa
1670 2231 2003 2318 republica
2043 2233 2136 2297 sic
2176 2233 2433 2298 scribit:

62 2367 64 2369 >
146 2343 220 2401 De
254 2344 508 2421 reliquii-5
551 2343 706 2421 quid
737 2353 828 2403 est
867 2345 1264 2404 deterrimum
1279 2346 1312 2404 Ρ
1403 2343 1736 2405 concedere
1778 2344 1882 2404 illi
1918 2343 2083 2421 quod
2118 2344 2435 2423 impuden-

143 2451 339 2509 tissime
371 2453 678 2530 postulat.
775 2453 932 2512 Nam
981 2451 1134 2530 quid
1173 2450 1590 2529 impudentius
1603 2453 1637 2510 ,Ρ
1726 2451 2011 2510 Tenuisti
2045 2452 2433 2529 provinciam

62 2547 70 2604 ἶ
137 2577 228 2635 per
275 2559 470 2618 decem
535 2578 766 2631 annos,
825 2579 950 2618 non
1011 2557 1126 2617 tibi
1173 2579 1212 2616 a
1255 2565 1507 2628 senatu,
1566 2557 1672 2616 sed
1709 2577 1749 2616 a
1795 2566 1853 2616 te
1894 2560 2021 2636 ipso
2055 2578 2171 2636 per
2212 2560 2335 2618 vim
2377 2566 2439 2617 et

142 2666 454 2728 factionem
497 2667 693 2726 datos.
775 2667 1107 2726 Praeteriit
1143 2673 1378 2742 tempus
1415 2685 1544 2724 non
1588 2666 1741 2743 Iegis
1755 2707 1773 2738 ‚
1818 2665 1925 2726 sed
1959 2664 2234 2726 libidinis
2271 2674 2435 2726 tuae.

61 2786 66 2820 ἓ
143 2775 250 2832 Fac
289 2782 497 2834 tamen
536 2775 722 2851 legis:
771 2781 848 2832 ut
878 2773 1242 2834 succedatur
1275 2772 1641 2832 decernitur.
1719 2773 1975 2850 Impedis
2004 2781 2065 2832 et
2088 2775 2211 2833 ais:
2267 2771 2438 2832 Habe

62 2871 65 2929 ἶ
142 2883 243 2938 mei
287 2882 618 2944 rationem.
709 2879 876 2940 Habe
921 2888 990 2939 tu
1034 2887 1331 2941 nostram.
1417 2881 1773 2938 Exercitum
1821 2887 1893 2939 tu
1934 2879 2155 2940 habeas
2201 2879 2437 2940 dz‘zitius

62 3003 65 3006 ·
142 3005 298 3061 quam
349 2990 628 3067 populus
680 2991 858 3048 chassi-‘t
911 2990 1110 3048 invito
1165 2991 1432 3049 senatu?
1506 2984 1689 3048 Haec
1732 2983 1928 3048 verba
1970 3007 2117 3049 cum
2164 2995 2436 3050 exeunte

141 3111 280 3154 anno
311 3091 392 3157 50
433 3093 679 3177 scripta
715 3093 862 3169 sint,
901 3104 1111 3158 tamen
1147 3117 1277 3157 non
1315 3093 1395 3157 ad
1437 3093 1509 3156 id
1538 3102 1814 3178 tempus,
1858 3113 1987 3177 quo
2020 3093 2255 3179 scripta
2288 3093 2433 3170 sint,

62 3243 68 3250 -
143 3199 235 3261 sed
277 3200 356 3263 ad
399 3201 474 3264 id
513 3223 643 3284 quo
687 3200 768 3264 de
811 3201 1158 3286 provinciis
1190 3198 1489 3266 Caesaris
1536 3210 1795 3264 senatus
1835 3201 2097 3264 futurus
2138 3209 2274 3265 erat
2308 3201 2353 3262 i.
2379 3221 2434 3264 e.

141 3307 206 3370 ad
243 3308 573 3372 ineuntem
618 3329 898 3372 mensem
946 3309 1314 3372 Ianuarium
1357 3307 1508 3372 anni
1544 3308 1623 3373 49
1664 3308 1977 3392 pertinere
2022 3318 2241 3372 censet
2269 3307 2435 3371 Hof-

62 3463 64 3484 Ξ
141 3437 386 3481 mannus
435 3440 500 3502 p.
545 3416 642 3479 14.
729 3413 834 3480 De
892 3417 1128 3480 futuris
1184 3415 1387 3501 igitur
1441 3413 1639 3480 rebus
1684 3415 1857 3498 quod
1904 3413 2137 3500 agebat
2182 3411 2434 3491 Cicem,

143 3523 382 3600 futuris,
441 3523 706 3608 opinor,
765 3521 1161 3608 temporibus
1215 3525 1395 3588 usus'
1433 3535 1550 3588 est.
1635 3523 1781 3587 Non
1824 3543 1986 3586 usus
2032 3530 2159 3598 est,
2219 3523 2438 3607 posuit

62 3633 64 3656 1
145 3632 398 3712 perfec-ta
423 3642 492 3695 et
515 3631 894 3716 praesentia,
927 3643 1250 3716 tamquam
1279 3632 1362 3696 de
1404 3653 1475 3696 re
1517 3629 1835 3716 praesenti
1871 3630 2271 3712 loqueretur3
2320 3629 2435 3694 sed

147 3739 292 3819 quod
345 3737 595 3804 Caesar
650 3739 1046 3824 provinciam
1108 3761 1228 3826 per
1283 3740 1509 3804 decem
1572 3759 1772 3801 annos
1831 3736 2117 3802 tenuisse
2178 3737 2436 3814 dicitur,

143 3843 264 3911 ideo
301 3847 740 3924 Hofmannus,
781 3846 893 3932 qui
932 3871 1100 3912 anno
1141 3849 1223 3913 50
1264 3847 1489 3912 decem
1530 3867 1731 3910 annos
1775 3845 2025 3931 imperii
2066 3843 2437 3910 Caesariani

144 3954 252 4018 ullo
288 3955 484 4020 modo
526 3955 870 4041 praeterire
894 3956 1184 4040 potuisse
1210 3965 1422 4041 neget,
1461 3975 1698 4019 novam
1726 3953 1893 4021 hanc
1912 3952 2222 4017 rationem
2248 3973 2437 4017 exco-

149 4061 313 4144 gitat,
375 4075 452 4128 ut
513 4061 891 4130 Ciceronem
953 4063 1079 4128 alio
1140 4072 1424 4148 tempore
1491 4062 1830 4147 scripsisse
1851 4109 1868 4138 ,
1934 4061 2059 4125 alio
2118 4061 2437 4146 cogitasse

151 4183 396 4238 censeat.
469 4173 606 4237 Sed
639 4173 744 4236 fac
775 4193 999 4236 verum
1033 4171 1135 4248 sit,
1176 4171 1350 4254 quod
1377 4170 1489 4234 vix
1514 4169 1857 4255 quisquam
1884 4168 2121 4254 poterit
2154 4169 2436 4244 credere,

150 4289 218 4358 ut,
239 4279 464 4346 Cicero
507 4291 832 4364 tamquam
876 4289 1064 4365 poeta
1102 4280 1320 4343 furore
1363 4279 1671 4362 abreptus
1718 4276 1894 4342 aliud
1934 4275 2169 4340 dixerit
2185 4319 2203 4352 ,
2259 4273 2438 4338 aliud

62 4411 65 4452 ff
153 4387 450 4472 cogitarit:
529 4388 720 4474 pauci
773 4387 944 4454 enim
999 4385 1260 4452 omnino
1317 4387 1458 4451 dies
1514 4384 1683 4450 inter
1740 4395 2096 4449 extremum
2153 4403 2440 4446 mensem

62 4481 64 4491 '
1905 4493 1977 4558 11
2000 4491 2035 4528 ⁴·
