2917 5017
435 356 515 423 36
1086 360 1167 410 De
1208 358 1379 411 Gallia
1415 362 1767 413 Romanorum
1812 335 2094 428 prouincia.

436 520 789 606 similisque
846 544 1112 608 prorsus
1164 522 1306 587 eius
1360 533 1460 587 est
1507 545 1702 589 causa
1751 533 1942 607 atque
1999 548 2258 602 eorum,
2316 524 2428 609 qui
2476 523 2753 607 reliquas

432 642 669 715 regunt
710 632 1092 717 provincias,
1138 653 1173 694 a
1198 630 1435 714 quibus
1468 653 1656 717 saepe
1682 654 1831 697 cum
1869 656 2008 697 eam
2047 644 2418 719 potestatem
2453 656 2491 697 a
2516 632 2753 718 populo

432 740 861 825 accepissent,
931 740 1263 804 civitatum
1319 739 1461 803 iura
1519 739 1864 804 constituta
1920 763 2064 806 esse
2129 752 2350 806 notum
2411 750 2526 805 est.
2621 737 2751 803 Sed

431 847 651 913 nescio
712 870 839 933 quo
900 859 1087 932 pacto
1152 847 1341 911 etiam
1398 869 1738 911 censorum
1798 848 1867 911 in
1930 848 2050 913 hac
2110 871 2180 913 re
2235 849 2482 933 aliquae
2541 858 2752 933 partes

432 955 737 1021 videntur
774 956 999 1032 fuisse,
1042 978 1117 1021 ac
1158 954 1479 1040 significat
1516 956 1638 1019 tale
1673 955 1915 1039 aliquid
1938 955 2072 1021 Dio
2101 954 2285 1021 Cass.
2313 955 2694 1030 XXXVII,
2713 956 2750 1017 9

432 1064 515 1128 de
558 1086 725 1128 anno
749 1063 829 1128 65
872 1063 967 1128 sic
1000 1065 1318 1128 referens:
1365 1065 1423 1125 οἱ
1463 1064 1706 1147 τιμηταὶ
1749 1066 1887 1149 περὶ
1929 1068 2048 1126 τῶν
2099 1064 2248 1149 ὑπὲρ
2296 1066 2396 1127 τὸν
2426 1062 2751 1147 Ἠριδανὸν

436 1171 762 1235 οἰκούντων
832 1172 1245 1256 διενεχθέντες
1312 1170 1444 1256 (τῷ
1511 1173 1619 1253 μὲν
1681 1172 1795 1258 γὰρ
1861 1174 1924 1241 ἐς
1977 1172 2081 1255 τὴν
2147 1173 2458 1235 πολιτείαν
2535 1168 2756 1237 αὐτοὺς

434 1278 662 1362 ἐςάγειν
708 1279 945 1357 ἐδόκει,
998 1286 1085 1363 τῷ
1132 1280 1201 1343 δὲ
1242 1278 1347 1363 οὔ)
1396 1280 1577 1342 οὐδὲν
1629 1281 1777 1343 οὐδὲ
1817 1286 1935 1343 τῶν
1983 1279 2188 1342 ἄλλων
2231 1276 2532 1363 ἔπραξαν,
2598 1276 2755 1339 ἀλλὰ

432 1388 533 1450 καὶ
577 1388 682 1471 τὴν
712 1388 908 1473 ἀρχὴν
943 1389 1222 1451 ἀπεῖπον.
1278 1387 1357 1451 In
1395 1385 1498 1451 his
1537 1386 1752 1451 mirari
1779 1386 2114 1464 debemus,
2159 1386 2333 1471 quod
2351 1386 2445 1452 M.
2472 1381 2754 1449 Crassus

430 1505 494 1559 et
520 1494 603 1577 Q.
630 1492 902 1560 Catulus
948 1516 1245 1559 censores
1290 1494 1494 1581 (Plut.
1521 1490 1738 1559 Crass.
1764 1518 1818 1559 c.
1849 1495 1954 1580 13)
1998 1506 2341 1560 narrantur
2368 1493 2451 1558 de
2498 1492 2754 1557 civitate

432 1600 641 1667 Gallis
674 1602 1152 1688 Transpadanis
1180 1601 1395 1666 danda
1430 1602 1838 1668 dissensisse.
1916 1600 2236 1668 Censores
2275 1602 2466 1677 enim,
2507 1601 2757 1685 opinor,

432 1734 655 1775 eorum
686 1712 796 1795 qui
831 1711 1007 1775 cives
1041 1721 1211 1787 sunt,
1259 1732 1523 1775 censum
1553 1711 1900 1797 accipiunt,
1947 1711 2208 1775 ordines
2252 1710 2469 1795 populi
2514 1708 2758 1774 consti·
2841 1782 2850 1793 ¹

436 1830 647 1897 tuum,
688 1820 813 1885 hoc
843 1821 1113 1885 fortasse
1142 1820 1334 1884 etiam
1360 1842 1820 1903 nonnunquam
1855 1818 2123 1895 faciunt,
2166 1830 2240 1884 ut
2283 1819 2337 1884 si
2380 1818 2490 1902 qui
2532 1830 2758 1881 utrum

438 1927 565 1991 sint
598 1928 772 1993 cives
799 1951 999 1993 necne
1035 1926 1306 1993 dubium
1336 1952 1478 1993 csse
1508 1927 1823 2004 videatur,
1855 1928 2222 2004 decernant,
2271 1927 2387 1991 sed
2417 1950 2550 2004 eos,
2597 1948 2760 2011 quos

430 2034 719 2099 nondum
786 2036 961 2101 cives
1020 2059 1162 2101 esse
1212 2045 1496 2111 constat,
1567 2035 1891 2119 quomodo
1959 2036 2026 2099 in
2089 2034 2409 2099 civitatem
2470 2035 2754 2114 recipere

432 2143 743 2228 possunt?
825 2144 931 2207 De
988 2166 1113 2227 qua
1173 2165 1242 2208 re
1298 2144 1352 2207 si
1405 2165 1532 2226 qua
1590 2144 2082 2229 magistratuum
2125 2141 2446 2207 dissensio
2503 2142 2756 2217 existat,

432 2250 525 2315 sic
563 2249 889 2336 agendum
942 2262 1058 2327 est,
1098 2262 1172 2315 ut
1212 2252 1457 2337 rogatio
1498 2252 1579 2315 ad
1607 2253 1916 2338 populum
1958 2252 2219 2327 feratur,
2263 2250 2374 2333 qui
2411 2250 2570 2334 quid
2623 2248 2745 2315 sibi

430 2358 677 2444 placeat
718 2359 1036 2424 decernat.
1130 2358 1241 2426 Sic
1291 2360 1495 2445 igitur
1537 2370 1707 2425 certe
1755 2360 1943 2425 ctiam
1991 2358 2058 2424 hi
2103 2380 2402 2423 censores
2441 2358 2755 2444 egissent,

428 2478 502 2531 ut
522 2467 618 2531 M.
644 2464 925 2532 Crassus
948 2470 1125 2550 (nam
1150 2468 1323 2533 hunc
1352 2468 1548 2553 patris
1575 2490 1768 2533 causa
1791 2490 1902 2553 pro
1923 2467 2402 2553 Transpadanis
2427 2488 2757 2553 pugnasse

429 2575 757 2659 existimo)
799 2575 1008 2661 legem
1043 2576 1128 2639 ad
1166 2576 1471 2661 populum
1512 2576 1738 2653 ferret,
1783 2576 1907 2641 nisi
1953 2576 2110 2641 haec
2147 2575 2757 2660 Transpadanorum

430 2704 625 2748 causa
668 2706 935 2768 prorsus
992 2683 1339 2768 singularis
1394 2684 1708 2768 quaedam
1769 2685 2002 2749 fuisset
2062 2702 2490 2767 censoresque
2541 2683 2627 2748 de
2685 2706 2758 2748 ea

431 2792 756 2857 statuendi
824 2792 1143 2877 propriam
1208 2815 1283 2857 ac
1351 2792 1499 2876 lege
1567 2792 1844 2857 delatam
1913 2801 2287 2877 potestatem
2349 2791 2752 2857 habuissent.

428 2899 849 2986 Eandemque
889 2900 971 2966 ob
1014 2923 1271 2965 causam
1316 2922 1484 2964 anno
1531 2910 1671 2985 post
1720 2901 2027 2987 perlatam
2065 2902 2277 2987 legem
2319 2901 2554 2966 Iuliam
2601 2922 2754 2965 cen·

431 3030 609 3075 sores
655 3011 847 3075 creati
893 3020 1063 3086 sunt,
1104 3008 1361 3093 quibus,
1406 3008 1707 3092 quoniam
1733 3020 2038 3092 quattuor
2059 3009 2243 3074 annis
2287 3020 2433 3073 ante
2474 3010 2755 3074 lustrum

427 3117 547 3181 rite
587 3128 723 3182 erat
765 3116 1116 3190 conditum,
1178 3116 1463 3178 nondum
1501 3137 1668 3199 opus
1713 3126 1868 3190 erat,
1913 3116 2283 3199 pracsertim
2333 3138 2480 3180 cum
2525 3118 2606 3182 ab
2652 3119 2755 3192 iis,

429 3224 541 3309 qui
583 3235 737 3287 tunc
774 3224 927 3288 facti
978 3234 1162 3297 sunt,
1209 3222 1452 3285 nullam
1495 3221 1716 3305 populi
1758 3232 2000 3307 partem
2062 3243 2320 3286 censam
2361 3246 2503 3288 esse
2545 3225 2756 3289 tradat

430 3328 662 3397 Cicero
703 3355 764 3417 p.
807 3331 1005 3396 Arch.
1049 3330 1107 3394 8.
1195 3327 1381 3410 Quos
1426 3349 1741 3392 novorum
1787 3328 2025 3393 civium
2085 3352 2280 3395 causa
2319 3342 2564 3397 creatos
2606 3356 2755 3399 esse

430 3439 680 3503 dudum
720 3438 841 3502 viri
883 3438 1056 3503 docti
1104 3436 1413 3522 suspicati
1457 3447 1628 3513 sunt,
1680 3436 1795 3501 sed
1840 3459 1966 3501 non
2009 3448 2138 3502 tam
2177 3438 2259 3502 ad
2303 3461 2440 3502 eam
2483 3461 2640 3514 rem,
2675 3451 2756 3503 ut

428 3568 536 3612 eos
580 3546 692 3631 qui
733 3546 909 3611 cives
952 3547 1105 3613 facti
1145 3556 1381 3622 essent,
1419 3546 1488 3609 in
1533 3544 1739 3610 tribus
1783 3545 2148 3610 dividerent
2190 3547 2366 3627 (nam
2406 3546 2554 3609 ideo
2595 3567 2750 3609 cen-

431 3654 687 3721 soribus
729 3679 855 3720 non
902 3678 1067 3742 opus
1111 3658 1296 3739 erat),
1349 3676 1576 3719 verum
1621 3663 1694 3717 ut
1733 3654 1800 3719 in
1841 3655 2162 3719 civitatem
2205 3653 2599 3738 reciperent,
2652 3665 2752 3730 ut,

426 3784 589 3848 quos
628 3763 735 3828 lex
776 3764 1178 3849 permisisset
1208 3763 1369 3839 fieri,
1412 3785 1524 3829 eos
1552 3763 1836 3829 facerent
1866 3763 2067 3838 cives,
2107 3770 2252 3827 ante
2293 3761 2532 3825 exitum
2561 3760 2751 3825 lustri

428 3883 610 3937 extra
651 3871 943 3936 ordinem
988 3871 1185 3936 creati
1243 3882 1413 3935 sunt.
1498 3870 1602 3935 Ac
1652 3872 1828 3955 quod
1871 3871 2078 3955 magis
2119 3869 2310 3934 etiam
2354 3869 2589 3933 mirum
2631 3880 2750 3945 est,

430 3989 681 4045 creatus
722 3989 819 4045 est
850 4000 1080 4045 censor
1120 3979 1259 4065 ipse
1289 3978 1397 4043 ille
1440 3978 1552 4061 qui
1589 3978 1801 4064 legem
1839 3979 2092 4053 tulerat,
2142 3977 2224 4041 L.
2253 3978 2462 4042 Iulius
2488 3975 2747 4053 Caesar,

428 4088 559 4173 qui,
602 4110 752 4152 cum
797 4098 943 4173 post
971 4086 1375 4153 consulatum
1405 4086 1748 4171 imperium
1789 4095 2264 4172 prorogaretur,
2307 4108 2474 4150 anno
2507 4086 2587 4152 89
2622 4088 2747 4152 iam

428 4195 752 4282 duplicem
816 4206 1195 4282 potestatem
1259 4194 1573 4270 habebat,
1647 4204 1711 4259 et
1769 4194 2170 4259 consularem
2250 4204 2313 4258 et
2369 4193 2745 4259 censoriam.

426 4302 620 4369 Hanc
676 4315 917 4370 tantam
972 4314 1262 4369 veterum
1320 4326 1574 4368 morum
1630 4324 1705 4367 ac
1759 4302 1978 4386 legum
2037 4302 2529 4367 inconstantiam
2575 4317 2742 4369 certe

426 4409 701 4477 Romani
751 4435 880 4478 non
943 4414 1444 4487 commisissent,
1514 4411 1638 4475 nisi
1697 4412 1974 4475 eundem
2035 4411 2148 4495 qui
2204 4411 2459 4475 tulisset
2517 4412 2744 4496 exequi
