2917 5017
734 371 818 422 De
851 371 1049 435 legibus
1087 372 1480 436 municipalibus
1516 371 1828 438 Hispanicis.
2322 371 2435 437 321

57 531 478 599 Domitiani
547 533 756 599 edicto
829 533 1146 597 civitatem
1212 533 1570 598 Romanam
1642 534 2194 619 consequebatur,
2264 538 2447 602 alteri

60 639 362 722 quibus
389 641 774 728 Vespasiani
819 642 1105 706 edictum
1141 640 1555 707 Latinitatem
1606 642 1895 719 dederat,
1942 667 2021 708 ex
2062 645 2207 730 lege
2230 646 2445 710 muni·-

63 748 348 834 cipali,
415 751 469 814 si
528 751 608 816 ad
673 749 948 814 honores
1007 748 1430 835 municipales
1488 751 1919 835 pervenirent,
1980 752 2131 815 item
2188 752 2445 819 civitate

64 858 332 921 ornari
364 867 674 943 poterant.
731 856 991 922 Etenim
1023 857 1135 942 qui
1179 879 1405 922 recens
1441 857 1657 922 Latini
1704 859 1855 924 facti
1894 871 2093 938 erant,
2136 872 2209 925 ut
2250 861 2445 926 liber-

61 975 313 1030 tatem
363 989 513 1031 cum
553 989 724 1031 novo
762 965 904 1030 iure
948 965 1355 1030 coniunctam
1385 967 1563 1050 (nam
1596 988 1817 1032 omnes
1850 967 2119 1033 Latinae
2150 969 2442 1034 civitates

63 1075 420 1140 liberiore
465 1075 606 1138 iure
651 1074 952 1158 utuntur)
993 1074 1376 1159 acciperent,
1428 1085 1493 1137 et
1540 1074 1621 1138 ad
1666 1075 1922 1139 comitia
1959 1077 2441 1162 magistratibus

67 1183 414 1248 creandis
459 1182 725 1248 admissi
767 1193 830 1246 et
870 1181 937 1245 in
985 1181 1274 1246 ordinem
1316 1181 1735 1256 decurionum
1785 1183 2020 1269 recepti
2068 1198 2237 1249 sunt.
2298 1187 2445 1252 Hac

63 1291 364 1356 ratione
419 1291 578 1354 nihil
621 1291 688 1354 in
733 1313 879 1356 aere
921 1290 1322 1376 Salpensano
1365 1300 1478 1353 aut
1515 1289 1902 1356 Malacitano
1945 1303 2062 1367 est,
2111 1293 2285 1379 quod
2315 1316 2441 1358 non

69 1400 496 1485 explicetur,
541 1399 721 1475 nihil,
766 1399 940 1483 quod
979 1398 1059 1462 ab
1100 1398 1244 1462 aliis
1284 1399 1709 1484 scriptoribus
1746 1411 1859 1462 aut
1886 1399 2029 1464 aliis
2062 1424 2443 1466 monumen-

71 1507 174 1570 tis
227 1507 551 1584 tradatur,
597 1508 753 1592 quin
793 1506 1206 1572 confirmetur
1247 1517 1439 1590 atque
1481 1507 1859 1584 illustretur,
1901 1510 2217 1574 neminem
2260 1511 2442 1573 deni-

73 1639 232 1699 que
283 1637 595 1701 peccasse
641 1616 1005 1691 statuimus,
1050 1626 1122 1678 ut
1169 1625 1388 1678 nostra
1427 1615 1741 1701 sapientia
1778 1626 1919 1682 stet.
1976 1617 2201 1703 Neque
2228 1617 2442 1682 hercle

71 1723 230 1788 hoc
285 1723 474 1788 nobis
519 1724 712 1789 debet
766 1723 979 1798 obiici,
1033 1724 1099 1786 in
1146 1723 1537 1806 quibusdam
1582 1725 1800 1801 rebus,
1848 1749 2012 1811 quae
2057 1727 2443 1811 scriptorum

79 1832 502 1897 testimoniis
550 1856 777 1918 parum
819 1833 1245 1908 illustrantur,
1307 1833 1678 1897 coniectura
1735 1856 1854 1898 nos
1912 1857 2054 1899 esse
2103 1856 2259 1898 usos
2306 1857 2441 1898 ma-

85 1942 352 2026 gisque
409 1942 584 2025 quod
645 1940 978 2026 probabile
1037 1963 1231 2025 quam
1281 1940 1458 2024 quod
1504 1963 1728 2004 verum
1776 1943 1858 2006 sit
1906 1943 2271 2028 protulisse.
2362 1942 2442 2005 Id

81 2049 538 2134 intelligimus
593 2050 719 2134 ipsi
781 2059 972 2133 atque
1023 2049 1206 2113 initio
1261 2048 1713 2134 disputationis
1760 2063 2015 2114 nostrae
2058 2073 2441 2114 commemo-

85 2160 442 2235 ravimus3
505 2157 619 2222 sed
671 2181 898 2242 parum
955 2157 1360 2242 proficiamus
1419 2159 1486 2222 in
1543 2159 1781 2224 nostris
1832 2159 2094 2236 litteris,
2154 2159 2207 2223 si
2270 2159 2447 2224 nulla

88 2267 487 2333 coniectura
545 2266 922 2330 admittatur
995 2266 1711 2351 mathematicorumque
1767 2290 1942 2332 more
2012 2266 2255 2350 ubique
2326 2267 2441 2331 de-

91 2375 494 2439 monstratio
560 2375 941 2460 postuletur.
1027 2371 1341 2440 Sufficere
1398 2376 1568 2440 enim
1626 2375 1819 2440 debet
1868 2397 2057 2460 saepe
2109 2375 2174 2438 in
2222 2375 2441 2440 multis

91 2483 313 2548 rebus
378 2483 816 2568 probabilitas,
886 2505 1051 2567 quae
1119 2482 1539 2548 similitudine
1602 2483 2131 2571 argumentisque
2202 2505 2280 2546 ex
2346 2483 2439 2546 rei

93 2602 347 2657 natura
401 2592 926 2676 antiquitatisque
985 2593 1452 2658 consuetudine
1506 2593 1792 2678 repetitis
1849 2591 2257 2666 conficiatur,
2317 2591 2437 2655 im-

93 2700 340 2783 primis
386 2700 501 2765 ubi
538 2723 666 2765 non
708 2700 1146 2785 impugnetur,
1186 2701 1362 2784 quod
1399 2701 1705 2767 traditum
1736 2711 1853 2778 est,
1885 2701 1998 2765 sed
2030 2699 2443 2764 confirmetur

95 2819 307 2898 atque
349 2809 723 2895 explicetur.
810 2804 1028 2891 Atque
1084 2808 1208 2872 hoc
1257 2809 1772 2873 coniecturarum
1820 2831 2054 2892 genere
2114 2807 2305 2871 etiam
2357 2806 2440 2871 ad

97 2918 272 2982 alias
330 2929 542 3002 partes
610 2918 840 2981 horum
905 2929 1460 2981 monumentorum
1519 2916 2211 3002 praestantissimorum
2270 2925 2440 2978 recte

100 3025 568 3110 intelligendas
614 3047 779 3111 opus
833 3047 976 3090 esse
1029 3047 1388 3091 censemus.
1470 3025 1763 3090 Plurima
1805 3024 1973 3087 enim
2024 3024 2089 3086 in
2142 3022 2221 3085 iis
2268 3031 2439 3097 sunt,

101 3155 279 3218 quae
325 3134 662 3199 doctorum
708 3134 991 3198 virorum
1031 3135 1246 3199 studia
1289 3134 1567 3198 excitent
1610 3133 2032 3216 dolemusque
2086 3151 2304 3215 prope,
2358 3128 2440 3193 ab

101 3243 298 3307 initio
346 3243 534 3308 nobis
577 3264 781 3306 unum
820 3241 994 3306 hunc
1041 3243 1122 3306 de
1159 3243 1655 3328 municipiorum
1696 3241 1941 3306 ratione
1984 3241 2218 3315 locum,
2248 3260 2441 3322 quem

105 3375 144 3415 a
173 3373 497 3416 novarum
532 3350 901 3436 opinionum
927 3350 1162 3415 iniuria
1193 3361 1540 3427 tueremur,
1564 3373 1707 3416 esse
1735 3349 2155 3436 propositum.
2194 3347 2441 3428 Quam-

104 3483 308 3544 quam
355 3482 520 3544 quae
576 3459 658 3524 de
714 3457 1068 3524 honoribus
1113 3457 1611 3543 municipalibus
1666 3479 1745 3521 ac
1795 3453 2254 3521 decurionibus
2310 3464 2441 3517 tra-

108 3568 384 3643 duntur,
449 3589 526 3632 ea
591 3568 682 3632 ita
739 3591 778 3632 a
836 3565 1023 3630 nobis
1087 3566 1154 3628 in
1215 3566 1819 3630 commentationum
1879 3561 2440 3649 epigraphicarum

111 3676 444 3741 volumine
484 3677 691 3761 primo
735 3674 1029 3762 exposita
1069 3685 1239 3750 sunt,
1287 3684 1357 3738 ut
1397 3673 1556 3737 nihil
1600 3674 1734 3738 fere
1778 3670 2157 3736 mutandum
2200 3691 2277 3734 ac
2331 3670 2441 3733 vix

114 3785 468 3870 quicquam
517 3783 950 3871 supplendum
994 3783 1094 3847 sit.
1167 3781 1301 3846 Sed
1347 3781 1428 3846 de
1470 3780 1742 3847 comitiis
1784 3779 2279 3864 municipiorum
2316 3777 2441 3842 Hi-

116 3893 531 3979 spanicorum
573 3898 748 3973 (nam
780 3891 1151 3956 Italicorum
1180 3912 1336 3955 num
1364 3891 1588 3955 eadem
1635 3890 1793 3955 ratio
1834 3888 2028 3952 fuerit
2054 3908 2441 3972 magnopere

117 4001 484 4086 quaeritur)
539 4011 604 4066 et
647 4001 728 4066 de
774 4000 991 4075 curiis,
1036 4020 1201 4083 quae
1246 4019 1373 4061 non
1419 3999 1614 4062 modo
1655 3997 1720 4060 in
1767 3996 1869 4060 his
1914 3993 2149 4058 tabulis
2193 4004 2255 4058 et
2298 3995 2441 4078 qui-

120 4108 400 4174 busdam
462 4106 990 4194 inscriptionibus
1053 4106 1401 4182 Africanis,
1456 4128 1683 4171 verum
1740 4105 1928 4168 etiam
1981 4102 2046 4166 in
2107 4103 2443 4188 municipii

123 4217 621 4304 Aciniponensis
682 4238 879 4302 prope
946 4214 1260 4278 Malacam
1317 4214 1422 4279 siti
1477 4214 1663 4278 titulo
1722 4210 1896 4298 apud
1960 4207 2198 4276 Caecil.
2244 4208 2441 4275 Garc.

125 4327 204 4392 de
258 4328 322 4392 la
380 4325 564 4390 Leria
614 4324 905 4409 antiquit.
953 4321 1237 4387 Malacit.
1290 4321 1611 4409 (Malacae
1668 4321 1858 4404 1789)
1914 4318 2099 4383 Tom.
2136 4318 2206 4382 II
2248 4340 2313 4403 p.
2360 4317 2441 4382 54

1956 4450 2034 4516 21
