2917 5017
387 344 512 413 388
1351 349 1517 399 Iudex
1550 362 1735 399 rerum.

385 512 526 565 otho
559 515 839 579 imperator
869 510 1190 575 Lingonibus
1221 512 1481 563 civitatem
1518 512 1609 561 dat
1638 508 1755 561 305.
1790 508 1913 561 316.

383 674 656 725 Pannonia
688 674 952 739 provincia
984 673 1220 723 instituta
1255 671 1370 725 106.
1443 674 1653 738 quando
1684 672 1993 737 peculiarem
2026 678 2271 721 rectorem
2300 670 2561 734 acceperit
2600 666 2719 719 109.

386 835 450 897 Q.
483 836 674 887 Pedius
706 841 912 901 praetor
950 832 1072 885 241.

384 918 635 968 Pertinax
667 919 948 981 imperator
980 915 1220 965 Raetiam
1259 914 1386 964 olim
1420 920 1627 963 rexerat
1670 910 1781 961 110.

386 998 586 1051 Plinius
615 1005 724 1049 nat.
759 998 878 1047 hiat.
911 996 1198 1062 explicatur
1233 992 1316 1047 64.
1371 994 1477 1059 q'ua
1506 994 1705 1043 ratione
1742 994 1796 1041 in
1829 992 2144 1056 geographia
2179 1006 2305 1043 8888
2344 994 2413 1043 sit
2449 990 2568 1041 100.
2634 1006 2720 1041 ex-

521 1081 742 1145 plicatur
790 1076 904 1129 100.
973 1077 1037 1127 In
1073 1075 1244 1127 Gallia
1286 1075 1621 1125 describenda
1662 1074 1861 1124 initium
1896 1073 2122 1136 Aug-usti
2168 1075 2399 1138 sequitur
2440 1071 2561 1123 107.
2602 1070 2720 1123 312.

525 1157 643 1211 328.
716 1159 1000 1222 explicatur
1042 1154 1160 1206 274.
1195 1154 1312 1207 338.
1393 1157 1519 1220 quid
1558 1157 1623 1204 de
1656 1155 1765 1203 iure
1800 1155 2081 1219 Hispaniae
2114 1156 2296 1205 doceat
2332 1154 2452 1205 311.

387 1256 558 1306 1108118
575 1240 804 1305 capitalis
827 1239 1003 1288 8118111
1023 1237 1240 1298 natiuis,
1265 1238 1369 1286 alia
1389 1238 1445 1285 in
1468 1236 1659 1286 civibus
1678 1236 1846 1297 Rom„
1873 1236 1975 1284 alia
1992 1236 2046 1285 in
2062 1252 2205 1301 pace,
2234 1238 2339 1287 alia
2357 1238 2417 1287 in
2435 1237 2581 1285 bello
2606 1232 2720 1285 360.

390 1321 490 1373 011.
525 1320 804 1385 Pompeius
853 1320 908 1369 in
945 1316 1118 1367 Gallia
1161 1318 1400 1367 hibernat
1446 1314 1495 1365 6.
1560 1318 1693 1365 iurat
1738 1332 1795 1365 se
1846 1318 1902 1367 in
1938 1318 2134 1367 nullam
2169 1319 2506 1381 provinciam,
2532 1319 2723 1366 iturum

526 1399 612 1451 54.
673 1400 918 1464 quamdiu
954 1398 1158 1464 Syriam
1186 1398 1463 1448 obtinuerit
1494 1394 1579 1448 63.
1634 1412 1787 1461 quam
1820 1399 2137 1461 provinciam
2172 1400 2227 1447 in
2260 1400 2427 1449 altero
2450 1398 2727 1449 consulatu

525 1483 762 1533 habuerit
792 1480 876 1531 77.
941 1496 1010 1531 ex
1040 1481 1196 1531 tertio
1233 1480 1500 1530 consulatu
1534 1479 1751 1529 alterum
1778 1480 2069 1542 provinciae
2093 1481 2503 1545 quinquennium
2530 1480 2727 1529 obtinet

525 1561 610 1615 85.
669 1578 770 1627 quo
805 1564 888 1612 die
921 1562 1192 1628 imperium
1223 1562 1276 1611 in
1305 1563 1499 1626 piratas
1534 1562 1785 1623 acceperit
1824 1558 1932 1611 193.
1991 1576 2095 1624 quo
2128 1562 2211 1611 die
2237 1569 2477 1611 mortuus
2516 1562 2726 1623 eiusque

525 1644 601 1693 rei
638 1644 848 1693 nuntius
883 1643 1106 1692 Romam
1143 1643 1327 1692 allatus
1365 1643 1433 1705 sit
1470 1640 1591 1691 211.
1670 1641 1777 1689 8188
1813 1641 1990 1691 titulus
2031 1642 2383 1705 imperatorius
2430 1639 2561 1693 234.
2697 1684 2702 1688 .

391 1722 488 1775 011.
520 1723 794 1788 Pompeius
824 1722 1012 1774 Strabo
1046 1723 1256 1774 Italiam
1304 1732 1358 1774 et
1391 1720 1617 1773 Galliam
1654 1720 1851 1771 obtinet
1900 1717 1985 1771 29.
2066 1723 2187 1786 quid
2222 1724 2389 1787 egerit
2424 1724 2494 1773 de
2532 1722 2725 1773 Trans-

527 1805 746 1869 padanis
786 1802 872 1854 30.
909 1802 994 1855 40.

389 1887 452 1937 P.
481 1886 734 1951 Popillius
769 1886 825 1935 in
863 1886 976 1949 ipsa
1012 1896 1254 1951 praetura
1287 1882 1605 1948 provinciam
1639 1882 1797 1932 habet
1841 1880 1920 1931 17.

391 1969 465 2018 Μ.
499 1968 714 2018 Porcius
749 1966 880 2017 0810
913 1966 1138 2017 Galliam
1171 1966 1563 2017 Narbonensem
1602 1966 1734 2027 regit
1773 1961 1857 2013 27.

389 2049 636 2114 praefecti
665 2047 870 2098 fabrum
889 2050 1078 2099 totiens
1099 2048 1243 2109 fiunt,
1279 2047 1517 2111 quotiens
1544 2048 1881 2109 imperatores
1907 2041 2021 2093 137.
2070 2042 2312 2107 praefecti
2340 2043 2485 2095 urbis
2512 2060 2547 2093 a
2561 2046 2725 2093 dicta-

527 2136 640 2179 tore
675 2127 898 2179 Caesare
933 2128 1056 2179 facti
1093 2127 1190 2180 241
1231 2144 1310 2192 sq.
1383 2126 1507 2177 18811
1543 2141 1681 2175 811110
1717 2122 1805 2187 46„
1840 2140 1956 2173 cum
1992 2124 2131 2174 soliti
2164 2124 2499 2187 magistratus
2536 2132 2723 2183 essent,

527 2210 666 2274 quod
715 2225 882 2260 annus
927 2210 1016 2259 ille
1073 2219 1182 2260 erat
1229 2208 1543 2259 confusionis
1596 2204 1714 2256 244.
1794 2220 1863 2255 ex
1908 2218 2013 2267 quo
2058 2206 2237 2255 ordine
2283 2204 2408 2257 facti
2458 2207 2565 2255 sint
2605 2203 2725 2255 216.

527 2291 626 2340 iuri
671 2291 894 2341 dicundo
935 2300 1184 2356 praesunt
1232 2286 1350 2341 246.
1421 2303 1603 2339 eorum
1637 2301 1827 2335 nomen
1865 2284 1985 2334 248.
2057 2285 2303 2349 praefecti
2342 2286 2489 2337 feriis
2520 2286 2723 2337 Latinis

529 2368 648 2421 246.
717 2371 960 2435 praefecti
1009 2371 1188 2421 classis
1237 2370 1331 2419 sub
1375 2370 1619 2421 dictatore
1662 2367 1885 2419 Caesare
1929 2362 2047 2417 248.
2120 2367 2365 2431 praefecti
2413 2383 2506 2432 pro
2542 2368 2727 2419 Hviris

528 2449 646 2503 282.
719 2466 825 2501 non
860 2454 1189 2503 nominantur
1227 2450 1380 2501 nviri
1420 2446 1539 2501 318.

391 2540 596 2597 praetor
639 2532 940 2597 peregrinus
987 2530 1182 2583 bellum
1215 2538 1487 2581 externum
1520 2530 1655 2593 gerit
1699 2526 1779 2579 10.
1852 2536 2093 2591 praetura
2124 2528 2325 2577 urbana
2362 2538 2417 2579 et
2447 2530 2733 2593 peregrina

531 2613 829 2663 coniunctae
874 2610 950 2662 12.
1018 2619 1282 2676 praetores
1321 2612 1527 2675 quando
1560 2610 1841 2675 inceperint
1875 2615 2153 2673 prorogato
2180 2610 2397 2673 imperio
2429 2611 2733 2673 provincias

529 2695 759 2745 obtinere
801 2690 884 2745 16.
959 2700 1222 2757 praetores
1261 2692 1350 2757 qui
1389 2691 1594 2757 proprie
1631 2706 1726 2757 pro
1760 2697 2027 2755 praetores
2070 2697 2217 2751 snut„
2258 2706 2363 2741 non
2396 2694 2736 2755 appellantur

526 2776 582 2825 in
615 2774 836 2823 nummis
871 2771 986 2824 182.
1055 2779 1318 2837 praetores
1354 2774 1653 2836 designatos
1692 2786 1907 2821 munera
1944 2786 2039 2822 sua
2072 2773 2239 2821 sortiri
2291 2769 2405 2823 191.
2456 2782 2729 2837 praetores

529 2856 650 2906 anni
687 2852 753 2905 48
791 2871 840 2905 a.
873 2854 996 2904 Chr.
1035 2852 1155 2903 241.
1218 2854 1505 2918 praetoriae
1546 2852 1815 2917 potestatis
1853 2858 1973 2903 sunt
2004 2852 2165 2915 legati
2200 2853 2469 2915 legionum
2510 2853 2631 2905 111.

392 2938 669 3001 proconsul
701 2933 910 2985 Africae
959 2950 1054 2999 per
1101 2949 1197 2985 sex
1248 2950 1412 2985 annos
1455 2932 1572 2985 137.
1638 2948 1731 2997 per
1768 2932 2047 2983 triennium
2107 2930 2218 2983 139.

394 3016 774 3082 proconsularis
809 3014 1177 3079 imperatorum
1209 3022 1436 3078 potestas
1482 3015 1741 3077 quomodo
1776 3020 1901 3063 nata
1936 3014 2021 3063 ait·
2042 3010 2159 3063 202.

392 3104 751 3162 procuratores
799 3097 1174 3161 provinciarum
1219 3103 1401 3158 parent
1443 3096 1630 3158 legatis
1683 3092 1797 3145 105,
1866 3096 2071 3158 quando
2117 3094 2171 3143 in
2208 3094 2393 3146 Raetia
2445 3101 2499 3143 et
2538 3094 2727 3147 Norico

529 3176 752 3225 instituti
798 3174 911 3227 107.
981 3176 1154 3227 Norici
1198 3174 1312 3226 117.
1383 3182 1773 3239 procuratorum
1816 3161 2121 3239 provinciae
2154 3176 2311 3237 aliae,
2353 3176 2493 3227 aliae
2534 3177 2729 3239 legato-

531 3272 647 3306 rum
694 3254 810 3309 150.

393 3340 796 3404 proscriptorum
829 3335 982 3387 liberi
1018 3351 1050 3385 a
1085 3334 1234 3387 Sulla
1266 3336 1555 3388 honoribus
1588 3335 1846 3389 cumnbus
1878 3339 2127 3403 prohibiti
2164 3334 2283 3389 202.

393 3417 666 3485 provincia
707 3432 836 3482 quae
875 3418 1065 3467 Latine
1100 3419 1384 3483 appelletur
1427 3420 1476 3467 4.
1552 3418 1924 3481 provinciarum
1966 3419 2150 3468 divisio
2194 3432 2333 3467 anno
2380 3412 2478 3465 166
2518 3433 2565 3466 8.
2605 3416 2729 3467 Chr.

531 3497 582 3549 5.
665 3500 984 3563 reliquorum
1025 3500 1291 3563 deinceps·
1317 3513 1571 3549 annorum
1616 3499 1799 3549 divisio
1848 3497 1883 3547 6
1918 3515 1993 3564 sq.
2082 3499 2301 3549 obtineri
2358 3506 2536 3563 potest
2586 3506 2729 3549 ante-

535 3594 688 3643 quam
726 3581 840 3644 quis
876 3580 1046 3629 Roma
1077 3580 1428 3645 proficiscatur
1461 3577 1547 3631 59.
1616 3580 1880 3643 provincia
1924 3588 2043 3645 post
2091 3581 2413 3633 ornationem
2457 3582 2729 3645 deponitur

532 3658 618 3711 60.
689 3662 1006 3726 provinciam
1055 3663 1362 3726 desponsam
1411 3661 1563 3711 alicui
1616 3661 1842 3711 adimere
1892 3659 1978 3711 63.
2053 3662 2369 3727 provinciam
2419 3662 2579 3725 regit,
2643 3663 2723 3725 qui

532 3741 728 3791 Romae
773 3749 1003 3791 versatur
1048 3740 1132 3792 65.
1216 3743 1595 3806 provinciarum
1644 3742 2141 3793 administrationem
2196 3742 2378 3805 quovis
2434 3743 2519 3793 die
2570 3757 2723 3807 posse

533 3822 686 3886 incipi
733 3820 820 3872 82.
903 3838 1034 3889 quae
1085 3823 1378 3886 provinciae
1433 3821 1649 3884 singulis
1704 3823 1995 3885 legionibus
2052 3824 2380 3887 obtineantur
2440 3820 2554 3873 112.
2612 3820 2722 3873 113.

531 3904 868 3953 aestimantur
897 3918 1108 3953 numero
1145 3904 1408 3967 legionum
1421 3942 1432 3963 ,
1468 3916 1601 3965 quas
1636 3901 1831 3954 habent
1868 3902 1982 3955 126.
2026 3902 2140 3957 133.
2212 3918 2401 3955 nomen
2437 3904 2723 3967 provinciae

533 3984 616 4034 vel
653 3985 858 4035 additur
894 3985 980 4034 vel
1013 3984 1262 4035 omittitur
1305 3980 1420 4033 133.
1494 3982 1559 4033 de
1596 3984 1859 4047 provincia
1896 3992 2171 4049 antequam
2210 4000 2371 4035 vacua
2406 3994 2509 4045 est,
2557 3991 2724 4049 potest

533 4065 690 4115 statui
727 4062 844 4115 161.
909 4066 1113 4115 diversa
1145 4070 1224 4115 881
1259 4063 1325 4113 ab
1360 4064 1603 4125 exercitu,
1638 4066 1728 4128 qui
1760 4067 1817 4119 in
1854 4082 1917 4117 ea
1950 4074 2033 4117 est
2066 4064 2179 4117 174.
2250 4066 2541 4131 provinciae
2580 4079 2723 4129 prac-

533 4146 698 4195 toriae
749 4146 817 4195 ad
871 4145 1168 4197 consulares
1222 4144 1503 4195 translatae
1564 4141 1676 4196 182.
1751 4162 1857 4197 non
1905 4148 2225 4213 accipiebant
2271 4146 2586 4213 provinciae,
2640 4144 2723 4207 qui

533 4227 704 4277 allecti
751 4233 896 4275 erant
932 4226 988 4276 in
1021 4228 1305 4291 praetorios
1343 4225 1463 4293 247.
1540 4229 1832 4293 provinciae
1870 4230 2161 4281 senatoriae
2199 4243 2357 4292 saepe
2398 4228 2537 4293 apud
2576 4225 2723 4274 Taci-

535 4314 646 4357 tum
678 4314 1152 4369 commemorantur,
1187 4308 1547 4373 imperatoriae
1584 4323 1837 4373 nusquam
1870 4307 1989 4361 305.
2058 4310 2113 4361 in
2145 4308 2421 4374 provinciis
2450 4322 2723 4373 proconsu-

532 4385 641 4437 lum
681 4395 732 4437 et
770 4388 1058 4451 legatorum
1095 4396 1324 4453 potestas
1366 4396 1688 4455 eomparatur
1729 4386 1848 4443 306.
