2917 5017
818 361 898 410 Ds
933 360 1108 412 Gallia
1143 359 1495 409 Romanorum
1534 355 1811 417 provincia.
2355 346 2474 414 139

141 521 404 588 fabrum
445 525 648 579 fuerit
689 511 774 577 L.
817 512 1088 599 Apronii
1129 512 1325 589 illius,
1371 535 1561 597 quem
1600 513 1685 578 ab
1722 537 1891 582 anno
1928 517 2011 582 20
2054 540 2119 603 p.
2158 515 2314 582 Chr.
2356 539 2477 603 per

139 624 498 689 triennium
531 625 794 690 Africae
831 621 1186 708 praefuisse
1216 620 1446 686 docent
1472 623 1717 688 nummi
1742 623 1917 709 apud
1947 625 2219 690 Eckhel.
2246 625 2473 691 Doctr.

137 754 387 796 numm.
433 731 534 796 IV
595 756 659 817 p.
709 731 826 796 140
883 740 948 795 et
1000 728 1158 794 Tac.
1211 729 1448 794 Annal.
1498 729 1631 805 ΙΠ,
1692 730 1795 796 20.
1896 732 2035 798 Nec
2094 734 2247 798 satis
2302 745 2473 798 recte

41 891 49 900 .
137 841 657 914 Mommsenius,
703 861 854 904 cum
895 861 976 902 ex
1013 837 1094 902 iis
1135 859 1303 921 quae
1343 838 1535 902 modo
1580 839 2041 918 refutavimus,
2096 841 2293 928 legati
2335 841 2473 906 Nu-

133 949 378 1014 midiae
449 949 780 1033 quoddam
839 945 1178 1031 imperium
1244 945 1311 1008 in
1373 948 1813 1030 proconsulari
1880 951 2209 1035 provincia
2272 949 2474 1016 fuisse

134 1058 513 1143 colligeret,
571 1056 758 1141 quasi
807 1052 1172 1138 argumenti
1231 1052 1374 1118 loco
1425 1055 1641 1131 affert,
1701 1057 1905 1122 videri
1956 1061 2231 1124 fortasse
2282 1059 2473 1123 etiam

131 1188 244 1252 per
279 1165 736 1230 Mauretanias
777 1161 1164 1250 pertinuisse
1200 1162 1396 1247 legati
1429 1163 1800 1249 imperium3
1843 1189 1993 1232 nam
2020 1166 2106 1230 D.
2134 1165 2471 1230 Fonteium

137 1274 659 1350 Frontinianum,
702 1273 990 1358 legatum
1027 1269 1390 1355 Numidiae,
1434 1274 1678 1338 narrari
1722 1275 2031 1360 templum
2064 1273 2255 1349 Sitifi,
2296 1274 2471 1358 quod

137 1383 460 1469 oppidum
501 1383 568 1445 in
610 1381 1018 1446 Mauretania
1067 1391 1232 1454 erat,
1277 1379 1617 1445 dedicasse
1660 1380 1961 1462 (Hefner.
2005 1383 2073 1445 in
2116 1391 2239 1447 act.
2282 1382 2465 1447 acad.

137 1513 264 1575 reg.
323 1491 568 1555 Bavar.
612 1490 696 1568 V,
754 1489 822 1553 II
885 1513 948 1576 p.
1002 1487 1170 1570 195).
1273 1485 1473 1566 Quod
1532 1487 1793 1571 quidem
1856 1511 1936 1554 ex
1999 1489 2125 1554 alio
2190 1489 2470 1573 quodam

141 1621 384 1684 genere
419 1611 541 1664 est.
621 1598 789 1664 Nam
831 1620 980 1663 cum
1023 1594 1460 1662 Mauretanias
1480 1641 1496 1671 ,
1554 1617 1719 1680 quae
1756 1619 1923 1663 anno
1966 1598 2047 1663 40
2089 1621 2154 1685 p.
2194 1595 2353 1664 Chr.
2402 1598 2471 1664 in

39 1736 41 1741 ·
146 1711 413 1772 formam
475 1706 954 1792 provinciarum
1015 1705 1309 1770 redactae
1373 1715 1525 1770 sunt
1544 1751 1561 1780 ,
1636 1717 1881 1770 constet
1946 1707 2471 1793 procuratoribus

153 1815 462 1899 equestris
521 1815 767 1878 ordinis
821 1837 966 1880 esse
1021 1813 1342 1899 regendas
1387 1813 1655 1877 traditas
1698 1813 1881 1891 (Tac.
1922 1814 2071 1879 hist.
2106 1817 2170 1892 I,
2219 1819 2321 1890 113
2384 1816 2469 1893 ΙΙ,

39 1954 42 1987 ;
147 1924 254 2000 583
318 1923 496 1988 Plin.
556 1934 687 1988 nat.
739 1922 887 1986 hist.
938 1922 1020 1998 V,
1087 1926 1152 1997 1,
1221 1921 1360 2002 11),
1427 1943 1503 1984 ac
1562 1921 1875 2004 reliquas,
1940 1921 2179 2006 quibus
2234 1945 2471 2009 procu·-

39 2062 41 2067 ·
137 2043 384 2097 ratores
433 2041 837 2118 praeessent,
909 2030 1272 2114 provincias
1325 2040 1571 2094 certum
1628 2029 1713 2093 sit
1764 2032 2033 2117 imperio
2090 2033 2469 2117 legatorum,

37 2182 44 2191 κ
135 2141 248 2224 qui
283 2140 616 2225 proximos
653 2137 976 2203 exercitus
1005 2149 1320 2218 regerent,
1361 2138 1679 2223 paruisse,
1718 2140 1893 2204 velut
1922 2141 2229 2207 Iudaeam
2257 2142 2471 2228 legato

39 2298 42 2313 2
136 2247 392 2332 Syriae,
445 2247 737 2312 Raetiam
778 2247 994 2331 legato
1035 2245 1424 2311 Germaniae
1470 2247 1855 2332 superioris,
1902 2249 2213 2314 Noricum
2254 2251 2469 2336 legato

40 2387 47 2403 ι’
135 2356 551 2431 Pannoniae,
605 2355 686 2418 de
742 2353 982 2438 quibus
1036 2354 1228 2440 paulo
1290 2376 1489 2439 supra
1532 2353 2142 2433 demonstravimus,
2204 2381 2469 2443 prorsus

133 2461 644 2529 consentaneum
701 2463 856 2539 erit,
915 2473 987 2526 ut
1035 2463 1476 2528 Mauretanias
1528 2463 1589 2526 ei
1648 2463 1759 2548 qui
1803 2485 1973 2528 unus
2019 2487 2134 2550 per
2177 2466 2468 2532 Africam

137 2575 400 2660 legatus
449 2572 741 2656 Augusti
787 2581 952 2647 erat,
1011 2571 1302 2656 paruisse
1351 2593 1761 2649 censeamus,
1821 2572 2133 2658 tituloque
2174 2575 2467 2641 sitifensi

37 2744 44 2748 .
140 2681 312 2765 quod
351 2702 474 2766 per
519 2701 588 2743 se
633 2679 849 2764 ipsum
889 2679 1222 2765 probabile
1263 2692 1417 2756 erat,
1461 2680 1961 2748 confirmabitur.

307 2790 418 2854 Ac
463 2789 664 2852 sensit
699 2787 1178 2872 quodammodo
1210 2787 1352 2872 ipse
1383 2787 1875 2862 Mommsenius‚
1918 2789 2292 2856 debiliorem
2322 2815 2467 2858 esse

39 2932 41 2963 1
151 2919 327 2960 suam
373 2895 762 2982 opinionem.
859 2894 1107 2977 Quam,
1169 2917 1316 2960 cum
1373 2897 1611 2962 finibus
1668 2898 2146 2982 proconsularis
2204 2901 2467 2984 provin-

145 3005 270 3071 ciae
319 3015 386 3070 et
423 3002 770 3069 Numidiae
813 3002 1254 3070 describendis
1293 3004 1731 3070 demonstrare
1776 3007 2111 3092 coepisset,
2150 3007 2465 3090 quaedam

145 3112 501 3178 rectissime
546 3111 854 3197 disputat,
897 3123 1158 3198 pacatas
1205 3112 1499 3177 civitates
1544 3135 1619 3176 ac
1663 3113 1971 3178 Romanis
2016 3113 2299 3178 moribus
2341 3115 2467 3178 iam

145 3221 468 3306 mitigatas
509 3221 804 3305 paruisse
839 3219 1228 3306 proconsuli,
1271 3231 1497 3305 gentes
1530 3221 1856 3299 barbaras,
1900 3245 2063 3308 quae
2100 3222 2466 3288 interiorem

145 3329 404 3394 Africae
461 3339 710 3413 partem
757 3329 1142 3404 incolerent,
1202 3328 1448 3415 legato,
1512 3341 1650 3394 tum
1696 3353 1777 3396 ex
1818 3330 1929 3408 iis,
1982 3354 2149 3417 quae
2190 3353 2466 3417 geogra-

145 3438 422 3522 phorum
459 3446 650 3519 atque
688 3435 1178 3521 inscriptionum
1219 3459 1340 3522 ope
1383 3461 1944 3522 cognosceremus,
1984 3440 2110 3505 hoc
2148 3439 2319 3504 effici
2356 3440 2465 3517 ait,

145 3557 212 3608 ut
251 3544 438 3609 nulla
477 3543 557 3608 sit
599 3542 850 3619 civitas,
896 3544 1076 3609 nulla
1118 3565 1301 3628 gens,
1344 3546 1406 3608 in
1449 3569 1579 3630 qua
1618 3559 1682 3610 et
1718 3548 2125 3632 proconsulis
2166 3558 2231 3613 et
2265 3549 2463 3633 legati

147 3653 310 3717 tituli
351 3652 774 3738 reperiantur,
819 3651 936 3714 sed
971 3650 1263 3716 alterutri
1303 3675 1525 3718 omnes
1566 3653 1785 3721 tribui.
1852 3655 2004 3736 Quo
2034 3655 2285 3719 nullum
2312 3677 2465 3720 sane

149 3761 386 3826 certius
443 3770 898 3845 argumentum
949 3769 1164 3844 potest
1205 3762 1475 3846 cogitari
1492 3808 1509 3837 ‚
1574 3763 1753 3846 quod
1798 3786 1949 3828 suos
1990 3775 2055 3829 et
2094 3763 2465 3850 proconsuli

145 3881 202 3932 et
239 3869 464 3955 legato
504 3867 665 3932 fines
707 3889 918 3952 neque
965 3890 1242 3952 usquam
1289 3869 1561 3934 mixtum
1602 3871 2081 3954 quodammodo
2122 3871 2465 3954 utriusque

145 3976 488 4063 imperium
540 3976 744 4041 fuisse
803 3976 1117 4040 ostendat.
1207 3973 1342 4042 Sed
1384 3977 1719 4062 perturbat
1762 3981 1975 4044 virum
2022 3979 2464 4044 doctissimum

147 4083 458 4170 imprimis
499 4082 772 4148 nominis
789 4129 808 4160 ,
869 4105 999 4168 quo
1043 4084 1240 4168 legati
1277 4085 1671 4170 imperatorii
1710 4098 2014 4163 utuntur,
2078 4088 2259 4152 ratio.
2356 4088 2462 4152 De

145 4213 268 4276 qua
323 4213 534 4268 nunc,
593 4202 932 4278 postquam
980 4193 1430 4279 inscriptiones
1470 4193 1811 4260 Africanae
1874 4220 1914 4261 a
1961 4194 2165 4259 Leon.
2207 4195 2461 4260 Renier.

147 4300 362 4387 colligi
424 4309 686 4386 coeptae
747 4310 931 4376 sunt,
992 4300 1188 4386 longe
1245 4302 1485 4366 rectius
1534 4301 1810 4367 iudicari
1853 4313 2084 4388 potest.
2176 4302 2344 4366 Nam
2393 4301 2461 4366 in

145 4407 680 4484 Lambaesitanis‚
718 4430 880 4492 quas
921 4407 1240 4494 principio
1281 4409 1475 4475 habet
1511 4409 1592 4476 L.
1612 4409 1893 4485 Renier„
1930 4409 2133 4474 multo
2156 4410 2461 4499 frequen-
