2917 5017
406 287 489 353 28
1050 286 1135 337 De
1172 282 1340 334 Gallia
1378 283 1730 333 Romanorum
1780 281 2055 344 provincia.

406 454 533 519 bus
578 452 809 518 dirutis
854 450 1171 538 supplicio
1216 458 1628 532 consumptos
1675 468 1817 511 esse
1854 444 2068 523 refert,
2111 467 2238 510 non
2270 444 2464 512 eredo
2489 444 2748 531 Pighio

408 562 643 628 Annal.
686 561 791 625 111
834 584 897 647 p.
941 560 1085 637 208,
1136 558 1247 644 qui
1290 557 1441 621 inde
1479 555 1556 620 P.
1601 552 1978 619 Cornelium
2023 552 2390 639 Scipionem
2427 553 2752 619 Nasicam

408 668 765 754 Hispaniae
808 668 1133 734 ulterioris
1190 665 1641 752 proconsulem
1699 662 1893 727 efficit
1951 685 2317 748 annumque
2372 664 2611 727 falsum
2651 661 2748 725 ab

412 775 831 861 Obsequente
872 787 1161 841 notatum
1202 796 1345 839 esse
1390 782 1589 857 putat,
1635 782 1970 857 propterea
2013 772 2188 857 quod
2223 772 2334 837 illo
2377 792 2547 835 anno
2573 769 2750 834 alios

410 885 664 968 utrique
710 884 1063 970 Hispaniae
1100 906 1217 969 pro
1266 880 1640 947 consulibus
1687 879 2042 966 praefuisse
2085 890 2352 945 constat.
2407 877 2749 964 Equidem

415 992 749 1069 Nasicam,
794 993 1031 1078 quippe
1076 992 1187 1077 qui
1224 1012 1341 1055 nec
1383 1012 1500 1075 pro
1545 999 1836 1074 praetore
1877 1010 1998 1053 nec
2041 1011 2156 1074 pro
2201 987 2466 1054 consule
2515 987 2748 1073 appel-

412 1102 599 1177 letur,
646 1101 750 1165 vel
784 1102 1069 1186 legatum
1094 1099 1280 1163 Didii
1310 1099 1414 1163 vel
1458 1120 1662 1163 unum
1700 1120 1780 1162 ex
1814 1098 2038 1163 decem
2065 1098 2224 1163 viris
2259 1096 2756 1182 componendae

413 1209 779 1294 provinciae
822 1232 860 1273 a
905 1218 1130 1273 senatu
1173 1208 1389 1272 missis
1441 1206 1647 1271 fuisse
1702 1206 1922 1271 iudico
1943 1253 1960 1283 ,
2017 1206 2204 1271 cuius
2255 1227 2451 1292 opera
2489 1204 2750 1269 Didius

414 1339 577 1382 usus
621 1318 733 1393 sit3
789 1318 930 1403 ipsa
972 1315 1235 1402 quidem
1271 1337 1408 1391 res,
1459 1338 1654 1400 quam
1699 1314 2090 1399 Obsequens
2129 1326 2375 1392 narrat,
2439 1314 2498 1379 ei
2544 1336 2752 1399 quam

415 1448 453 1489 a
513 1425 714 1490 Didio
780 1426 849 1489 in
916 1422 1357 1489 Colendenses
1429 1423 1840 1488 commissam
1904 1446 2048 1489 esse
2113 1423 2456 1510 Appianus
2525 1423 2753 1499 tradit,

358 1614 366 1617 ᾖ
418 1533 739 1599 simillima
778 1544 894 1599 est.
954 1531 1395 1597 Veruntamen
1439 1532 1494 1596 si
1522 1528 1600 1597 C.
1630 1530 1932 1597 Valerius
1955 1532 2343 1618 Hispaniam
2382 1520 2755 1597 citeriorem

417 1642 724 1714 obtinuit,
792 1652 1291 1707 consentaneum
1346 1642 1498 1717 erit,
1553 1650 1628 1704 ut
1669 1640 1764 1704 M.
1807 1639 2216 1716 Herennius,
2278 1642 2530 1727 collega
2579 1640 2753 1717 eius,

415 1751 665 1817 Italiam
690 1761 754 1815 et
784 1750 1063 1816 Galliam
1087 1750 1342 1815 rexerit.
1384 1750 1580 1817 Anno
1605 1748 1688 1814 92
1729 1748 1850 1813 etsi
1886 1750 2152 1825 nummi,
2201 1750 2438 1834 quibus
2465 1749 2754 1836 Pighius

418 1859 653 1924 Annal.
701 1859 806 1923 111
856 1883 919 1943 p.
964 1860 1080 1923 211
1148 1858 1243 1921 M.
1296 1857 1676 1943 Perpennae
1733 1880 1864 1922 cos.
1927 1857 2312 1942 Hispaniam
2365 1858 2752 1922 ulteriorem

420 1967 732 2053 obtigisse
780 1966 1276 2041 demonstrabat,
1317 1967 1470 2051 quia
1507 1965 1834 2031 Goltziani
1867 1976 2038 2042 sunt,
2080 1966 2240 2029 nihil
2282 1965 2437 2030 fidei
2479 1966 2758 2043 habent,

420 2099 541 2141 nec
578 2076 701 2140 alia
742 2076 877 2140 ulla
919 2074 1223 2139 memoria
1266 2085 1591 2159 superest,
1650 2074 1922 2139 alterum
1974 2085 2187 2138 tamen
2241 2097 2321 2139 ex
2367 2072 2760 2139 consulibus

420 2194 718 2249 externae
756 2184 948 2249 alicui
993 2183 1357 2268 provinciae
1406 2182 1794 2267 praefuisse,
1851 2183 2124 2248 alterum
2163 2183 2416 2247 Italiam
2459 2182 2758 2257 tenuisse

420 2293 813 2378 reliquorum
850 2314 1161 2357 annorum
1200 2291 1550 2356 similitudo
1595 2291 1879 2356 ostendit
1922 2292 2119 2377 idque
2173 2314 2248 2356 eo
2286 2292 2514 2377 magis,
2570 2292 2758 2376 quod

421 2400 501 2463 L.
544 2399 727 2465 Sulla
770 2424 918 2465 cum
963 2412 1107 2485 post
1148 2412 1512 2486 praeturam
1553 2401 1619 2464 in
1645 2398 2121 2485 Cappodociam
2163 2400 2524 2464 mitteretur
2565 2398 2753 2481 (Liv.

422 2509 571 2594 epit.
615 2508 862 2587 LXX3
903 2510 1077 2573 Plut.
1124 2506 1288 2573 Sull.
1332 2532 1386 2573 c.
1432 2510 1523 2593 5),
1565 2532 1696 2573 non
1732 2508 2121 2573 ordinariam
2166 2507 2583 2593 provinciam,
2629 2509 2760 2573 sed

422 2616 991 2682 extraordinariam
1026 2617 1415 2703 legationem
1456 2618 1716 2682 videtur
1755 2616 2041 2703 subisse,
2079 2617 2254 2679 unde
2287 2615 2570 2700 reliquas
2600 2639 2758 2702 pro-

421 2726 667 2790 vincias
726 2726 854 2789 iam
914 2736 1281 2811 praetorum
1340 2747 1608 2790 numero
1665 2736 2008 2810 occupatas
2070 2746 2212 2788 esse
2265 2723 2339 2787 fit
2396 2724 2756 2809 probabile.

429 2818 743 2910 Anno9l,
786 2835 921 2899 sive
968 2834 1145 2919 quod
1178 2856 1464 2899 summos
1507 2834 1924 2919 imperatores
1958 2832 2136 2897 domi
2177 2832 2552 2898 retinendos
2596 2857 2750 2901 esse

420 2942 731 3029 putabant
776 2943 913 3009 sive
962 2943 1139 3028 quod
1182 2942 1295 3026 qui
1346 2942 1610 3007 sortitus
1655 2951 1790 3005 erat
1830 2940 2267 3027 provinciam,
2318 2941 2387 3005 in
2431 2965 2572 3008 eam
2611 2966 2756 3009 non

424 3051 598 3127 exiit,
642 3061 989 3135 utrumque
1024 3051 1354 3115 consulem
1396 3050 1464 3113 in
1504 3050 1665 3115 urbe
1703 3050 2020 3115 mansisse
2067 3060 2343 3126 constat3
2387 3073 2532 3114 nam
2575 3062 2756 3117 tem-

422 3181 579 3243 pore
614 3159 919 3223 feriarum
963 3158 1344 3223 Latinarum
1392 3181 1502 3223 eos
1547 3158 1790 3223 Romae
1829 3158 2032 3223 fuisse
2081 3158 2362 3223 ostendit
2400 3158 2455 3222 F
2456 3158 2574 3222 lor.
2618 3158 2758 3239 III,

432 3268 525 3341 18,
572 3267 633 3344 8,
685 3267 839 3330 item
880 3279 1105 3351 postea
1146 3288 1274 3351 quo
1316 3278 1604 3352 tempore
1648 3266 1742 3331 M.
1787 3266 2030 3331 Livius
2067 3268 2212 3334 trib.
2259 3267 2430 3354 pleb.
2491 3268 2754 3335 occisus

423 3387 553 3451 est,
622 3374 796 3460 App.
851 3376 997 3441 bell.
1046 3376 1168 3440 civ.
1208 3376 1273 3453 I,
1326 3374 1425 3439 36.
1507 3375 1646 3439 Nec
1706 3374 1917 3439 minus
1968 3398 2132 3439 anno
2188 3375 2271 3439 90
2317 3400 2374 3440 a.
2422 3372 2583 3441 Chr.
2637 3380 2753 3463 qui

423 3484 721 3548 consules
768 3484 1033 3548 fuerunt
1072 3483 1153 3548 L.
1197 3484 1406 3548 Iulius
1450 3481 1694 3549 Caesar
1739 3494 1802 3547 et
1841 3483 1916 3548 P.
1963 3482 2248 3547 Rutilius
2293 3483 2552 3569 LupuS,
2599 3509 2750 3553 cum

422 3592 651 3677 ingens
697 3590 938 3657 bellum
981 3592 1339 3657 Marsicum
1376 3592 1768 3669 immineret,
1821 3592 2072 3657 Italiam
2105 3592 2514 3678 ⁴provinciam
2557 3596 2750 3662 ambo

422 3699 819 3777 habuerunt3
862 3701 958 3765 sic
1000 3701 1168 3764 enim
1214 3702 1299 3765 ait
1330 3699 1610 3785 Appian.
1635 3700 1782 3765 bell.
1815 3701 1935 3765 civ.
1959 3701 2014 3777 I,
2040 3699 2141 3765 40.
2198 3699 2450 3767 Galliae
2483 3704 2750 3788 quidem

425 3806 813 3893 Cisalpinae,
858 3831 1022 3893 quae
1062 3809 1346 3894 alioquin
1388 3808 1468 3874 ab
1497 3809 1693 3873 armis
1739 3809 1958 3894 quieta
1978 3810 2232 3887 mansit,
2280 3813 2459 3877 nulla
2479 3834 2746 3899 prorsus

420 3917 493 3980 fit
537 3918 797 3993 mentio,
842 3918 905 3979 in
949 3915 1352 3982 Narbonensi
1395 3928 1610 3983 autem
1654 3941 1693 3982 a
1739 3920 1798 3982 G.
1827 3920 2089 3983 Caecilio
2123 3918 2377 3983 Metello
2419 3918 2748 3987 Salluvios

420 4024 806 4090 rebellantes
859 4025 1061 4090 victos
1117 4047 1259 4089 esse
1316 4026 1512 4089 refert
1555 4025 1705 4089 Liv.
1747 4026 1896 4112 epit.
1941 4024 2291 4104 LXXIII,
2343 4028 2531 4113 isque
2587 4030 2749 4097 alter

397 4146 519 4198 ·est
559 4144 901 4219 postquam
948 4134 1273 4218 provincia
1312 4133 1576 4197 aMario
1621 4134 1880 4199 condita
1921 4145 2037 4211 est,
2082 4136 2194 4221 qui
2227 4136 2284 4200 ei
2311 4159 2426 4222 pro
2453 4148 2746 4223 praetore

422 4243 527 4307 vel
582 4264 663 4307 ex
721 4253 1019 4328 praetura
1077 4242 1446 4328 praefuerit.
1537 4242 1910 4328 Insequenti
1971 4264 2138 4307 anno
2185 4244 2266 4309 89
2315 4256 2445 4309 tres
2493 4268 2746 4312 summo

426 4372 575 4416 cum
611 4350 879 4438 imperio
920 4350 1163 4416 bellum
1193 4350 1640 4416 administrare
1686 4359 2065 4437 coeperunt3
2109 4374 2257 4417 nam
2295 4361 2746 4440 praeterquam
