2917 5017
751 326 834 376 De
865 328 1130 377 dictatoris
1173 326 1410 378 Caesaris
1446 328 1745 379 honoribus.
2292 327 2418 394 215

144 501 288 557 esset
323 514 408 567 re,
445 488 618 574 quod
663 488 770 555 ille
812 490 1212 555 consulatum
1239 488 1362 553 sibi
1391 489 1676 555 delatum
1700 513 1831 555 non
1863 504 2192 580 receperat
2210 516 2419 578 neque

142 599 386 685 insignia
423 597 562 663 eius
605 596 974 683 usurpabat.
1064 597 1244 679 Quid
1291 597 1494 683 igitur
1536 599 1823 663 facerent
1863 599 2201 667 homines?
2282 602 2420 667 Alii

141 706 404 772 dicebant
427 702 772 771 Caesarem
813 728 956 770 esse
995 707 1344 781 consulem,
1389 707 1499 771 alii
1544 729 1672 771 non
1714 730 1877 773 esse.
1938 710 2042 774 Ac
2083 710 2235 775 fasti
2273 711 2420 794 qui-

99 850 106 857 ·
139 816 262 881 dem
298 813 536 900 publici
575 814 734 899 quid
773 814 839 876 in
871 814 1348 896 perscribendis
1375 815 1815 881 consulatibus
1851 818 2033 901 sequi
2058 818 2418 896 debuerint,

135 948 200 989 ex
241 923 548 987 simillimo
609 923 901 1005 exemplo
956 922 1051 987 M.
1095 923 1396 999 Antonii,
1450 924 1623 1007 quod
1667 948 1706 989 a
1742 924 1929 989 nobis
1968 925 2037 989 in
2084 937 2420 992 comment.

133 1030 426 1117 epigraph.
469 1032 504 1095 I
548 1055 608 1116 p.
653 1031 734 1096 29
779 1031 1146 1117 expositum
1187 1042 1314 1107 est,
1369 1032 1779 1117 perspicitur.
1858 1032 2023 1096 Nam
2062 1056 2211 1098 cum
2250 1057 2419 1100 anno

132 1142 196 1205 39
245 1139 306 1203 in
353 1162 514 1225 pace
555 1140 914 1205 Misenensi
973 1140 1068 1203 M.
1113 1139 1441 1203 Antonius
1504 1139 1731 1203 consul
1788 1140 2167 1227 designatus
2228 1156 2419 1221 esset,

132 1249 244 1313 Dio
268 1248 530 1327 XLIX,
573 1249 652 1315 39
703 1248 798 1313 sic
837 1259 1084 1313 narrat:
1131 1248 1458 1315 Ἀντώνιος
1491 1249 1559 1311 δὲ
1592 1248 1654 1309 ἐν
1690 1249 1897 1333 τούτῳ,
1923 1250 1995 1335 (i.
2024 1272 2079 1315 e.
2114 1274 2281 1316 anno
2308 1253 2419 1337 34)

130 1363 214 1439 τῆς
269 1358 371 1440 μὲν
429 1360 626 1442 ἀρχῆς
683 1358 1036 1440 αὐθημερὸν
1085 1356 1292 1438 ἐξέστη
1336 1355 1589 1419 Λεύκιον
1630 1355 2026 1440 Σεμπρώνιον
2068 1359 2417 1443 Ἀτρατῖνον

131 1468 632 1549 ἀντικαταστήσας,
685 1466 830 1529 ὅθεν
875 1466 1021 1529 εἰσὶν
1071 1465 1129 1527 οἳ
1168 1469 1404 1538 τοῦτον,
1449 1464 1585 1525 ἀλλ’
1638 1464 1749 1527 οὐκ
1794 1465 2023 1529 ἐκεῖνον
2072 1466 2133 1529 ἐν
2179 1463 2257 1550 τῇ
2298 1472 2417 1528 τῶν

129 1576 338 1637 ὑπάτων
379 1574 798 1657 ἀπαριθμήσει
844 1572 1238 1655 ὀνομάζουσι.
1311 1570 1654 1635 Dissensio
1692 1572 1895 1657 igitur
1926 1585 2063 1639 erat
2098 1575 2181 1639 de
2220 1575 2419 1641 altero

132 1667 360 1745 Antonii
418 1681 782 1746 consulatu.
893 1680 1075 1744 Fasti
1135 1703 1264 1745 non
1320 1690 1732 1765 receperunt,
1798 1704 1939 1747 eam
1998 1683 2081 1748 ob
2138 1706 2421 1760 causam,

130 1790 273 1873 quod
313 1812 648 1875 nunquam
688 1800 824 1853 erat
868 1803 1222 1873 usurpatus
1265 1790 1442 1873 (nam
1468 1786 1813 1853 Octaviani
1841 1812 2094 1867 nomen,
2136 1792 2248 1876 qui
2271 1791 2420 1855 Kal.

126 1900 236 1963 Ian.
293 1899 442 1963 anni
497 1898 577 1963 33
639 1920 757 1983 per
813 1918 1052 1980 paucas
1107 1898 1298 1962 horas
1359 1918 1507 1961 cum
1560 1897 2009 1963 consularibus
2052 1900 2421 1985 insignibus

126 2009 328 2083 fuerat,
389 2006 840 2092 receperunt),
901 2019 966 2069 at
1013 2006 1259 2072 nummi
1297 2016 1361 2071 et
1402 2016 1590 2071 antea
1624 2006 1851 2071 dicunt
1890 2008 2249 2073 Antonium
2289 2030 2422 2075 cos.

125 2116 345 2201 design.
372 2116 444 2181 H
471 2127 536 2180 et
563 2116 666 2179 ΙΙΙ
705 2125 768 2179 et
805 2124 952 2199 post
981 2137 1220 2181 annum
1251 2114 1330 2179 34
1375 2138 1507 2179 cos.
1542 2115 1797 2200 design.
1826 2115 1953 2192 ΙΙΙ,
1993 2127 2087 2193 ut,
2124 2118 2421 2201 quamvis

121 2224 304 2307 ipsum
357 2223 770 2289 consulatum
827 2223 1100 2287 alterum
1155 2246 1655 2289 commemorare
1692 2246 1821 2287 non
1866 2225 2149 2309 possint,
2210 2236 2423 2291 tamen

122 2331 270 2398 haud
312 2332 516 2397 dubie
555 2332 624 2395 in
669 2332 834 2398 serie
881 2333 1350 2398 consulatuum
1374 2344 1751 2407 numerent,
1810 2354 1933 2397 nec
1974 2344 2145 2397 certe
2192 2334 2422 2419 reliqui

121 2440 382 2506 homines
430 2438 782 2527 praeterire
824 2450 1188 2525 potuerunt.
1267 2440 1444 2505 Illud
1488 2440 1721 2505 vellem
1762 2450 1985 2525 posset
2030 2441 2218 2519 addi,
2262 2442 2423 2526 quid

121 2548 187 2613 de
215 2550 396 2615 tertio
423 2549 698 2620 Antonii
727 2549 1066 2613 consulatu
1089 2548 1240 2613 fasti
1263 2548 1547 2614 habituri
1578 2560 1813 2624 essent,
1862 2550 1978 2614 sed
2006 2571 2157 2615 eum
2182 2550 2425 2617 bellum

121 2658 460 2734 Actiacum,
509 2657 684 2742 quod
721 2656 1087 2732 intervenit,
1127 2658 1408 2721 sustulit.
1476 2658 1625 2723 Hoc
1660 2658 1868 2743 igitur
1906 2659 2199 2743 exemplo
2238 2660 2424 2725 adhi-

121 2766 230 2845 bito
265 2766 426 2851 quid
467 2767 552 2831 de
583 2762 880 2831 Caesaris
921 2765 1261 2831 consulatu
1299 2764 1765 2851 intelligimus?
1822 2766 2118 2831 Primum
2142 2768 2209 2831 in
2237 2768 2423 2833 fastis

127 2896 242 2939 eum
297 2898 430 2940 non
498 2874 765 2960 reperiri
825 2895 992 2937 anno
1037 2872 1114 2939 47
1166 2874 1382 2937 mirari
1437 2896 1567 2938 non
1625 2872 2009 2939 debebimus
2026 2919 2043 2950 ,
2106 2874 2425 2959 siquidem

123 2986 270 3049 nullo
310 2984 632 3070 temporis
683 2992 921 3068 puncto
981 2992 1206 3066 gestus
1265 2994 1396 3057 est,
1457 3004 1579 3047 nec
1634 2981 1891 3059 dubito,
1953 2984 2140 3067 quin,
2206 2984 2263 3049 si
2317 2983 2426 3048 alii
2536 3014 2542 3023 ·

121 3092 320 3157 horum
373 3114 694 3157 annorum
749 3090 899 3156 fasti
953 3101 1275 3167 extarent,
1332 3090 1402 3154 in
1437 3090 1517 3154 iis
1558 3112 1687 3154 non
1730 3091 1937 3175 magis
2003 3092 2086 3156 sit
2142 3092 2425 3156 futurus.

120 3203 195 3267 At
229 3202 512 3277 nummi,
577 3200 730 3285 quia
775 3198 951 3284 quod
997 3198 1257 3263 honoris
1301 3220 1617 3283 usurpare
1658 3198 1925 3276 licebat,
1982 3198 2427 3275 numerabant,

119 3309 332 3377 habent
375 3332 550 3376 anno
596 3310 673 3375 47
723 3309 1130 3375 consulatum
1175 3306 1476 3373 Caesaris
1521 3307 1801 3371 tertium.
1868 3304 2040 3371 Sunt
2078 3307 2247 3372 enim
2286 3307 2426 3373 eius

121 3420 335 3483 nummi
377 3418 560 3504 apud
586 3416 858 3503 Eckhel.
905 3417 1106 3484 doctr.
1154 3440 1396 3481 numm.
1425 3415 1523 3481 VI
1566 3439 1629 3500 p.
1656 3416 1694 3481 7
1736 3426 1800 3479 et
1830 3412 2076 3481 Caved.
2114 3416 2179 3479 in
2216 3414 2427 3481 annal.

119 3527 244 3593 inst.
295 3528 474 3595 arch.
536 3527 696 3597 1850
760 3550 819 3611 p.
875 3526 1024 3602 152,
1085 3526 1154 3589 in
1205 3525 1446 3610 quibus
1499 3522 1857 3608 appellatur
1909 3520 2111 3588 COS.
2166 3521 2428 3587 TERT.

124 3634 342 3700 DlCT.
395 3634 638 3701 ITER.
724 3634 868 3699 Hos
924 3654 1214 3719 pugnare
1275 3656 1426 3699 cum
1473 3632 1657 3697 fastis
1706 3629 2087 3716 Capitolinis
2144 3640 2427 3715 apparet,

122 3744 174 3807 in
209 3744 450 3828 quibus
509 3754 846 3829 postquam
889 3742 1154 3807 alteram
1199 3741 1586 3807 dictaturam
1630 3739 1965 3826 deposuit,
2026 3738 2431 3803 consulatum

124 3854 360 3919 tertium
395 3852 600 3917 inisse
637 3862 700 3915 et
737 3861 886 3936 post
927 3850 1330 3915 consulatum
1372 3850 1632 3915 tertium
1675 3849 1863 3915 tertia
1898 3847 2215 3912 dictatura
2254 3866 2429 3909 com-

125 3974 518 4027 memoratur.
603 3958 824 4041 Quare
865 3969 940 4024 ut
979 3958 1138 4025 haec
1175 3958 1344 4023 inter
1393 3979 1463 4021 se
1506 3956 1896 4031 conciliaret,
1956 3953 2111 4019 olim
2156 3952 2430 4019 Eckhel.

131 4068 208 4135 VI
255 4096 312 4157 p.
362 4072 442 4136 15
501 4069 664 4133 illud
718 4068 998 4143 invenit,
1057 4078 1130 4132 ut
1177 4067 1450 4153 primam
1495 4062 1795 4131 Caesaris
1840 4062 2225 4128 dictaturam
2266 4081 2433 4124 anno

133 4177 196 4243 49
235 4204 348 4266 per
391 4178 700 4245 undecim
748 4177 888 4241 dies
935 4186 1183 4261 gestam
1225 4175 1294 4240 in
1337 4172 1617 4252 nummis
1664 4170 1983 4237 numerari
2027 4178 2293 4254 negaret
2338 4167 2433 4233 al·-

128 4298 436 4375 teramque
485 4286 866 4353 dictaturam
883 4330 900 4361 ,
955 4303 1120 4368 quae
1161 4284 1228 4348 in
1265 4284 1345 4349 iis
1381 4280 1731 4368 reperitur,
1790 4300 1931 4343 eam
1974 4299 2117 4343 esse
2164 4274 2432 4352 diceret,

131 4416 272 4479 quae
306 4397 512 4481 vulgo
539 4392 970 4481 appellaretur
1003 4391 1210 4461 tertia.
1269 4389 1422 4472 Qua
1449 4388 1750 4477 opinione
1780 4385 2049 4474 probata
2070 4384 2432 4449 Drumann.
