2917 5017
768 334 850 384 De
885 334 1154 385 dictatoris
1189 332 1426 386 Caesaris
1466 334 1763 385 honoribus.
2300 334 2417 401 221

140 498 286 563 enim
331 495 641 583 collegam
681 494 927 571 habuit,
971 496 1106 581 qui,
1145 507 1221 561 ut
1259 496 1400 583 ipse
1439 496 1571 562 iam
1612 495 1943 564 videretur
1978 522 2121 565 esse
2150 513 2427 578 creatus,

144 618 292 671 certe
353 606 486 671 sine
547 605 824 671 comitiis
875 606 1015 670 fieri
1069 628 1199 671 non
1253 606 1463 692 potuit
1516 628 1637 671 nec
1676 608 1853 691 quod
1892 606 2159 673 Caesari
2205 609 2427 674 datum

140 726 252 780 erat
287 737 452 780 anno
478 715 578 792 48,
617 724 692 780 ut
733 714 946 779 omnia
981 714 1237 780 comitia
1281 715 1768 796 magistratuum
1810 717 2133 782 curulium
2172 718 2241 782 in
2285 718 2425 785 eius

139 833 328 889 essent
361 832 676 909 potestate
716 824 880 909 (Dio
913 823 1140 901 XLII,
1180 822 1315 910 20),
1359 834 1607 889 tantum
1646 823 1921 902 valebat,
1965 836 2039 889 ut
2078 827 2273 893 nullis
2317 850 2427 893 co-

135 932 304 996 mitiis
329 954 492 1017 opus
525 941 728 1009 esset3
775 930 1264 997 commendabat
1291 930 1553 1009 Caesar,
1590 954 1753 1017 quos
1776 932 1915 999 fieri
1937 936 2151 1013 vellet,
2188 958 2427 1020 eosque

134 1042 221 1106 lex
265 1039 528 1105 iubebat
578 1039 780 1106 creari
821 1040 1115 1107 comitiis.
1208 1040 1428 1123 Quare
1476 1040 1530 1105 si
1574 1042 1735 1107 alter
1774 1044 2113 1109 consulum
2152 1044 2427 1109 comitiis

133 1150 318 1225 fiebat,
357 1149 618 1213 videtur
651 1149 843 1215 etiam
866 1146 1110 1215 Caesar
1143 1173 1274 1216 non
1313 1151 1529 1215 minus
1569 1151 1957 1217 sollemniter
1984 1176 2127 1218 esse
2154 1164 2427 1219 creatus.

134 1259 362 1324 Deinde
404 1258 536 1323 Dio
576 1257 849 1335 XLIII,
898 1258 976 1323 33
1027 1282 1174 1325 eum
1223 1282 1390 1323 anno
1435 1260 1516 1325 46
1562 1271 1778 1325 narrat
1822 1262 2131 1337 comitiis,
2188 1260 2427 1346 quibus

134 1368 210 1431 M.
249 1367 540 1454 Lepidus
582 1378 930 1453 praeesset,
975 1367 1041 1430 in
1087 1391 1324 1433 annum
1371 1368 1450 1432 45
1499 1390 1643 1433 esse
1688 1369 2131 1456 designatum,
2187 1370 2427 1454 quibus

136 1477 376 1541 comitiis
392 1522 411 1553 ,
459 1476 516 1541 si
555 1476 664 1539 illa
705 1476 1128 1561 quinquennii
1173 1476 1537 1561 designatio
1575 1477 1846 1554 valeret,
1892 1502 2019 1543 non
2064 1501 2229 1565 opus
2272 1489 2428 1543 erat.

133 1586 328 1669 Itaque
369 1595 668 1649 recusato
710 1584 824 1650 illo
864 1584 1284 1669 quinquennii
1327 1584 1591 1662 honore,
1639 1609 1831 1672 quem
1870 1610 2195 1673 nunquam
2237 1610 2431 1653 usur-

134 1694 314 1779 pavit,
369 1693 562 1759 solito
604 1716 779 1758 more
824 1716 892 1758 se
939 1693 1271 1758 consulem
1317 1695 1519 1759 creari
1567 1692 1812 1761 Caesar
1854 1697 2179 1773 voluerat,
2244 1697 2431 1763 solito

135 1826 280 1869 more
319 1803 772 1888 magistratum
814 1803 991 1879 iniit,
1047 1803 1236 1869 solito
1279 1826 1456 1869 more
1502 1804 1899 1889 aliquamdiu
1922 1852 1940 1881 ,
1998 1805 2155 1870 dum
2198 1828 2431 1871 novam

137 1912 485 1977 dictaturam
535 1912 711 1989 iniit,
773 1912 995 1998 gessit.
1105 1912 1288 1976 Haec
1344 1934 1539 1977 causa
1597 1922 1728 1989 est,
1790 1935 1909 1977 cur
1954 1913 2214 1978 tertium.
2256 1914 2431 1979 hunc
2516 1952 2533 1967 ·

137 2022 260 2085 anni
297 2022 374 2087 46
433 2023 844 2087 consulatum
901 2020 1224 2085 numerari
1280 2021 1557 2085 voluerit
1613 2022 2063 2106 dissensioque
2122 2023 2433 2087 fastorum

137 2142 188 2194 et
225 2152 626 2195 nummorum
669 2130 979 2207 extiterit,
1026 2152 1191 2214 quae
1235 2129 1358 2195 nisi
1403 2130 1471 2194 in
1520 2130 1750 2195 horum
1797 2142 2155 2217 temporum
2204 2134 2433 2197 confu-

139 2240 292 2303 sione
341 2262 416 2303 ac
477 2237 1001 2325 multiplicatione
1044 2236 1364 2302 honorum
1413 2239 1718 2323 explicari
1764 2262 1893 2305 non
1936 2252 2189 2326 posset:
2257 2263 2433 2305 nunc

134 2356 412 2433 utrosque
459 2368 580 2413 sua
619 2347 864 2412 ratione
906 2346 1138 2413 ductos
1173 2355 1345 2412 recte
1387 2346 1733 2413 tradidisse
1766 2348 2208 2435 intelligimus.
2276 2346 2433 2415 Col-

133 2457 317 2543 legam
375 2468 594 2523 autem
649 2452 950 2521 Caesaris
1011 2478 1178 2522 anno
1224 2455 1303 2521 46
1366 2466 1617 2521 constat
1672 2456 1875 2521 fuisse
1932 2457 2027 2522 M.
2080 2456 2433 2523 Aemilium

133 2566 472 2652 Lepidum,
535 2587 729 2649 quem
780 2564 890 2628 ille
947 2587 1027 2629 ex
1071 2564 1388 2651 Hispania
1444 2586 1781 2630 reversum
1843 2566 2007 2651 (Dio
2046 2566 2319 2643 XLIII,
2368 2564 2433 2649 1)

136 2695 260 2739 cum
300 2675 526 2741 Italiae
563 2672 870 2757 urbique,
933 2673 1243 2758 quamdiu
1287 2672 1430 2759 ipse
1474 2672 1761 2749 abesset,
1817 2672 2163 2757 praeficere
2218 2674 2432 2750 vellet,

70 2822 72 2827 ·
137 2806 356 2847 summo
409 2781 794 2868 magistratu
847 2781 1120 2847 ornavit.
1212 2782 1441 2866 Itaque
1488 2781 1666 2845 solus
1708 2781 1935 2845 consul
1979 2781 2072 2844 M.
2114 2780 2433 2847 Aemilius

137 2892 466 2978 appellatur
507 2890 685 2977 apud
721 2886 859 2954 Cic.
907 2890 1093 2975 epist.
1118 2889 1318 2967 XIII,
1353 2890 1455 2965 26,
1500 2888 1683 2953 initio
1726 2888 1989 2973 quidem
2031 2889 2199 2953 anni.
2268 2888 2435 2955 Nam

137 3012 259 3085 post
317 3013 448 3068 tres
513 3001 620 3065 vel
679 3010 984 3084 quattuor
1042 3020 1294 3064 menses
1342 2995 1587 3063 Caesar
1646 2996 1997 3083 assumpsit
2053 2996 2437 3061 dictaturam

136 3106 597 3195 Lepidumque,
659 3132 742 3173 ne
795 3130 924 3193 qua
973 3106 1224 3193 imperii
1280 3106 1609 3171 discordia
1654 3105 1987 3183 existeret,
2050 3106 2434 3191 magistrum

137 3218 398 3301 equitum
453 3218 636 3282 dixit.
733 3216 1056 3281 Nimirum
1108 3225 1452 3300 postquam
1510 3238 1565 3280 a.
1605 3214 1668 3279 d.
1710 3214 1876 3280 VIII
1927 3213 2028 3279 Id.
2083 3210 2295 3299 April.
2350 3213 2435 3279 ad

136 3323 446 3411 Thapsum
489 3327 646 3393 vicit
688 3324 867 3411 (Kal.
904 3325 1236 3389 Praenest.
1279 3324 1382 3388 ed.
1421 3322 1635 3409 Fogg.
1675 3345 1739 3409 p.
1764 3323 1873 3405 40)
1921 3323 2189 3407 eiusque
2231 3322 2435 3388 victo-

136 3433 248 3498 riae
301 3436 568 3501 nuntius
617 3436 888 3501 Romam
941 3432 1171 3497 allatus
1231 3442 1360 3508 est,
1437 3432 1569 3496 Dio
1626 3430 1899 3507 XLIII,
1965 3431 2039 3495 14
2102 3453 2251 3496 cum
2312 3431 2439 3496 alia

137 3543 312 3606 multa
367 3544 427 3608 ei
491 3543 751 3608 decreta
803 3564 946 3607 esse
999 3540 1253 3616 scribit,
1309 3551 1448 3606 tum
1492 3540 1651 3605 haec
1696 3540 1853 3604 duo:
1922 3544 2039 3601 τῶν
2086 3562 2151 3602 τε
2194 3539 2433 3624 τρόπων

137 3655 236 3713 τῶν
293 3653 549 3716 ἑκάστου
615 3652 932 3734 ἐπιστάτην
979 3696 1170 3713 .....
1220 3649 1282 3717 ἐς
1338 3649 1474 3732 τρία
1538 3647 1719 3711 αὐτὸν
1784 3646 1887 3730 ἔτη
1950 3649 2048 3711 καὶ
2096 3648 2436 3731 δικτάτωρα

142 3759 192 3827 ἐς
233 3760 378 3823 δέκα
427 3762 651 3847 ἐφεξῆς
695 3759 956 3822 εἵλοντο.
1040 3757 1118 3823 In
1165 3758 1266 3823 his
1311 3757 1591 3843 primum
1644 3754 2019 3821 mirabimur
2065 3757 2437 3822 consulatus

141 3869 505 3934 mentionem
565 3890 708 3933 esse
771 3866 1111 3944 omissam,
1180 3888 1346 3951 quae
1405 3865 1473 3929 in
1536 3863 1801 3949 reliquis
1858 3864 2209 3931 honoribus
2274 3866 2439 3931 solet
2514 3869 2527 3884 ⁹

144 3976 310 4043 adiici
323 4003 340 4055 3
405 3977 522 4043 sed
565 3985 630 4042 et
675 3986 809 4041 erat
847 3986 1004 4040 tunc
1047 3974 1264 4060 ipsum
1307 3973 1536 4039 consul
1580 3982 1645 4037 et
1684 3972 1980 4059 superius
2024 3973 2187 4038 illud
2232 3973 2315 4038 de
2360 3994 2437 4038 eo

151 4083 450 4151 decretum
505 4094 854 4151 recusarat.
949 4083 1358 4149 Dictaturam
1401 4092 1616 4147 autem
1663 4080 1746 4147 ab
1793 4080 2073 4147 Caesare
2117 4092 2439 4167 receptam

148 4213 264 4256 esse
301 4194 497 4259 tradit
537 4194 668 4258 Dio
709 4192 968 4269 XLIII,
1021 4192 1115 4257 12.
1199 4191 1382 4257 Haec
1425 4189 1629 4276 igitur
1687 4201 1783 4257 est
1838 4189 2025 4257 tertia
2070 4190 2182 4255 illa
2234 4190 2439 4255 dicta-

147 4309 270 4366 tura
285 4349 302 4378 ‚
354 4324 520 4387 quae
573 4300 641 4366 in
694 4300 876 4366 fastis
923 4299 1286 4366 consulatui
1331 4298 1780 4385 subiungitur,
1838 4298 1907 4361 in
1958 4298 2182 4363 decem
2236 4318 2439 4363 annos

151 4406 384 4477 decreta
436 4410 824 4497 reipublicae
887 4409 1370 4475 constituendae
1388 4456 1406 4487 ,
1469 4418 1543 4473 ut
1596 4408 1899 4485 arbitron
1960 4428 2109 4471 nam
2164 4404 2439 4471 devictis
