2917 5017
493 327 610 395 138
1137 339 1220 386 Do
1253 335 1424 387 Gallia
1466 339 1816 388 Romanorum
1852 343 2127 402 provincia.

483 495 697 575 batur,
739 500 1120 566 muniendae
1159 500 1495 585 oportebat
1530 523 1828 586 praeesse
1868 503 2166 580 eundem,
2204 505 2315 590 qui
2340 507 2575 592 legioni
2600 529 2753 592 prae-

487 617 642 682 erat,
687 608 1008 693 longeque
1053 609 1382 675 diversum
1423 620 1523 674 est
1566 610 1929 696 exemplum
1970 613 2263 698 Pompeii
2304 613 2575 692 Paulini,
2616 614 2755 680 Ger·
2857 619 2861 689 ζ

483 716 730 781 maniae
772 717 1094 782 inferioris
1133 718 1360 803 legati3
1401 719 1513 802 qui
1552 741 1695 782 cum
1736 719 2100 785 inconsulto
2138 720 2515 806 imperatore
2551 724 2758 787 fossam

481 847 596 909 per
635 826 966 910 Belgicam
1029 826 1425 910 provinciam
1485 826 1721 891 ducere
1764 839 2045 912 pararet,
2109 829 2251 894 iure
2292 830 2643 914 prohibitus
2680 843 2763 897 est
2851 860 2859 877 ¹

479 959 517 996 a
557 935 772 1020 legato
814 934 1112 1020 Belgicae
1157 935 1342 1020 (Tac.
1387 936 1622 1001 Annal.
1666 935 1863 1013 XIII,
1910 937 2044 1020 53).
2134 937 2273 1003 Nec
2316 939 2523 1025 magis
2566 941 2762 1006 titulus
2864 972 2866 974 ·

479 1042 586 1106 ille
603 1088 620 1119 ,
685 1065 876 1126 quem
933 1047 1000 1116 Q.
1058 1047 1266 1106 Lollio
1317 1048 1629 1107 Frontoni
1678 1047 1815 1113 trib.
1870 1051 2001 1110 mil.
2060 1051 2177 1128 leg.
2224 1053 2324 1110 III
2371 1051 2533 1130 Aug.
2577 1052 2763 1133 praef.
2865 1085 2866 1106 κ

461 1151 648 1232 fabr.
705 1161 841 1214 tert.
897 1156 1176 1215 civitates
1215 1156 1460 1216 XXXX
1464 1159 1587 1217 IIII
1636 1177 1715 1215 az·
1752 1159 2001 1234 provin.
2044 1158 2303 1239 Africa,
2362 1179 2521 1237 quae
2570 1158 2670 1218 sub
2714 1181 2767 1220 eo
2864 1186 2867 1223 1

479 1281 692 1320 censae
730 1269 896 1334 sunt,
943 1272 1294 1344 posuerunt
1341 1261 1681 1347 (Kellerm.
1721 1261 1875 1347 Vig.
1914 1286 1978 1326 n.
2020 1263 2173 1348 256)
2190 1311 2209 1340 ,
2268 1265 2450 1330 citari
2493 1263 2706 1328 debuit
2740 1288 2770 1327 a
2864 1296 2867 1302 ·

478 1366 864 1432 Mommsen.
906 1369 1168 1433 Bullett.
1211 1369 1253 1434 l.
1290 1370 1332 1436 l.
1379 1393 1438 1454 p.
1489 1369 1625 1446 165,
1668 1393 1859 1454 quem
1899 1369 2163 1436 Tiberio
2208 1371 2585 1457 imperante,
2633 1397 2770 1438 non·
2864 1404 2867 1462 j

479 1475 636 1540 dum
679 1477 1022 1541 constituta
1045 1477 1372 1554 Numidia,
1417 1479 1725 1564 scriptum
1771 1501 1914 1544 esse
1950 1480 2103 1545 hinc
2138 1481 2586 1566 intelligimus,
2624 1485 2772 1566 quod
2864 1512 2867 1552 ι

481 1586 844 1669 praefectus
901 1585 1156 1650 fabrum
1214 1587 1473 1652 tertium
1534 1587 1789 1652 dicitur.
1882 1587 2046 1652 Nam
2098 1611 2245 1653 cum
2298 1591 2653 1655 secundum
2696 1615 2773 1669 ea,
2861 1653 2866 1677 ἰ,

477 1714 642 1776 quae
686 1693 1086 1779 Borghesius
1129 1695 1195 1758 in
1240 1695 1475 1760 Annal.
1521 1695 1681 1760 Inst.
1724 1696 1897 1760 arch.
1938 1719 2083 1760 ann.
2136 1697 2295 1762 1849
2340 1721 2402 1783 p.
2444 1700 2525 1766 47
2574 1701 2775 1786 dispu-

477 1802 657 1880 tavit,
699 1805 1002 1888 praefeeti
1043 1803 1296 1869 fabrum
1331 1805 1424 1868 ita
1461 1806 1589 1870 sint
1628 1827 1754 1868 non
1789 1805 2141 1888 legionum,
2180 1806 2294 1870 sed
2321 1807 2776 1893 imperatorum,

477 1922 549 1974 ut
593 1912 852 1995 quando
894 1914 1306 1999 imperatores
1351 1914 1621 1998 imperio
1652 1913 1988 1991 decedant,
2036 1915 2224 1978 etiam
2250 1914 2375 2000 ipsi
2398 1917 2778 2000 praefectura

479 2018 798 2084 decedant
841 2023 1226 2105 titulumque
1270 2023 1555 2086 muneris
1600 2022 1835 2086 totiens
1876 2033 2197 2108 repetant,
2250 2025 2555 2109 quotiens
2600 2025 2779 2110 impe·
2855 2055 2866 2102 ,2

479 2140 651 2192 rator
687 2129 828 2214 ipse
867 2131 1229 2214 imperium,
1275 2141 1539 2215 apparet
1578 2131 1939 2215 legatorum
1966 2130 2307 2196 Numidiae
2341 2155 2469 2196 non
2514 2133 2779 2218 potuisse
2864 2197 2866 2199 ,

477 2259 622 2300 esse
663 2239 1055 2322 praefectum
1100 2238 1353 2303 fabrum
1401 2238 1693 2315 tertium,
1739 2239 1865 2304 nisi
1907 2241 2094 2317 forte,
2136 2239 2207 2304 id
2250 2239 2427 2323 quod
2471 2265 2780 2324 nunquam
2853 2271 2867 2278 >-

477 2356 649 2410 certe
692 2346 947 2423 accidit,
991 2347 1269 2411 eundem
1313 2347 1523 2412 tribus
1569 2346 1845 2410 diversis
1884 2347 2277 2433 temporibus
2309 2348 2389 2414 ab
2414 2349 2780 2435 imperatore
2853 2381 2867 2418 ,ῑ

476 2452 822 2518 Numidiae
863 2457 1250 2541 praefectum
1283 2455 1641 2540 eodemque
1672 2477 1927 2540 semper
1961 2457 2281 2541 praefecto
2314 2456 2575 2522 fabrum
2611 2481 2783 2522 usum
2865 2523 2866 2526 ,

479 2584 622 2626 esse
664 2562 1069 2647 putabimus3
1135 2575 1268 2628 erat
1325 2565 1495 2630 enim
1547 2586 1771 2628 eorum
1814 2564 2154 2649 imperium
2200 2563 2630 2643 diuturnum,
2676 2589 2784 2630 non

2851 718 2861 851 ᾖ,

2851 884 2866 958 ,Α

476 2692 781 2734 annuum.
881 2673 968 2736 At
1025 2673 1442 2757 proconsules
1501 2673 1799 2748 Africae,
1856 2673 1969 2756 qui
2028 2672 2081 2738 si
2125 2673 2271 2758 plus
2314 2695 2513 2756 quam
2564 2697 2785 2738 annum
2855 2705 2857 2746 2

475 2778 874 2865 provinciam
913 2779 1292 2858 obtinerent,
1333 2781 1673 2864 quotannis
1716 2779 2089 2866 repetebant
2128 2781 2495 2867 imperium,
2536 2782 2653 2847 ubi
2688 2804 2789 2866 per

475 2889 821 2954 triennium
847 2889 1075 2954 eodem
1098 2891 1424 2976 praefecto
1451 2891 1708 2955 fabrum
1732 2888 2101 2964 utebantur,
2124 2889 2526 2975 praefectum
2548 2890 2785 2955 fabrum
2862 2925 2867 2964 1

475 3002 726 3059 tertium
791 2997 1128 3064 habebant.
1240 2999 1460 3080 Quare
1526 2998 1611 3080 Q.
1665 2997 1949 3062 Lollium
2010 2996 2337 3062 discemus
2394 2997 2785 3082 proconsulis
2864 3037 2867 3070 ,ι

478 3105 682 3170 fuisse
739 3108 1135 3190 praefectum
1195 3107 1448 3171 fabrum
1506 3118 1569 3171 et
1606 3106 1869 3190 quidem
1912 3105 2084 3183 eius,
2138 3107 2248 3190 qui
2292 3127 2411 3191 per
2456 3105 2786 3170 triennium
2864 3141 2866 3178 :

477 3213 767 3278 Africam
823 3207 1164 3290 tenuisset3
1229 3237 1350 3278 nec
1406 3215 1459 3278 si
1514 3214 1885 3298 proconsuli
1942 3215 2153 3277 fuerat
2212 3213 2581 3298 praefectus
2602 3262 2618 3286 ,
2676 3213 2785 3278 sub
2862 3249 2867 3285 1

473 3321 686 3406 legato
729 3322 852 3385 fuit
895 3321 1192 3386 tribunus
1235 3321 1539 3400 militum,
1603 3324 1719 3387 sed
1764 3323 1887 3387 sub
1934 3321 2159 3386 eodem
2203 3322 2631 3406 proconsule,
2686 3321 2783 3404 qui
2864 3341 2867 3395 ῑ

473 3430 793 3515 legionem
838 3430 941 3494 III
997 3430 1368 3516 Augustam
1422 3444 1711 3517 regeret,
1770 3432 2261 3513 confereturque
2312 3429 2675 3495 rectissime
2716 3425 2775 3490 C.
2864 3467 2866 3504 3

473 3537 716 3602 Maeuii
754 3538 943 3602 Bassi
995 3540 1356 3627 inscriptio,
1419 3562 1584 3622 quae
1642 3562 1838 3624 supra
1878 3539 2071 3603 citat-a
2112 3548 2211 3602 est
2264 3536 2617 3618 (Kellerm.
2657 3535 2771 3611 Vig-

473 3670 537 3711 n.
578 3647 732 3730 257)
747 3693 766 3724 ,
831 3647 942 3732 qui
990 3651 1352 3729 praefectus
1385 3649 1663 3732 fabrum
1714 3651 1808 3709 M.
1849 3649 2065 3709 Silani
2106 3651 2197 3708 M.
2220 3647 2291 3724 f
2352 3655 2599 3708 sextum
2644 3647 2779 3708 Car-

473 3759 752 3836 thaginis
775 3767 851 3820 tr.
875 3761 1008 3820 mil.
1031 3760 1144 3838 leg.
1167 3761 1261 3819 III
1273 3763 1588 3837 Augustae
1610 3755 1866 3829 dicitur,
1891 3753 2046 3818 item
2068 3763 2243 3818 recto
2268 3775 2613 3817 munerum
2634 3751 2783 3816 mili-

477 3863 709 3928 tarium
773 3864 1033 3940 ordine,
1061 3880 1080 3898 ·
1113 3864 1428 3947 siquidem
1492 3861 1857 3927 tribunatus
1918 3872 2067 3946 post
2126 3862 2597 3946 praefecturam
2658 3858 2787 3924 dari

477 3971 740 4036 solebat.
824 3972 1010 4054 Quae
1067 3995 1216 4037 cum
1269 3973 1357 4036 ita
1413 3972 1573 4048 sint,
1627 3970 1805 4034 nulla
1852 3969 1921 4033 in
1972 3969 2085 4034 illa
2115 3969 2577 4054 inscriptione,
2632 3990 2788 4053 quae
2864 4013 2866 4022 <

474 4081 830 4165 imperante
872 4080 1136 4145 Tiberio
1181 4081 1390 4166 posita
1437 4091 1565 4157 est,
1624 4062 1859 4144 mentio
1902 4077 1973 4141 fit
2014 4077 2246 4163 legati,
2304 4078 2483 4142 nulla
2530 4077 2789 4162 provin-

477 4190 612 4254 ciae
653 4187 1030 4265 Numidiae,
1085 4188 1418 4274 provincia
1468 4202 1683 4254 autem
1735 4186 1961 4253 Africa
2017 4185 2270 4271 proprie
2326 4185 2561 4250 dicitur
2608 4196 2787 4250 vetus

475 4298 586 4362 illa
627 4297 1102 4384 proconsularis
1121 4345 1138 4374 ‚
1185 4319 1350 4380 quae
1393 4296 1703 4383 quicquid
1748 4306 1903 4360 tunc
1946 4295 2013 4358 in
2059 4295 2287 4359 Africa
2327 4294 2637 4359 Romanis
2682 4316 2789 4378 pa·
2865 4277 2866 4320 ³

475 4407 678 4483 rebat,
721 4406 1280 4492 complectebatur.
1355 4404 1607 4470 Dubito
1646 4416 1861 4470 autem
1900 4429 1981 4470 an
2018 4402 2103 4486 Q.
2138 4402 2393 4468 Lollius
2430 4404 2785 4488 praefectus
