2917 5017
820 345 904 397 De
936 349 1306 414 propagatione
1345 351 1561 403 civitatis
1592 353 1878 405 Romanae.
2379 351 2501 419 371

182 504 400 592 fragia
442 510 702 587 ferrent,
749 510 1102 596 assignare.
1185 511 1286 577 Ita
1323 515 1533 579 omnis
1575 515 1861 581 omnium
1894 539 2109 582 rerum
2146 520 2511 584 communio

183 597 622 683 deferebaturf
725 600 1134 703 Quamquam
1183 619 1418 686 divisio
1475 623 1793 709 quaedam
1846 627 2131 692 muneris
2187 626 2385 692 subiti
2429 625 2510 693 ab

181 734 416 788 senatu
471 726 762 792 adhibita
805 737 923 792 est.
1018 726 1186 792 Nam
1229 728 1547 794 honorum
1592 731 1697 796 ius
1741 733 2039 798 continuo
2084 731 2392 813 dabatur,
2436 747 2511 802 ut

179 837 484 915 protinus
521 858 726 901 novos
767 837 944 901 cives
987 836 1058 900 in
1097 846 1390 901 senatum
1429 840 1770 924 pervenire
1814 849 2005 926 atque
2046 841 2322 908 honores
2368 843 2509 908 adi-

177 937 350 1025 pisci
402 941 658 1021 liceret3
722 943 1178 1029 suffragiorum
1230 945 1334 1009 ius
1385 945 1569 1013 initio
1626 948 2139 1016 deminuebatur.
2230 950 2381 1033 Qua
2426 950 2509 1018 de

174 1067 250 1110 re
313 1070 460 1114 cum
513 1051 638 1116 viri
693 1053 956 1136 quidam
1001 1052 1176 1118 docti
1217 1053 1402 1118 aliter
1437 1053 1693 1120 tradere
1732 1058 2147 1143 opinarentur
2187 1059 2509 1128 Velleium

169 1154 279 1231 H,
329 1157 438 1234 15,
473 1160 680 1224 aliter
717 1159 1094 1247 Appianum
1136 1162 1284 1227 bell.
1330 1162 1453 1227 civ.
1492 1163 1546 1239 Ι,
1593 1163 1705 1240 49,
1762 1176 2007 1252 partem
2062 1165 2506 1248 dissensionis,

172 1284 348 1348 quae
389 1268 760 1352 putabatur,
803 1270 1074 1335 rectiore
1113 1270 1633 1356 interpretatione
1680 1274 1943 1338 sustulit
1976 1275 2250 1340 Becker.
2279 1275 2503 1362 Antiq.

168 1371 366 1438 Rom.
407 1377 748 1464 compend.
775 1377 864 1455 II,
915 1383 970 1454 1,
1012 1379 1150 1454 170,
1195 1378 1422 1445 debuit
1461 1389 1657 1445 totam
1700 1381 1941 1446 tollere.
2023 1382 2191 1448 Nam
2213 1383 2505 1452 Velleius

165 1480 240 1544 in
303 1493 448 1548 octo
507 1506 714 1550 novas
775 1487 984 1552 tribus
1043 1487 1440 1552 contributos
1502 1509 1647 1553 esse
1709 1489 1799 1552 ait
1856 1489 2100 1567 socios,
2163 1491 2504 1577 Appianas

167 1590 402 1655 scribit
447 1593 878 1664 δεκατεύοντες
917 1595 1239 1679 ἀπέφηναν
1284 1595 1497 1680 ἑτέρας
1532 1597 1815 1682 (φυλὰς),
1861 1597 1923 1660 ἐν
1956 1597 2051 1666 αἶς
2078 1597 2500 1682 ἐχειροτόνουν

167 1695 460 1784 ἔσχατοι,
521 1701 590 1764 in
643 1702 884 1786 quibus
941 1702 1164 1768 decem
1217 1726 1533 1769 novarum
1588 1705 1875 1771 tribuum
1931 1705 2314 1770 mentionem
2360 1706 2503 1771 fieri

34 1817 46 1830 ’
163 1809 507 1892 putabant.
579 1809 830 1876 Verum
870 1807 1216 1875 δεκάτεύειν
1255 1835 1387 1877 non
1427 1822 1526 1878 est
1562 1812 1629 1875 in
1669 1812 1893 1878 decem
1930 1825 2147 1900 partes
2188 1813 2501 1892 dividere,

169 1915 290 1980 sed
346 1916 438 1981 ita
500 1917 830 1996 dividere,
894 1929 968 1983 ut
1019 1920 1169 1984 deni
1231 1920 1360 1984 sint
1412 1921 1481 1984 in
1540 1921 1817 2006 singulis
1876 1920 2169 2005 partibus
2187 1968 2204 1997 ‚
2267 1922 2501 1988 Latine

165 2023 508 2090 decuriare
523 2073 540 2103 ,
598 2025 706 2091 vel
752 2026 978 2097 latiore
1037 2041 1228 2112 saepe
1275 2028 1745 2114 significatione
1763 2075 1781 2106 ,
1844 2039 1917 2094 ut
1976 2038 2191 2094 certus
2240 2031 2500 2096 omnino
2608 2061 2616 2066 ·

169 2133 256 2197 sit
289 2155 602 2200 numerus
639 2135 705 2198 in
745 2135 1022 2222 singulis
1058 2136 1371 2221 part-ibus,
1415 2138 1610 2202 modo
1640 2161 1719 2202 ne
1747 2161 2041 2224 magnus.
2098 2136 2277 2202 Nihil
2300 2139 2503 2223 igitur

170 2243 519 2328 Appianus
560 2244 644 2308 de
679 2265 950 2310 numero
985 2266 1298 2308 novarum
1339 2244 1627 2310 tribuum
1664 2247 1861 2310 refert
1902 2246 2023 2311 hoc
2064 2255 2311 2310 tantum
2348 2270 2496 2313 nar-

161 2373 342 2427 rans,
385 2352 632 2418 divisos
671 2375 816 2418 esse
863 2352 1072 2418 socios
1115 2375 1234 2438 per
1273 2375 1476 2418 novas
1518 2352 1749 2429 tribue,
1796 2375 1872 2417 ac
1900 2363 2259 2438 postremos
2291 2355 2497 2420 omni-

28 2469 44 2510 ἱ
161 2482 286 2524 um
327 2459 410 2524 ad
453 2461 837 2547 suffragium
883 2471 1166 2526 vocatos.
1255 2460 1317 2524 N
1321 2483 1394 2525 ec
1438 2472 1651 2527 tamen
1696 2460 1809 2526 diu
1856 2461 2012 2526 socii
2056 2472 2199 2528 octo
2236 2461 2338 2526 his
2384 2463 2496 2527 tri-

162 2565 389 2632 bubus
421 2568 935 2634 continebantur.
994 2569 1055 2633 N
1057 2592 1161 2634 am
1187 2565 1265 2633 C.
1291 2568 1543 2634 Mari-us
1582 2593 1767 2635 suam
1800 2569 2151 2655 potentiam
2182 2592 2495 2655 quaerens

37 2702 39 2704 ·
157 2697 284 2762 per
343 2687 596 2741 veteres
655 2677 940 2762 quinque
997 2688 1062 2742 et
1113 2675 1376 2761 triginta
1431 2675 1639 2741 tribus
1686 2698 1756 2742 se
1804 2699 2008 2742 novos
2056 2678 2231 2744 cives
2276 2679 2497 2744 distri-

158 2784 482 2849 buturum
530 2807 674 2850 esse
713 2785 1010 2871 promisit
1049 2806 1126 2850 ae
1165 2781 1413 2849 Cinnae
1460 2806 1674 2870 opera,
1718 2785 1894 2868 quod
1933 2786 2314 2870 promiserat
2351 2809 2498 2872 per-

163 2893 346 2969 fecit,
394 2904 470 2956 ut
511 2893 581 2956 in
620 2893 807 2958 Italia
840 2893 907 2957 in
950 2893 1273 2959 civitatem
1314 2891 1687 2977 recipienda
1724 2892 2000 2957 eundem
2036 2903 2319 2958 veterem
2358 2917 2509 2960 mo-·

155 3023 322 3077 rem,
359 3001 473 3085 qui
503 3000 571 3065 in
601 3002 910 3087 proximis
938 3000 1192 3086 oppidis
1223 3000 1621 3066 asciscendis
1656 2999 1955 3064 conditus
1983 3011 2138 3077 erat,
2176 3012 2496 3068 retentum

157 3131 312 3174 esse
375 3109 741 3175 videamus.
839 3107 934 3175 At
983 3109 1064 3172 L.
1115 3106 1328 3185 Sulla,
1391 3119 1733 3193 postquam
1791 3130 2007 3172 rerum
2068 3110 2313 3194 potitus
2374 3123 2493 3188 est,

155 3239 312 3282 cum
371 3218 694 3284 sociorum
753 3216 1124 3282 Italicorum
1181 3217 1486 3302 optimam
1540 3215 1861 3282 civitatem
1918 3216 2272 3282 Romanam
2292 3265 2309 3296 ,
2368 3241 2495 3283 non

156 3334 412 3390 tantum
473 3349 512 3390 a
571 3303 993 3411 popularibus
1009 3371 1028 3402 ,
1094 3323 1208 3409 qui
1267 3325 1557 3409 proxime
1614 3324 1921 3389 dominati
1984 3336 2163 3390 erant
2185 3372 2202 3402 ,
2265 3348 2494 3392 verum

157 3433 358 3498 etiam
405 3435 488 3500 ab
537 3432 954 3521 optimatibus
997 3433 1152 3497 olim
1199 3455 1569 3498 concessam
1616 3433 1839 3497 tollere
1876 3454 2005 3496 non
2046 3445 2289 3518 posset,
2332 3456 2493 3519 qua-

157 3555 354 3608 tenus
399 3554 615 3608 tamen
653 3540 906 3619 licebat,
949 3551 1232 3606 veterem
1269 3540 1661 3627 reipublicae
1714 3542 1987 3606 formam
2026 3541 2339 3608 reducere
2382 3565 2491 3608 co-

159 3662 354 3716 natus
394 3663 512 3716 est.
581 3651 838 3716 Etenim
879 3671 956 3714 ea
985 3649 1153 3734 lege,
1197 3671 1328 3732 qua
1367 3648 1823 3712 seditiosorum
1858 3669 2099 3734 poenas
2138 3650 2491 3728 constituit,

159 3770 228 3823 et
273 3759 648 3844 singillatim
691 3757 987 3822 inimicos
1035 3767 1100 3820 et
1139 3756 1458 3832 civitates,
1505 3778 1670 3840 quae
1712 3779 1891 3822 arma
1932 3767 2151 3821 contra
2182 3757 2489 3836 tulerant,

160 3867 542 3952 complexus
599 3870 778 3952 (nam
829 3887 1028 3929 unam
1083 3886 1224 3928 eam
1281 3863 1497 3949 legem
1550 3864 1754 3929 fuisse
1813 3864 2064 3942 iudico,
2134 3886 2264 3928 non
2325 3865 2491 3931 duas

159 3975 458 4040 diversas
497 3974 579 4040 de
614 3973 984 4039 hominibus
1033 3981 1095 4036 et
1139 3971 1220 4036 de
1262 3969 1661 4058 civitatibus)
1706 3972 1937 4049 sanxit,
1982 3982 2057 4036 ut
2086 3973 2199 4057 qui
2229 3983 2493 4058 propter

161 4082 546 4150 seditionem
597 4081 939 4168 proscripti
999 4061 1192 4164 atque
1247 4077 1446 4144 occisi
1488 4091 1735 4158 essent,
1806 4103 2026 4146 eorum
2071 4078 2259 4146 liberi
2302 4081 2490 4148 bonis

159 4191 398 4278 privati
438 4191 544 4256 ius
582 4191 898 4256 honorum
937 4188 1301 4254 amitterent
1341 4187 1539 4272 (Vell.
1562 4188 1651 4266 11,
1691 4189 1825 4270 29),
1870 4189 1913 4253 i.
1951 4210 2008 4254 e.
2050 4211 2133 4254 ne
2174 4188 2259 4254 ad
2304 4211 2491 4256 sena-

159 4300 364 4365 torios
425 4298 701 4366 honores
767 4309 1185 4381 senatumque
1245 4295 1460 4381 ipsum
1526 4296 2017 4364 admitterentur
2033 4344 2052 4375 ‚
2120 4295 2356 4362 deinde
2416 4309 2493 4361 ut

162 4407 456 4476 civitates
475 4453 494 4484 ‚
552 4427 718 4491 quae
761 4404 1214 4489 deliquissent,
1271 4415 1334 4470 et
1373 4425 1563 4490 agro,
1611 4405 1725 4489 qui
1768 4404 2087 4470 veteranis
2132 4405 2325 4504 datus
2370 4416 2491 4483 est,

1946 4513 2027 4580 24
2048 4516 2083 4550 ⁴⁸*
