2917 5017
887 361 972 410 De
1005 363 1375 425 propagatione
1411 363 1631 412 civitatis
1666 363 1948 413 Romanae.
2444 359 2567 427 363

235 531 438 588 tatem
495 523 850 589 Romanam
905 520 1245 588 habebant.
1325 519 1466 585 Cur
1506 521 1709 607 igitur
1748 523 1891 588 dari
1930 521 2053 590 sibi
2100 527 2346 603 volunt,
2390 527 2567 612 quod

233 630 368 695 iam
413 630 782 696 habebant?
861 629 1204 705 Nimirum,
1262 628 1438 714 quod
1498 651 1575 694 ea
1630 631 1855 696 civitas
1900 631 2211 709 Romana,
2264 657 2397 720 qua
2438 635 2565 720 ipsi

235 739 610 814 utebantur,
665 739 805 803 iure
848 739 1166 802 honorum
1209 737 1486 816 carebat,
1530 751 1603 804 ut
1648 762 1813 824 quae
1854 753 2011 806 tunc
2050 741 2449 818 acciderunt,
2486 741 2565 807 iis

233 868 404 930 quae
437 841 664 930 postea
705 871 744 911 a
789 847 903 932 Sp.
933 843 1220 910 Carvilio
1261 845 1412 910 belli
1457 847 1693 912 Punici
1732 858 1961 924 aetate,
2006 859 2142 914 tum
2184 849 2378 936 paulo
2420 859 2566 914 ante

233 953 596 1018 Marsicum
676 953 914 1020 bellum
989 965 1133 1018 acta
1214 963 1398 1029 sunt,
1488 955 1812 1020 simillima
1888 979 2031 1022 esse
2110 956 2565 1043 intelligamus.

235 1061 530 1127 Omnino
575 1075 789 1128 autem
827 1063 1206 1127 universum
1254 1061 1623 1127 Latinitatis
1668 1063 1771 1130 ius
1817 1064 2005 1130 facile
2051 1088 2131 1129 ex
2163 1066 2427 1130 foedere
2455 1065 2566 1129 illo

229 1166 577 1247 CassianO,
620 1171 795 1255 quod
839 1170 1353 1246 commemoravi,
1405 1171 1610 1256 repeti
1654 1195 1947 1257 quaeque
1992 1173 2369 1238 Latinorum
2413 1195 2567 1259 pro-

235 1278 382 1363 pria
443 1301 587 1342 esse
650 1279 954 1353 vidimus,
1011 1301 1093 1343 ex
1147 1278 1320 1343 illius
1367 1279 1627 1364 legibus
1686 1281 1989 1366 explicari
2046 1304 2235 1366 posse
2288 1282 2563 1367 reperio,

231 1386 435 1470 idque
497 1410 574 1452 eo
641 1388 848 1472 magis
905 1386 1090 1452 nobis
1147 1388 1272 1452 hoc
1329 1388 1471 1452 loco
1528 1386 2017 1473 suscipiendum
2064 1411 2209 1454 esse
2273 1387 2565 1464 arbitror,

231 1495 414 1580 quod
461 1496 782 1560 neminem
823 1495 1036 1560 adhuc
1081 1496 1368 1560 virorum
1415 1495 1753 1560 doctorum
1790 1496 1871 1560 de
1906 1497 2155 1583 origine
2196 1497 2566 1564 Latinitatis

231 1625 388 1667 vere
431 1613 624 1687 atque
667 1603 779 1679 ita,
823 1613 896 1667 ut
937 1603 1408 1687 praetermissis
1447 1604 1749 1670 inanibus
1794 1605 2178 1672 coniecturis
2216 1629 2383 1691 quae
2424 1629 2565 1672 cer·

227 1711 320 1775 tis
368 1711 752 1777 testimoniis
794 1711 982 1776 nobis
1025 1710 1260 1776 tradita
1303 1725 1539 1788 essent,
1590 1724 1988 1797 sequeretur,
2017 1714 2383 1802 disputasse
2424 1715 2561 1778 exi-

231 1819 448 1884 stimo.
511 1820 807 1885 Primum
846 1820 1049 1905 igitur
1089 1820 1553 1903 aequissimum
1595 1821 1831 1886 foedus
1877 1833 2013 1887 erat
2056 1822 2237 1907 (Liv.
2263 1823 2451 1899 VIII,
2474 1823 2565 1904 4),

233 1928 352 1992 sed
406 1928 702 1993 iunctum
739 1929 906 1992 inter
946 1928 1110 1992 duas
1155 1929 1580 2014 respublicas,
1638 1951 1803 2013 quae
1848 1952 1997 1995 cum
2042 1929 2363 1996 artissima
2406 1931 2565 1996 ami-

235 2037 392 2102 citia
447 2059 524 2102 ac
583 2036 887 2102 societate
947 2036 1456 2112 continerentur,
1515 2038 1853 2121 separatim
1914 2050 2124 2104 tamen
2180 2050 2563 2106 constarent.

239 2143 674 2228 Sequebatur,
714 2157 788 2208 ut
827 2143 1021 2208 unius
1061 2143 1450 2230 reipublicae
1498 2135 1672 2212 cives
1704 2147 1781 2210 in
1812 2148 2009 2212 altera
2034 2148 2309 2212 honores
2339 2171 2562 2234 gerere

235 2279 372 2320 non
407 2267 702 2340 possent:
739 2255 828 2318 ita
859 2255 1028 2318 enim
1066 2276 1193 2318 non
1237 2253 1404 2321 duae
1440 2266 1853 2320 conservatae
1887 2266 2103 2319 essent
2138 2255 2564 2341 respublicae,

235 2363 360 2428 sed
405 2386 537 2428 una
581 2364 914 2429 extitisset.
998 2361 1218 2442 Quare
1277 2385 1398 2427 nec
1458 2363 1619 2428 civis
1666 2365 1999 2428 Romanus
2056 2364 2137 2428 ad
2179 2364 2563 2430 Latinorum

241 2473 681 2557 magistratus,
723 2495 846 2537 nec
890 2471 1166 2535 Latinus
1213 2471 1295 2536 ad
1339 2470 1705 2536 Romanum
1754 2481 2047 2537 senatum
2093 2472 2341 2538 admitti
2381 2483 2565 2558 pote-

233 2591 354 2646 rat.
435 2579 758 2662 Quoniam
799 2580 970 2644 enim
1015 2602 1095 2644 ex
1140 2601 1316 2645 more
1365 2581 1803 2646 vetustissimo
1848 2581 2139 2646 Romano
2178 2603 2367 2646 nemo
2402 2581 2566 2646 dua-

235 2712 389 2753 rum
449 2689 780 2754 civitatum
840 2698 1053 2773 potest
1107 2687 1268 2752 civis
1329 2710 1493 2765 esse,
1554 2711 1677 2753 nec
1738 2710 1989 2764 rursus,
2046 2688 2156 2772 qui
2217 2690 2379 2754 civis
2436 2713 2565 2754 non

239 2807 438 2872 esset,
477 2796 922 2881 magistratum
960 2818 1186 2882 gerere
1233 2818 1422 2881 posse
1480 2795 1843 2871 videbatur,
1894 2796 1949 2859 si
1994 2795 2141 2878 quis
2180 2797 2455 2862 Latinus
2498 2798 2565 2862 in

243 2904 937 2970 senatum'Romanum
983 2903 1404 2989 pervenisset,
1442 2904 1719 2968 Latinus
1762 2926 1907 2968 esse
1954 2903 2249 2979 desisset,
2292 2906 2404 2989 qui
2432 2905 2567 2970 Ro-

236 3035 468 3078 manus
528 3013 914 3078 Latinorum
972 3013 1417 3099 magistratum
1476 3013 1788 3098 cepisset,
1831 3013 2185 3077 Romanam
2246 3012 2569 3078 civitatem

241 3117 585 3187 amisisset.
669 3122 950 3186 Prorsus
997 3122 1198 3208 igitur
1239 3121 1344 3186 ius
1386 3121 1725 3198 honorum,
1772 3144 1920 3186 cum
1955 3142 2082 3204 quo
2121 3121 2227 3185 ius
2275 3121 2568 3206 suffragii

243 3231 660 3295 coniunctum
707 3241 860 3306 erat,
910 3230 1172 3295 foedere
1225 3227 1539 3295 Cassiano
1596 3230 1803 3315 excipi
1850 3226 2202 3314 oportebat.
2284 3229 2379 3293 At
2418 3250 2567 3293 cum

243 3350 426 3404 tanta
465 3339 634 3403 inter
678 3338 842 3402 duas
883 3337 1286 3424 respublicas
1335 3338 1615 3402 amicitia
1660 3337 2177 3412 constitueretur,
2219 3335 2567 3422 providen-

244 3448 404 3512 dum
448 3458 604 3522 erat,
641 3455 735 3522 ut,
780 3446 1074 3530 quamvis
1117 3446 1524 3531 respublicae
1572 3445 2054 3520 distinerentur,
2107 3455 2467 3509 mercatura
2504 3457 2569 3508 et

239 3554 530 3619 omnium
577 3553 982 3639 negotiorum
1025 3550 1372 3619 contractio
1417 3564 1658 3639 quanta
1699 3564 1917 3638 posset
1962 3552 2237 3617 maxime
2277 3573 2565 3616 commu-

241 3662 346 3726 nis
391 3661 715 3738 existeret,
759 3684 836 3726 ac
874 3662 958 3726 de
996 3661 1220 3727 litibus
1262 3661 1553 3726 vicissim
1595 3661 1763 3726 iuste
1809 3660 2271 3746 componendis
2304 3659 2565 3726 foedere

239 3783 532 3836 sanctum
583 3793 726 3834 esse
770 3770 1130 3854 Dionysius
1182 3770 1224 3833 l.
1268 3771 1312 3834 l.
1359 3768 1603 3834 scribit.
1678 3769 1841 3834 Eam
1888 3768 1971 3832 ob
2016 3791 2278 3833 causam
2326 3769 2565 3854 migra-

237 3879 477 3944 tionem
525 3878 605 3943 ab
647 3878 898 3943 Latinis
947 3877 1029 3942 ad
1084 3877 1432 3954 Romanos,
1478 3877 1559 3942 ab
1603 3877 1911 3942 Romanis
1958 3876 2041 3940 ad
2086 3877 2359 3942 Latinos
2401 3876 2565 3942 libe-

239 4011 378 4052 ram
433 4009 577 4052 esse
638 3987 1002 4058 voluerunt,
1071 3985 1364 4069 duasque
1417 4007 1523 4050 res
1578 3995 2101 4071 composuerunt,
2162 3984 2443 4069 primum
2492 3994 2568 4048 ut
2678 4039 2683 4043 .

240 4095 353 4179 qui
393 4105 642 4158 retento
682 4094 938 4179 proprio
976 4093 1119 4157 iure
1157 4092 1225 4156 in
1263 4093 1525 4158 alteram
1562 4091 2025 4177 rempublicam
2062 4091 2339 4176 migrare
2370 4091 2564 4158 vellet

238 4203 462 4288 ibique
507 4202 591 4266 ad
641 4203 896 4288 negotia
954 4200 1238 4288 gerenda
1291 4201 1502 4265 incola
1551 4200 1711 4276 fieri,
1755 4211 2003 4285 partem
2047 4208 2217 4264 certe
2262 4199 2566 4284 exiguam

241 4310 645 4376 comitiorum
690 4309 970 4374 haberet.
1035 4309 1134 4374 Ita
1176 4307 1428 4374 Latinis
1474 4307 1702 4374 incolis
1738 4307 1981 4372 Romae
2023 4330 2171 4383 una,
2203 4328 2367 4390 quae
2394 4316 2565 4372 sorte

244 4419 614 4494 duceretur,
659 4415 867 4482 tribus
907 4417 1058 4484 data
1109 4426 1228 4494 est,
1266 4417 1334 4480 in
1375 4439 1507 4501 qua
1548 4415 1933 4500 suffragium
1979 4417 2241 4492 ferrent,
2282 4436 2403 4480 nec
2443 4415 2563 4480 mi-
