2917 5017
867 331 948 379 De
986 331 1245 381 dictatoris
1282 330 1520 382 Caesaris
1559 330 1856 381 honoribus.
2394 328 2518 393 253

208 493 405 557 citum
467 503 631 569 erat,
694 492 972 577 primum
1028 514 1109 555 ne
1178 492 1438 577 quando
1499 515 1624 555 non
1693 502 2080 569 crearentur,
2146 492 2380 557 deinde
2415 514 2522 555 xne

204 610 575 665 crearentur
626 600 751 665 nisi
803 599 885 663 ab
936 598 1214 664 tribunis
1273 600 1548 664 comitiis
1605 599 1882 666 tributis.
1969 600 2147 665 Huic
2197 601 2291 665 rei
2349 622 2520 664 nova

204 709 310 773 lex
359 718 644 773 veterem
700 707 1077 793 religionem
1120 730 1247 773 non
1294 708 1542 773 violans
1594 707 1939 793 dupliciter
1979 708 2277 774 occurrit.
2357 707 2524 773 Nam

206 815 457 883 Caesar
492 817 623 881 iam
668 827 750 891 et,
789 816 844 879 si
888 816 1000 899 qui
1036 814 1280 881 inimici
1324 815 1407 881 ad
1450 816 1844 881 tribunatum
1869 816 2336 902 pervenissent,
2359 837 2524 900 quo-

206 926 382 991 niam
423 925 565 1010 pari
610 947 759 990 cum
804 923 931 988 illis
975 932 1290 1008 potestate
1334 935 1499 1000 erat,
1546 924 1734 989 facile
1784 947 2006 990 eorum
2057 934 2322 990 conatus
2369 945 2520 1009 pro-

201 1033 469 1100 hibebat
514 1043 597 1109 et,
652 1032 805 1116 quia
846 1031 987 1117 ipse
1033 1032 1220 1095 etiam
1264 1031 1665 1117 plebeiorum
1707 1035 2200 1119 magistratuum
2251 1030 2524 1097 comitiis

202 1164 510 1228 praeesse
562 1150 831 1226 poterat,
880 1162 962 1204 ne
1004 1140 1115 1224 qui
1160 1139 1385 1205 fierent
1430 1142 1543 1224 qui
1593 1139 1717 1206 sibi
1758 1141 1998 1207 inimici
2046 1152 2280 1217 essent,
2322 1141 2526 1225 impe-

206 1249 449 1314 diebat.
517 1250 746 1333 Itaque
798 1246 973 1330 quod
1017 1246 1149 1311 Dio
1196 1245 1382 1313 Cass.
1421 1248 1684 1326 XLIII,
1727 1250 1806 1314 45
1853 1274 2019 1317 anno
2065 1252 2166 1328 45,
2221 1249 2334 1314 ubi
2375 1271 2527 1314 con-

202 1357 474 1423 iunctim
522 1354 998 1440 quodammodo
1054 1377 1217 1440 quae
1260 1378 1365 1421 res
1412 1354 1712 1423 Caesaris
1753 1357 2248 1422 dominationem
2298 1358 2528 1422 effece-

204 1467 335 1531 rint
400 1475 709 1539 recenset,
766 1464 883 1527 ait:
944 1464 1048 1532 τοὶς
1095 1488 1158 1526 τε
1200 1464 1315 1548 γὰρ
1360 1466 1556 1550 ἀρχὰς
1601 1465 1768 1551 αὐτῷ
1813 1468 1913 1529 καὶ
1950 1467 2060 1535 τὰς
2100 1471 2207 1529 τοῦ
2251 1467 2530 1549 πλήθους

206 1576 536 1653 ἀνέθεσαν,
577 1572 803 1637 dubito
850 1595 929 1636 an
976 1572 1058 1636 ad
1101 1572 1353 1637 nullum
1395 1595 1638 1638 novum
1691 1574 2043 1652 decretum,
2095 1573 2211 1639 sed
2257 1573 2339 1639 ad
2384 1572 2529 1650 hoc,

206 1684 285 1747 de
334 1704 466 1767 quo
510 1681 815 1757 diximus,
860 1679 1204 1766 pertineat3
1242 1681 1369 1746 hoc
1402 1693 1572 1747 certe
1601 1681 1814 1759 video,
1845 1683 2093 1748 etiamsi
2122 1684 2284 1749 forte
2307 1694 2534 1769 postea

208 1803 277 1853 ut
338 1790 519 1855 solus
562 1790 673 1875 qui
724 1788 999 1853 comitiis
1044 1788 1303 1853 tributis
1343 1790 1566 1854 fierent
1610 1788 1874 1866 tribuni,
1917 1790 2156 1867 ederet,
2202 1792 2534 1857 decretum

209 1909 329 1975 cst,
382 1898 455 1962 id
513 1908 822 1984 potestate
880 1895 1225 1962 tribunicia
1286 1916 1433 1963 ante
1477 1920 1606 1963 non
1649 1898 1883 1963 collata
1919 1920 2047 1963 non
2089 1900 2376 1984 potuisse
2415 1900 2530 1965 de·-

212 2008 413 2072 cerni.
502 2007 729 2071 Unum
782 2007 1056 2071 fortasse
1098 2005 1221 2071 hoc
1260 2006 1327 2069 in
1370 2028 1609 2092 genere
1651 2007 1996 2071 nonnullos
2041 2020 2312 2084 moveat,
2355 2009 2531 2092 quod

214 2113 605 2190 Suetonius,
664 2114 778 2199 qui
835 2137 1056 2179 omnes
1119 2111 1417 2180 Caesaris
1485 2138 1590 2180 res
1661 2114 2032 2202 singillatim
2091 2128 2532 2201 persequatur,

212 2224 377 2289 nihil
454 2223 537 2287 de
611 2222 735 2288 hoc
804 2223 945 2287 iure
1008 2222 1352 2289 tribunicio
1429 2235 1902 2288 commemorat.
2003 2221 2138 2289 Sed
2205 2247 2336 2309 quo
2389 2226 2534 2291 loco

211 2333 491 2399 maxime
542 2333 821 2397 honores
876 2330 1017 2396 eius
1068 2346 1359 2397 recenset
1411 2354 1466 2397 c.
1510 2332 1614 2408 76,
1659 2333 1962 2416 quoniam
2011 2331 2082 2395 id
2123 2333 2277 2417 agit,
2319 2344 2390 2396 ut
2435 2334 2534 2397 ni·

212 2442 347 2507 mia
390 2464 540 2507 eum
582 2462 939 2526 usurpasse
984 2462 1061 2505 ac
1102 2440 1243 2505 iure
1288 2462 1546 2506 caesum
1588 2463 1732 2507 esse
1783 2440 2032 2516 doceat,
2073 2462 2150 2503 ea
2191 2441 2347 2518 sola,
2391 2442 2534 2525 qui-

216 2552 339 2616 bus
396 2572 527 2615 non
586 2550 782 2615 modo
842 2572 1038 2635 supra
1092 2548 1374 2633 reliquos
1432 2550 1870 2634 magistratus,
1928 2548 2042 2613 sed
2088 2571 2287 2635 prope
2341 2571 2538 2635 supra

215 2661 563 2725 humanam
607 2660 929 2724 fortunam
980 2657 1394 2735 eveheretur,
1442 2658 1658 2734 affert,
1708 2658 1776 2721 in
1821 2655 2057 2741 quibus
2112 2658 2232 2721 hoc
2281 2658 2385 2722 ius
2423 2656 2537 2721 tri-

212 2767 573 2845 bunicium,
608 2790 741 2853 quo
768 2766 977 2832 maius
1017 2765 1099 2831 ab
1144 2764 1442 2831 omnibus
1471 2765 1780 2850 deinceps
1805 2765 2296 2849 imperatoribus
2339 2786 2536 2829 usur·

217 2888 443 2965 patum
486 2900 629 2943 esse
672 2875 1075 2952 docebimus,
1120 2885 1289 2939 certe
1334 2896 1465 2938 non
1505 2884 1660 2937 erat.

385 2986 520 3051 Hic
557 2986 761 3071 igitur
797 2985 1045 3071 primus
1082 2981 1268 3069 quasi
1316 2980 1696 3045 tribuniciae
1735 2980 2070 3065 potestatis
2108 2979 2354 3067 gradus
2381 2990 2540 3055 erat,

224 3096 307 3161 ad
365 3116 561 3179 quam
615 3094 885 3157 miretur
946 3094 1220 3157 fortasse
1288 3090 1520 3174 aliquis
1577 3088 1864 3175 potuisse
1923 3088 2270 3173 quicquam
2327 3087 2541 3151 adiici.

220 3203 455 3289 Neque
498 3214 771 3289 poterat,
818 3200 943 3265 nisi
980 3199 1051 3263 id
1090 3210 1409 3285 ageretur,
1447 3212 1522 3262 ut
1565 3198 1818 3264 sublata
1841 3196 2230 3283 collegarum
2259 3196 2542 3280 aequali-

220 3324 349 3378 tate
392 3335 565 3378 unus
608 3333 805 3396 supra
849 3331 1072 3374 omnes
1109 3307 1457 3393 imperator
1497 3307 1928 3372 extolleretur.
1983 3304 2208 3390 Itaque
2253 3326 2422 3371 anno
2465 3305 2544 3369 44

224 3446 375 3489 cum
438 3421 628 3486 victis
691 3416 990 3484 omnibus
1064 3415 1453 3480 adversariis
1512 3415 1640 3478 iam
1709 3436 1860 3479 vere
1919 3411 2162 3477 Caesar
2223 3426 2546 3499 regnaret,

226 3542 522 3597 secutum
564 3540 663 3593 est
706 3528 1001 3603 alterum,
1043 3522 1219 3608 quod
1260 3523 1393 3587 Dio
1431 3521 1688 3598 XLIV,
1734 3523 1772 3586 5
1818 3532 2302 3587 commemorat:
2353 3519 2446 3584 Τά
2481 3544 2547 3585 τε

226 3646 351 3710 τοῖς
394 3640 739 3723 δημάρχοις
780 3634 1089 3719 δεδομένα
1130 3632 1538 3716 καρποῦσθαι,
1592 3632 1758 3699 ὅπως
1801 3630 1872 3693 ἄν
1911 3652 1998 3698 τις
2038 3631 2078 3713 ἢ
2125 3628 2348 3712 ἔργῳῆ
2382 3628 2550 3713 λόγῳ

230 3750 413 3815 αὐτὸν
470 3747 709 3834 ὑβρίσῃ,
762 3743 924 3827 ἱερός
980 3766 1044 3805 τε
1100 3737 1142 3826 ᾖ
1190 3744 1291 3806 καὶ
1334 3741 1397 3803 ἐν
1444 3746 1532 3824 τῷ
1577 3740 1712 3823 ἄγει
1759 3737 2046 3823 ἐνέχηται
2084 3737 2549 3822 (ἐψηφίσαντο).

231 3857 339 3922 Ad
384 3853 785 3937 eandemque
832 3874 967 3917 rem
1019 3849 1317 3937 pertinet,
1376 3847 1554 3933 quod
1599 3846 1732 3911 Dio
1783 3846 2042 3922 XLIV,
2085 3845 2162 3909 49
2203 3846 2298 3909 M.
2341 3845 2550 3909 Anto-

232 3965 413 4029 nium
468 3962 538 4027 in
590 3962 817 4026 funere
864 3957 1163 4025 Caesaris
1216 3956 1536 4021 dicentem
1585 3955 1772 4021 facit:
1829 3954 2005 4023 οὗτος
2049 3956 2080 4017 ὁ
2131 3952 2473 4038 ἀρχιερεὺς,
2517 3954 2548 4016 ὃ

234 4072 467 4141 ἄσυλος
511 4106 593 4118 -·
633 4069 948 4153 τέθνηκεν,
1012 4080 1076 4133 et
1129 4065 1321 4154 paulo
1380 4074 1526 4150 post
1579 4069 1699 4127 ποῦ
1749 4064 1817 4127 δὲ
1859 4065 1898 4147 ἡ
1943 4063 2198 4140 ἀσυλίας
2261 4074 2326 4127 et
2367 4084 2424 4127 c.
2472 4061 2552 4126 50

240 4179 559 4266 apertius:
608 4178 673 4241 ὃν
715 4178 777 4247 ἐξ
823 4176 959 4241 ἴσου
994 4181 1121 4246 τοῖς
1152 4176 1496 4260 δημάρχοις
1531 4172 1756 4237 ἄσυλον
1789 4170 2258 4256 ἐπεποιήκεσαν,
2289 4181 2354 4235 et
2377 4167 2554 4255 quod

239 4289 583 4375 Appianas
621 4285 770 4351 bell.
816 4286 940 4351 civ.
970 4285 1057 4362 11,
1108 4283 1227 4349 106
1278 4283 1381 4347 καὶ
1426 4282 1494 4345 τὸ
1541 4286 1720 4365 σῶμα
1762 4281 1922 4365 ἱερὸς
1965 4280 2064 4343 καὶ
2109 4279 2336 4346 ἄσυλος
2381 4278 2556 4353 εἶναι,

238 4397 410 4483 quod
452 4398 611 4461 item
648 4417 815 4460 anno
856 4395 934 4460 44
976 4393 1311 4459 decretum
1356 4413 1502 4457 esse
1545 4392 1652 4468 ait,
1699 4401 1761 4455 et
1797 4389 1888 4466 11,
1937 4388 2056 4454 108
2101 4386 2364 4453 caedem
2411 4406 2557 4473 per-
