2917 5017
364 335 403 400 4
1008 334 1092 385 De
1141 332 1309 385 Gallia
1344 334 1696 385 Romanorum
1747 332 2020 398 provincia.

361 511 575 589 partes
613 500 826 566 divisa
868 500 968 577 sit,
1012 523 1176 585 quae
1218 500 1412 566 fuerit
1458 509 1783 566 rectorum
1821 498 2007 574 rati0,
2053 493 2413 578 similiaque
2457 492 2682 568 multa,

364 632 529 695 quae
576 610 661 674 ad
709 632 1025 674 summam
1062 608 1527 694 rempublicam
1579 607 1900 694 pertinent
1914 653 1931 683 ,
1981 626 2110 669 non
2153 624 2360 689 pauca
2395 600 2684 686 reperias

364 740 403 782 a
442 718 620 781 nullo
655 740 797 781 esse
836 716 1147 802 exposita,
1191 717 1437 801 reliqua
1480 715 1560 781 ab
1606 716 1745 780 aliis
1792 714 1959 779 tradi
2003 713 2207 787 aliter,
2246 712 2331 774 ut'
2362 708 2475 794 qui
2506 709 2686 773 viro-

364 850 510 891 rum
568 825 905 890 doctorum
954 825 1167 889 studia
1223 824 1408 908 quasi
1468 824 1772 909 colligant
1828 844 2037 907 neque
2089 819 2215 905 ipsi
2267 840 2469 883 novas
2532 839 2689 881 con-

364 935 644 1000 iecturas
696 933 1079 1019 excogitant,
1123 932 1282 997 nihil
1323 953 1441 996 nos
1482 932 1645 996 scire
1672 930 2058 1014 incertisque
2085 926 2460 1013 opinionum
2501 924 2692 1010 quasi

365 1041 671 1108 fluctibus
727 1041 956 1126 agitari
1006 1042 1344 1107 fateantur.
1430 1038 1668 1121 ⁴Quare
1719 1062 1866 1105 cum
1914 1060 2123 1123 nuper
2174 1036 2256 1101 de
2311 1032 2694 1120 provinciali

366 1150 618 1237 imperii
660 1149 932 1215 Romani
984 1149 1227 1214 ratione
1281 1171 1476 1235 agere
1522 1148 1878 1233 coepissem
1933 1168 2008 1211 ac
2053 1142 2305 1231 Syriam
2363 1152 2426 1206 et
2464 1141 2694 1207 Mace-

367 1259 662 1334 doniam,
723 1280 886 1342 quae
932 1257 1245 1323 maximae
1304 1267 1455 1322 sunt
1511 1256 1969 1323 transmarinae
2008 1251 2411 1341 provinciae,
2466 1250 2696 1337 quales

366 1369 570 1434 fuisse
605 1367 977 1432 viderentur
1010 1366 1475 1453 exposuissem,
1521 1364 1638 1430 ubi
1677 1366 1762 1429 ad
1796 1363 2198 1429 occidentem
2244 1384 2345 1426 me
2385 1360 2698 1436 converti,

369 1475 649 1543 Galliam
701 1475 1012 1560 imprimis
1075 1474 1474 1540 tractandam
1525 1495 1667 1539 esse
1731 1472 1962 1547 statui,
2029 1472 2270 1558 quippe
2324 1471 2395 1534 in
2452 1492 2582 1554 qua
2633 1477 2702 1535 et

370 1585 715 1650 maximam
759 1582 1114 1667 quaerendi
1170 1582 1500 1647 materiem
1553 1581 1830 1666 relinqui
1887 1591 1951 1645 et
1998 1581 2254 1665 insigne
2295 1588 2700 1643 momentum

371 1694 455 1759 ad
486 1692 857 1757 universam
881 1690 1344 1776 rempublicam
1389 1690 1905 1775 cognoscendam
1938 1689 2213 1775 proponi
2244 1687 2702 1773 intelligerem.

366 1800 429 1865 N
432 1823 507 1865 ec
547 1822 699 1865 vero
739 1800 829 1863 ita
876 1798 1034 1863 mihi
1079 1799 1161 1864 ab
1203 1799 1385 1865 initio
1430 1799 1644 1877 omnia
1687 1798 2068 1884 explicanda
2119 1820 2261 1863 esse
2308 1796 2569 1883 putavi,
2625 1806 2707 1861 ut

367 1909 538 1975 bella
554 1909 716 1994 ipsa,
744 1906 981 1991 quibus
1014 1917 1319 1992 temptata
1347 1908 1645 1993 primum,
1673 1918 1811 1972 tum
1846 1907 2206 1993 perdomita
2226 1916 2324 1971 est
2347 1904 2704 1992 provincia,

370 2038 760 2083 enarrarem:
829 2016 898 2078 in
953 2037 1082 2098 quo
1144 2026 1524 2101 argumento
1577 2016 1699 2080 etsi
1745 2026 1896 2080 sunt
1951 2016 2152 2080 multa
2197 2024 2260 2081 et
2303 2036 2542 2101 magna
2577 2038 2707 2081 nec

365 2125 789 2199 infructuosa,
834 2122 1049 2186 minus
1092 2132 1303 2187 tamen
1348 2145 1423 2188 ea
1463 2123 1548 2186 ad
1585 2123 2046 2208 provincialem
2089 2123 2418 2201 rationem,
2461 2124 2531 2187 in
2570 2147 2708 2209 qua

367 2233 489 2297 hoc
523 2231 787 2317 quidem
832 2242 1119 2316 tempore
1164 2230 1409 2295 versari
1456 2232 1930 2309 constituimus,
1972 2232 2362 2297 referuntur.
2429 2232 2705 2298 Initium

366 2342 571 2428 igitur
605 2339 1056 2426 disputationis
1103 2349 1361 2405 nostrae
1416 2340 1500 2406 ab
1558 2364 1635 2407 eo
1678 2352 1964 2428 tempore
2009 2340 2317 2417 ducetur,
2374 2363 2505 2426 quo
2545 2364 2706 2429 pro-

368 2450 600 2527 vincia,
640 2471 806 2534 quae
844 2449 1103 2534 proprie
1148 2447 1407 2526 dicitur,
1447 2451 1796 2516 constituta
1825 2460 1952 2515 est:
2001 2450 2215 2515 exitus
2259 2450 2381 2514 erit
2418 2452 2706 2538 impera-

368 2569 470 2622 tor
507 2558 984 2643 Vespasianus,
1051 2556 1133 2621 ad
1186 2579 1380 2641 quem
1441 2558 1721 2624 eundem
1778 2559 1846 2623 in
1888 2555 2118 2644 Syriae
2163 2569 2226 2624 et
2271 2558 2706 2627 Macedoniae

368 2666 637 2732 historia
674 2664 1057 2750 exponenda
1101 2664 1579 2731 descendimus.

540 2774 693 2860 Ipso
739 2784 954 2839 autem
995 2773 1366 2859 provinciae
1393 2775 1652 2840 nomine
1676 2774 1951 2840 Romani
1980 2784 2254 2839 utuntur
2283 2776 2460 2841 varie
2493 2799 2708 2861 eoque

371 2883 632 2949 tandem
666 2884 1086 2959 devenerunt,
1134 2892 1208 2947 ut
1251 2883 1532 2967 quodvis
1576 2883 1912 2969 negotium
1956 2882 2061 2947 vel
2105 2883 2366 2969 publice
2415 2884 2522 2950 vel
2568 2885 2708 2971 pri-

373 2990 573 3057 vatim
611 2991 987 3076 impositum
1030 2990 1427 3076 provinciam
1474 2992 1869 3078 appellarent
1883 3040 1900 3070 ,
1952 3016 1990 3057 a
2031 3014 2160 3077 qua
2203 2992 2706 3078 significatione,

369 3121 535 3183 quae
577 3097 752 3185 apud
792 3099 1065 3183 optimos
1094 3098 1461 3163 Latinitatis
1507 3112 1804 3165 auctores
1847 3100 2186 3185 reperitur,
2233 3101 2288 3166 si
2329 3102 2704 3168 recedimus

370 3206 439 3269 in
475 3229 711 3293 eaque,
760 3228 924 3290 quae
966 3205 1052 3270 ad
1090 3206 1494 3291 propositum
1537 3219 1833 3273 nostrum
1874 3198 2143 3295 propius
2187 3210 2499 3296 pertinet,
2541 3234 2706 3279 con-

372 3313 681 3391 sistimus,
723 3313 1064 3399 dupliciter
1094 3315 1492 3399 provinciam
1523 3316 1652 3382 dici
1676 3316 2060 3382 invenimus.
2113 3318 2376 3383 Etenim
2414 3319 2707 3407 primum

370 3419 679 3505 quicquid
725 3431 905 3486 extra
946 3422 1197 3487 Italiam
1234 3423 1502 3510 imperio
1541 3425 1767 3511 populi
1808 3426 2083 3491 Romani
2126 3437 2338 3512 paret,
2397 3431 2700 3514 quamvis

369 3548 643 3612 parvum
703 3528 819 3607 sit,
890 3530 1225 3616 provincia
1287 3541 1589 3610 vocatur,
1661 3533 1840 3597 velut
1895 3533 2201 3612 Graecia,
2269 3536 2424 3620 quia
2470 3540 2702 3624 populi

367 3634 643 3701 Romani
683 3646 837 3714 erat,
880 3639 1175 3723 quamvis
1199 3638 1623 3706 Macedoniae
1662 3642 1980 3727 quaedam
2013 3644 2444 3729 appendicula
2475 3647 2697 3726 fuerit,

368 3754 541 3809 recte
581 3744 835 3809 dicetur
871 3747 1234 3831 provincia,
1292 3749 1447 3813 item
1508 3750 1802 3817 dicentur
1845 3752 2140 3839 singulae
2200 3752 2339 3817 eius
2376 3754 2697 3836 civitates,

369 3875 531 3937 quas
571 3854 830 3939 proprie
877 3855 944 3918 in
984 3855 1315 3940 provincia
1353 3858 1572 3941 potius
1614 3882 1758 3927 esse
1804 3861 2264 3926 existimemus.
2347 3862 2533 3930 Haec
2577 3888 2696 3931 vo-

370 3958 584 4026 cabuli
637 3970 926 4046 potestas
978 3960 1060 4027 ab
1111 3963 1233 4029 hac
1290 3963 1756 4049 disputatione,
1827 3991 1958 4053 qua
1996 3968 2250 4036 Gallica
2285 3971 2457 4037 bella
2492 3974 2693 4060 origi-

368 4090 642 4153 nemque
694 4068 947 4154 imperii
988 4069 1261 4137 Romani
1299 4074 1804 4158 praetermittere
1859 4078 2230 4157 statuimus,
2290 4079 2498 4146 aliena
2537 4083 2694 4149 erit:

366 4174 543 4241 illam
581 4198 944 4261 sequemur,
984 4201 1113 4263 qua
1137 4180 1249 4265 qui
1270 4182 1497 4267 populi
1535 4183 1604 4247 in
1641 4208 1845 4251 unum
1871 4188 2056 4272 quasi
2097 4209 2332 4273 corpus
2358 4189 2695 4273 quoddam

370 4283 694 4349 coniuncti
739 4285 875 4350 suis
920 4308 996 4352 ac
1021 4288 1455 4371 peculiaribus
1485 4294 2010 4379 propraetoribus
2054 4296 2158 4362 vel
2186 4299 2692 4383 proconsulibus

370 4389 893 4478 obtemperarunt
910 4441 929 4471 ,
978 4397 1378 4481 provinciam
1423 4400 1679 4467 efficere
1725 4402 2046 4471 dicuntur.
2132 4404 2318 4471 Haec
2355 4408 2693 4492 provincia
