2917 5017
471 322 597 389 290
1073 326 1156 375 De
1190 326 1394 389 legibus
1433 325 1821 389 municipalibus
1860 325 2170 390 Hispanicis.

469 487 786 554 vocabulo
840 487 1076 552 Festus
1135 510 1186 551 s.
1233 509 1295 550 v.
1345 486 1553 550 utitur
1606 486 1676 548 in
1726 484 2096 550 definitione
2158 488 2548 573 municipii),
2612 486 2769 569 quod

469 618 652 659 suam
694 594 1148 680 rempublicam
1191 593 1484 669 habebat,
1528 594 1906 657 universum
1953 594 2209 659 civitate
2252 590 2545 661 Romana
2585 596 2769 659 dona-

468 713 590 768 tur.
675 703 785 766 Ad
843 703 966 768 hoc
1015 703 1250 767 deinde
1303 702 1430 767 alia
1476 702 1806 765 hominum
1866 723 2103 786 genera
2156 716 2432 787 possunt
2476 704 2769 768 accedere

467 810 723 876 civitate
767 812 1069 887 carentia,
1113 832 1278 894 quae
1331 833 1477 874 cum
1529 810 1741 894 priore
1792 810 1903 873 illo
1942 810 2009 874 in
2052 821 2288 875 certam
2330 812 2617 895 aliquam
2660 812 2772 873 rei-

467 916 763 1001 publicae
805 902 1320 983 communionem
1363 917 1653 991 veniunt,
1711 926 1784 979 ut
1825 918 1929 981 vel
1965 929 2275 1003 regantur
2312 931 2565 983 tantum
2612 919 2773 981 illinc

467 1026 571 1089 vel
608 1026 754 1111 ipsa
795 1027 1070 1111 aliquam
1115 1027 1396 1091 civitatis
1423 1036 1668 1110 partem
1708 1025 2083 1089 sustineant.
2152 1024 2399 1091 Contra
2438 1028 2507 1089 in
2535 1026 2775 1089 Latinis

465 1133 722 1217 oppidis
783 1134 958 1217 quod
1017 1157 1225 1219 genus
1277 1132 1609 1197 hominum
1654 1131 2118 1218 rempublicam
2164 1133 2413 1209 condit,
2466 1133 2641 1197 Latii
2686 1134 2774 1196 ius

463 1240 688 1305 habet:
749 1242 852 1305 cui
895 1242 1000 1306 vel
1045 1239 1126 1305 ab
1175 1242 1318 1327 ipsa
1361 1242 1609 1325 origine
1660 1240 1983 1325 principes
2027 1241 2292 1325 quidam
2350 1243 2615 1305 civitate
2658 1242 2774 1304 Ro·

465 1371 654 1413 mana
691 1350 896 1414 ornati
935 1350 1328 1425 inseruntur,
1369 1349 1475 1414 vel
1520 1358 1689 1413 certe
1732 1349 2039 1433 paulatim
2082 1350 2437 1415 honoribus
2478 1349 2773 1435 gerendis

463 1456 652 1538 quasi
696 1456 1139 1533 innascuntur,
1185 1479 1388 1541 eoque
1421 1458 1664 1541 plures,
1708 1478 1839 1539 quo
1883 1458 2101 1542 plures
2144 1481 2224 1521 ex
2262 1458 2542 1543 plebeiis
2582 1458 2772 1521 homi·

462 1562 658 1627 nibus
681 1564 763 1627 ad
791 1565 1202 1649 magistratus
1225 1565 1669 1629 admittuntur.
1708 1564 1809 1629 Ita
1836 1566 1927 1641 fit,
1947 1578 2019 1629 ut
2053 1560 2164 1650 qui
2198 1567 2438 1653 oppida
2463 1566 2703 1629 Latina
2724 1580 2775 1629 et

463 1671 720 1737 civitate
747 1673 1036 1738 Romana
1061 1673 1354 1758 praedita
1391 1674 1719 1738 intueatur
1752 1696 1883 1736 non
1910 1674 2255 1750 nascentia,
2304 1675 2421 1739 sed
2460 1688 2778 1759 tamquam

463 1778 683 1843 adulta
733 1791 924 1864 atque
972 1793 1180 1858 aucta,
1224 1805 1300 1846 ea
1353 1782 1465 1846 vix
1513 1782 1727 1867 possit
1772 1780 2161 1846 discernere.
2252 1782 2511 1847 Etenim
2558 1795 2621 1847 et
2664 1784 2780 1859 illa,

463 1886 620 1951 dum
662 1888 886 1953 civitas
936 1901 1350 1975 propagatur,
1395 1902 1460 1955 et
1503 1890 1663 1955 haec
1705 1890 1863 1953 dum
1903 1889 2124 1955 Latini
2169 1890 2605 1967 asciscuntur,
2660 1892 2781 1954 duo

460 1994 790 2059 hominum
837 2019 1073 2081 genera
1095 1997 1356 2073 habent,
1387 2020 1663 2082 quorum
1693 2008 1911 2062 utrum
1937 1998 2019 2061 sit
2039 1998 2287 2083 origine
2312 2000 2645 2085 superius,
2668 1999 2781 2061 nisi

459 2124 543 2167 ex
584 2104 861 2179 nomine,
902 2106 1208 2189 cognosci
1243 2128 1372 2169 non
1411 2116 1643 2191 potest.
1730 2106 1987 2171 Etenim
2038 2129 2117 2171 ne
2164 2107 2327 2170 illud
2372 2107 2647 2190 quidem
2692 2131 2781 2171 sa-

460 2211 543 2274 tis
602 2211 859 2275 videtur
917 2234 1060 2277 esse
1111 2224 1376 2290 certum,
1427 2213 1604 2298 quod
1658 2215 1931 2279 fortasse
1986 2214 2217 2297 aliquis
2274 2216 2633 2290 existimet,
2680 2215 2779 2279 ubi

461 2318 638 2383 cives
680 2319 953 2383 Romani
995 2342 1264 2384 numero
1319 2321 1683 2406 superiores
1726 2322 1985 2398 fuerint,
2037 2321 2131 2386 ibi
2184 2322 2639 2407 municipium,
2680 2324 2781 2387 ubi

456 2426 694 2503 Latini,
736 2428 827 2493 ibi
855 2429 1176 2494 civitatem
1203 2428 1503 2493 Latinam
1536 2429 1762 2493 fuisse.
1803 2428 1985 2509 Quid
2018 2431 2236 2495 enim?
2272 2432 2351 2495 In
2380 2430 2623 2495 Latina
2645 2432 2781 2515 qui-

461 2534 607 2598 dem
656 2535 912 2599 civitate
942 2536 1130 2601 facile
1164 2536 1358 2600 credo
1383 2537 1765 2621 plerumque
1797 2537 2175 2603 Latinorum
2206 2562 2555 2603 numerum
2584 2540 2781 2603 fuisse

459 2642 788 2717 maiorem,
831 2654 1168 2727 propterea
1207 2644 1384 2727 quod
1424 2644 1661 2730 plebeii
1710 2644 2001 2709 homines
2038 2670 2183 2711 raro
2224 2647 2307 2711 ad
2350 2647 2635 2711 honores
2676 2648 2780 2711 ad-

460 2748 874 2814 mittebantur
916 2774 1036 2815 nec
1087 2753 1284 2816 multo
1332 2754 1611 2837 saepius,
1658 2754 1903 2838 opinor,
1951 2777 2146 2839 quam
2172 2756 2416 2819 Romae
2461 2757 2531 2819 in
2572 2770 2779 2821 vetere

459 2856 790 2942 republica
833 2860 985 2923 novi
1029 2859 1320 2925 homines
1362 2860 1679 2925 honorum
1722 2862 2037 2947 imagines
2078 2862 2604 2947 nobilitatemque
2635 2888 2779 2928 con-

461 2966 666 3029 secuti
707 2977 887 3031 sunt:
931 2977 997 3031 at
1040 2968 1535 3053 municipiorum
1578 2970 1995 3054 reipublicae,
2038 2972 2351 3057 imprimis
2394 2996 2779 3057 magnorum

459 3083 650 3158 atque
693 3074 1045 3157 antiquitus
1087 3074 1416 3151 nobilium,
1463 3099 1675 3141 nonne
1719 3078 1858 3142 fieri
1884 3090 2149 3163 poterat,
2180 3091 2255 3145 ut
2286 3081 2529 3147 multae
2558 3094 2779 3167 gentes

459 3181 892 3267 oppidulaque
925 3182 1469 3249 attribuerentur?
1533 3183 1833 3266 Quorum
1858 3187 2067 3251 omnis
2102 3188 2449 3252 multitudo
2477 3192 2779 3273 quoniam

461 3285 716 3351 carebat
741 3288 996 3352 civitate
1023 3288 1330 3366 Romana,
1359 3292 1619 3357 vincere
1647 3304 1939 3377 poterant
1960 3318 2229 3359 numero
2255 3296 2495 3361 Latini.
2543 3296 2777 3378 Quare,

461 3394 710 3458 etiamsi
750 3394 1041 3461 Malacae
1095 3396 1573 3484 Salpensaeque
1634 3400 1941 3467 maiorem
1985 3414 2231 3487 partem
2272 3404 2609 3469 hominum
2656 3407 2778 3469 La-

459 3502 706 3567 tinitate
751 3512 998 3569 tantum
1058 3507 1412 3590 praeditam
1455 3508 1660 3573 fuisse
1708 3532 1790 3573 ex
1830 3508 1933 3575 his
1971 3509 2207 3575 tabulis
2249 3513 2777 3599 intelligeremus,

458 3610 528 3673 id
570 3611 745 3695 quod
787 3613 964 3677 nullo
1005 3615 1198 3679 modo
1239 3616 1681 3699 intelligimus,
1717 3640 2125 3702 nequaquam
2156 3631 2367 3685 tamen
2394 3622 2777 3699 efficeretur,

457 3720 662 3785 fuisse
723 3744 798 3785 ea
855 3720 1092 3785 Latina
1149 3722 1404 3807 oppida.
1501 3723 1697 3788 Velut
1750 3725 2335 3804 NemausensibuS,
2392 3730 2477 3794 de
2540 3732 2777 3815 quibus

461 3850 658 3913 supra
702 3828 948 3893 dictum
1009 3842 1126 3905 est,
1181 3852 1326 3895 cum
1379 3831 1460 3896 ab
1507 3832 1843 3897 Hadriano
1898 3836 2220 3903 civitatem
2267 3839 2623 3906 Romanam
2674 3862 2779 3903 co-

458 3935 794 4020 loniaeque
835 3936 940 3999 ius
981 3937 1413 4022 impetrarent,
1459 3961 1587 4003 non
1618 3941 1915 4027 adempta
1956 3966 2099 4010 esse
2127 3956 2285 4031 puto
2325 3947 2559 4030 viginti
2594 3960 2778 4032 quat-

459 4053 606 4107 tuor
649 4044 904 4129 oppida,
947 4067 1112 4129 quae
1137 4047 1487 4132 Augustus
1528 4049 1980 4127 contribuerat,
2020 4074 2141 4117 nec
2172 4034 2399 4139 gentes
2429 4056 2776 4141 InalpinaS,

459 4174 620 4236 quas
669 4150 882 4215 Galba
917 4152 998 4217 iis
1037 4153 1427 4220 subiecerat:
1474 4178 1639 4241 quae
1672 4158 1923 4223 iactura
1962 4160 2015 4225 si
2054 4161 2351 4226 facienda
2388 4174 2583 4240 esset,
2620 4164 2775 4228 civi-

458 4270 555 4324 tas
595 4258 739 4344 ipsa
777 4258 1069 4325 Romana
1113 4263 1223 4327 vix
1264 4286 1381 4348 pro
1420 4266 1705 4350 praemio
1744 4266 1968 4333 haberi
2016 4280 2295 4353 poterat:
2354 4271 2471 4335 sed
2516 4272 2629 4337 illa
2666 4294 2771 4335 ve·

456 4376 594 4429 tera
638 4367 892 4451 oppida,
936 4391 1100 4453 quae
1146 4372 1372 4437 eodem
1428 4384 1714 4459 tempore
1758 4374 2107 4441 Latinitate
2152 4378 2387 4441 donata
2430 4403 2577 4445 esse
2625 4403 2768 4466 pro·

2877 1244 2879 1247 ,
2877 1226 2878 1231 Α
2870 913 2881 1171 ᾼ-
2873 739 2882 839 ι..--
