2917 5017
638 341 719 388 De
753 339 928 390 Gallia
961 339 1313 388 Romanorum
1349 339 1613 402 provincia
1648 339 1921 402 appendix.
2318 335 2437 402 169

160 510 286 572 dato
321 506 787 590 quaestionem,
825 505 893 567 in
935 525 1064 585 qua
1103 501 1196 566 sic
1235 501 1679 566 ratiocinatur:
1737 501 2028 588 Pompeii
2070 505 2433 589 imperium,
2508 513 2513 528 '

159 616 305 701 quod
341 611 648 678 Crassum
691 612 1000 697 collegam
1043 611 1182 674 eius
1219 632 1438 676 mense
1477 609 1827 676 Novembri
1866 613 2017 676 anni
2052 613 2133 677 55
2176 612 2243 675 in
2284 633 2435 696 pro-

159 723 398 788 vinciam
436 723 650 788 exisse
695 731 962 796 constet,
1009 729 1308 803 coeptum
1351 741 1495 783 esse
1540 731 1685 783 ante
1730 719 1869 785 Cal.
1908 721 2101 784 Mart.
2146 721 2296 783 anni
2332 720 2434 796 54,

157 833 304 896 unde
355 831 624 896 alterum
670 827 969 894 Caesaris
1022 827 1533 911 quinquennium
1593 827 1889 904 deducit,
1955 828 2105 903 sed,
2170 839 2242 891 ut
2294 829 2435 894 eius

153 941 404 1026 potentia
451 937 708 1004 Caesari
769 946 1265 1019 exaequaretur,
1329 918 1499 999 ultra
1552 936 1835 1019 quinque
1884 957 2084 1000 annos
2132 936 2435 1022 vulgares

152 1049 221 1113 ad
259 1048 506 1112 easdem
553 1044 692 1111 Cal.
735 1045 926 1109 Mart.
971 1044 1119 1108 anni
1163 1043 1276 1119 40,
1327 1043 1565 1127 quibus
1606 1041 1848 1108 Caesar
1892 1053 2242 1120 coercetur,
2290 1067 2433 1108 esse

151 1167 563 1241 propaga-tum.
635 1153 1166 1237 Quinquennium
1203 1162 1417 1216 autem
1455 1151 1702 1216 etiamsi
1739 1151 1897 1236 quid
1940 1163 2119 1216 extra
2151 1152 2435 1237 quinque

151 1286 323 1328 annos
365 1263 660 1338 accedat,
715 1272 926 1326 tamen
969 1259 1275 1346 appellari
1317 1260 1422 1324 III
1466 1261 1750 1323 virorum
1790 1260 1947 1344 reip.
1986 1271 2187 1326 const..
2220 1283 2437 1325 exem-

151 1372 264 1456 plo,
325 1372 498 1454 quod
553 1393 668 1435 nos
709 1370 778 1433 in
823 1367 1460 1434 commentationibus
1510 1367 1941 1454 epigraphicis
1987 1368 2133 1433 Vol.
2176 1369 2210 1434 I
2255 1391 2318 1454 p.
2356 1369 2437 1433 24

151 1477 568 1565 exposuimus,
631 1477 929 1542 ostendit.
1031 1474 1276 1542 Contra
1330 1472 1490 1540 haec
1542 1477 1743 1540 multa
1784 1476 2097 1562 disputari
2143 1487 2437 1563 possunt,

155 1587 245 1651 sed
287 1587 446 1650 duas
491 1609 594 1650 res
640 1587 866 1650 afferre
908 1584 1062 1650 satis
1107 1586 1246 1650 erit.
1314 1584 1603 1647 Primum
1642 1583 1773 1647 Dio
1799 1583 2153 1660 XXXIX,
2190 1585 2269 1650 36
2307 1607 2438 1649 uno

158 1695 236 1757 die
273 1704 332 1758 et
369 1717 410 1758 a
453 1691 533 1758 C.
565 1693 886 1759 Trebonio
927 1693 1008 1756 de
1035 1692 1329 1778 Pompeii
1361 1689 1713 1775 Crassique
1750 1692 2041 1778 imperi0,
2087 1703 2149 1756 et
2180 1717 2219 1757 a
2245 1693 2439 1757 Pom-

157 1803 264 1886 peio
317 1799 688 1886 Crassoque
753 1801 834 1866 de
897 1799 1196 1866 Caesaris
1265 1801 1465 1865 altero
1530 1800 1968 1884 quinquennio
2027 1801 2230 1864 latum
2294 1823 2439 1865 esse

153 1911 369 1987 scribit,
431 1910 670 1974 deinde
714 1909 1026 1994 Pompeio
1083 1933 1161 1973 ex
1225 1909 1563 1972 consulatu
1622 1909 1809 1972 tertio
1866 1921 2284 1994 prorogatum
2342 1920 2441 1974 est

147 2018 452 2104 imperium
499 2042 620 2082 nec
663 2018 914 2094 mirum,
961 2019 1015 2082 si
1059 2018 1128 2080 id
1173 2017 1376 2083 multo
1411 2017 1672 2102 longius
1714 2038 1908 2100 quam
1948 2015 2248 2083 Caesaris
2293 2039 2439 2103 per-

148 2127 376 2194 tinebat.
467 2128 570 2192 Ita
613 2137 744 2191 tota
779 2126 938 2192 haec
977 2125 1265 2209 quaestio
1303 2125 1428 2188 alia
1465 2124 1559 2188 fit.

284 2237 592 2300 Diximus
637 2236 718 2299 de
761 2257 902 2298 uno·
934 2234 1352 2299 fundamento
1397 2232 1851 2316 disputationis
1898 2233 2438 2311 Hofmannianae,

66 2351 69 2390 5
141 2345 288 2427 quod
328 2368 482 2410 cum
520 2343 960 2418 everterimus,
1001 2364 1084 2405 ne
1120 2365 1284 2425 quae
1331 2350 1815 2424 consequuntur
1850 2342 2133 2425 quidem,
2179 2342 2439 2427 probari

66 2489 68 2496 ·
141 2464 429 2536 poterunt.
512 2450 649 2518 Sed
691 2450 1102 2536 persequitur
1141 2450 1250 2514 ille
1285 2451 1501 2516 omnia
1527 2451 1718 2515 etiam
1752 2448 2009 2512 minima
2045 2449 2438 2536 singillatim,

139 2559 424 2645 incipiens
485 2583 526 2624 a
576 2559 867 2644 Pompeii
923 2537 1260 2624 consulatu
1319 2559 1508 2623 tertio
1560 2559 1601 2622 i.
1655 2581 1709 2622 e.
1765 2579 1931 2622 anno
1988 2557 2102 2633 52,
2172 2558 2253 2622 de
2308 2581 2439 2642 quo

143 2667 273 2730 dum
311 2667 625 2754 disputat,
670 2667 982 2752 imprimis
1024 2667 1234 2752 legem
1273 2667 1448 2732 illam
1494 2667 1718 2732 decem
1760 2665 2163 2730 tribunorum
2207 2665 2439 2752 plebis,

140 2797 244 2858 qua
293 2777 434 2860 ipso
495 2775 808 2860 Pompeio
862 2775 1208 2840 adiuvante
1265 2771 1532 2839 Caesari
1590 2775 1811 2840 datum
1869 2787 2000 2850 est,
2062 2785 2136 2838 ut
2192 2774 2439 2840 absenti

66 2922 67 2929 κ
144 2885 524 2948 consulatum
566 2893 783 2968 petere
825 2882 1066 2959 liceret,
1113 2883 1410 2946 illustrat.
1497 2882 1909 2968 Quamquam
1952 2883 2181 2948 vellem
2225 2884 2439 2948 hercle

143 2990 326 3054 denuo
359 2991 664 3076 pluribus
705 2990 864 3075 quid
893 2991 960 3054 in
991 3012 1066 3055 ea
1093 2991 1296 3056 fuisse
1329 3002 1640 3067 censeret,
1680 2990 2118 3076 exposuisset:
2166 2993 2438 3056 fortasse

66 3125 67 3146 ;
140 3097 204 3160 ad
248 3099 563 3164 veriorem
625 3099 1002 3163 sententiam
1057 3110 1227 3163 esset
1283 3098 1627 3163 deductus.
1722 3098 1913 3163 Nunc
1957 3109 2295 3162 contentus
2340 3109 2439 3163 est

140 3205 202 3270 iis
245 3228 402 3290 quae
451 3207 536 3270 de
585 3204 852 3271 Sueton.
897 3204 1086 3272 Caes.
1135 3230 1188 3272 c.
1228 3207 1310 3272 26
1356 3206 1555 3283 dixit,
1612 3228 1775 3290 quae
1820 3209 2032 3272 minus
2078 3205 2295 3271 subtili
2338 3206 2439 3270 in-

68 3357 69 3364 1
141 3317 568 3400 tet-pretatione
611 3326 748 3380 orta
789 3338 932 3380 esse
972 3336 1169 3401 supra
1210 3337 1273 3401 p.
1323 3316 1440 3379 152
1488 3314 1861 3410 docuimus,
1912 3315 2245 3400 creditque
2288 3315 2439 3378 anni

69 3469 71 3515 ;
141 3421 203 3485 50
239 3424 690 3525 consularibus
735 3424 1008 3488 comitiis
1049 3424 1107 3489 ei
1145 3423 1394 3489 absenti
1425 3424 1800 3510 petitionem
1828 3424 2045 3488 datam
2070 3445 2233 3488 esse.
2304 3421 2439 3487 Sed

67 3543 69 3566 ³
140 3543 326 3596 contra
390 3532 562 3597 hanc
619 3555 813 3616 quam
869 3543 1054 3616 putat
1113 3532 1323 3616 legem
1384 3529 1764 3617 Pompeium
1826 3531 1917 3596 ait
1976 3541 2279 3614 quattuor
2334 3553 2439 3596 res

143 3635 424 3704 insidiose
469 3637 776 3724 gessisse.
865 3639 1111 3705 Earum
1152 3640 1360 3725 prima
1402 3640 1469 3703 in
1512 3661 1683 3704 nova
1722 3641 1890 3723 lege,
1936 3661 2130 3724 quam
2172 3640 2253 3703 de
2296 3640 2438 3704 iure

67 3781 69 3822 ξ
141 3748 610 3832 magistratuum
651 3747 816 3823 tulit,
865 3748 1233 3812 collocatur.
1317 3749 1420 3812 De
1459 3770 1589 3831 qua
1622 3747 1771 3834 lege
1808 3748 2134 3825 universa,
2180 3748 2235 3813 si
2274 3769 2438 3833 quae

68 3901 69 3930 ³
141 3873 189 3936 p.
225 3855 299 3920 24
343 3866 410 3921 et
455 3855 538 3920 25
593 3869 777 3931 sunt,
839 3857 1164 3932 conferas,
1222 3855 1434 3920 minus
1492 3869 1666 3922 recte
1720 3857 2127 3922 Hofmannus
2181 3855 2441 3921 videtur

141 3961 432 4040 iudicare3
502 3985 648 4029 nam
706 3983 838 4028 una
893 3964 1364 4050 praescriptum
1423 3987 1567 4030 esse
1620 3977 1837 4050 putat,
1898 3976 1971 4029 ut
2021 3963 2437 4049 magistratus

67 4105 69 4112 ·
143 4069 556 4156 quinquennio
606 4081 756 4156 post
809 4082 1068 4136 exactos
1112 4073 1386 4137 honores
1430 4073 1797 4158 provincias
1840 4072 2249 4149 sortirentur,
2314 4072 2439 4137 alia

147 4187 196 4238 et
233 4179 518 4256 diversa,
575 4202 656 4244 ne
707 4178 1004 4245 absentes
1049 4192 1362 4266 peterent.
1443 4181 1583 4246 Imo
1631 4205 1761 4246 una
1803 4181 2157 4266 'eademque
2200 4182 2307 4245 lex
2354 4182 2437 4246 de

145 4283 260 4350 iure
303 4288 800 4374 magistratuum
854 4289 983 4354 lata
1035 4300 1384 4374 utrumque
1434 4288 1727 4356 habebat.
1811 4288 2249 4356 Veruntamen
2312 4288 2437 4354 hoc

149 4391 330 4460 minus
386 4396 470 4462 ad
535 4395 700 4461 hanc
747 4397 1187 4481 quaestionem
1248 4397 1541 4486 pertinet.
1634 4396 1915 4462 Insidias
1968 4406 2181 4463 autem
2233 4397 2301 4462 in
2358 4419 2435 4464 eo
