<?xml version="1.0" encoding="UTF-8"?>
<!DOCTYPE html PUBLIC "-//W3C//DTD XHTML 1.0 Transitional//EN"
    "http://www.w3.org/TR/xhtml1/DTD/xhtml1-transitional.dtd">
<html xmlns="http://www.w3.org/1999/xhtml" xml:lang="en" lang="en">
 <head>
  <title>
</title>
<meta http-equiv="Content-Type" content="text/html;charset=utf-8" />
  <meta name='ocr-system' content='tesseract 3.04.00' />
  <meta name='ocr-capabilities' content='ocr_page ocr_carea ocr_par ocr_line ocrx_word'/>
</head>
<body>
  <div class='ocr_page' id='page_1' title='image "augustiwilhelmi01unkngoog_0093.png"; bbox 0 0 2917 5017; ppageno 0'>
   <div class='ocr_carea' id='block_1_1' title="bbox 425 317 2080 386">
    <p class='ocr_par' dir='ltr' id='par_1_1' title="bbox 425 317 2080 386">
     <span class='ocr_line' id='line_1_1' title="bbox 425 317 2080 386; baseline -0.006 -12"><span class='ocrx_word' id='word_1_1' title='bbox 425 319 509 386; x_wconf 86' lang='grc'><strong>78</strong></span> <span class='ocrx_word' id='word_1_2' title='bbox 1075 321 1158 372; x_wconf 79' lang='lat' dir='ltr'><strong>De</strong></span> <span class='ocrx_word' id='word_1_3' title='bbox 1195 317 1366 370; x_wconf 81' lang='lat' dir='ltr'><strong>Gallia</strong></span> <span class='ocrx_word' id='word_1_4' title='bbox 1397 319 1751 370; x_wconf 74' lang='lat' dir='ltr'><strong>Romanorum</strong></span> <span class='ocrx_word' id='word_1_5' title='bbox 1800 319 2080 383; x_wconf 74' lang='lat' dir='ltr'><strong>provincia.</strong></span> 
     </span>
    </p>
   </div>
   <div class='ocr_carea' id='block_1_2' title="bbox 424 477 2915 4460">
    <p class='ocr_par' dir='ltr' id='par_1_2' title="bbox 424 477 2915 4460">
     <span class='ocr_line' id='line_1_2' title="bbox 427 477 2749 570; baseline -0.005 -21"><span class='ocrx_word' id='word_1_6' title='bbox 427 483 782 570; x_wconf 75' lang='lat' dir='ltr'><strong>Hispaniae</strong></span> <span class='ocrx_word' id='word_1_7' title='bbox 827 481 1140 548; x_wconf 76' lang='lat' dir='ltr'><strong>citerioris</strong></span> <span class='ocrx_word' id='word_1_8' title='bbox 1169 479 1548 555; x_wconf 77' lang='lat' dir='ltr'><strong>decessisse,</strong></span> <span class='ocrx_word' id='word_1_9' title='bbox 1593 501 1719 543; x_wconf 90' lang='lat' dir='ltr'><strong>non</strong></span> <span class='ocrx_word' id='word_1_10' title='bbox 1766 500 1847 542; x_wconf 87' lang='lat' dir='ltr'><strong>ex</strong></span> <span class='ocrx_word' id='word_1_11' title='bbox 1876 478 2165 554; x_wconf 87' lang='lat' dir='ltr'><strong>vulnere,</strong></span> <span class='ocrx_word' id='word_1_12' title='bbox 2204 477 2319 542; x_wconf 91' lang='lat' dir='ltr'><strong>sed</strong></span> <span class='ocrx_word' id='word_1_13' title='bbox 2365 478 2530 542; x_wconf 85' lang='lat' dir='ltr'><strong>fato:</strong></span> <span class='ocrx_word' id='word_1_14' title='bbox 2576 484 2749 540; x_wconf 88' lang='lat' dir='ltr'><strong>certe</strong></span> 
     </span>
     <span class='ocr_line' id='line_1_3' title="bbox 427 583 2752 674; baseline -0.005 -19"><span class='ocrx_word' id='word_1_15' title='bbox 427 592 774 667; x_wconf 88' lang='lat' dir='ltr'><strong>hominem,</strong></span> <span class='ocrx_word' id='word_1_16' title='bbox 823 590 931 674; x_wconf 92' lang='lat' dir='ltr'><strong>qui</strong></span> <span class='ocrx_word' id='word_1_17' title='bbox 963 590 1236 654; x_wconf 90' lang='lat' dir='ltr'><strong>multum</strong></span> <span class='ocrx_word' id='word_1_18' title='bbox 1265 599 1453 652; x_wconf 84' lang='lat' dir='ltr'><strong>antea</strong></span> <span class='ocrx_word' id='word_1_19' title='bbox 1476 587 1539 650; x_wconf 89' lang='lat' dir='ltr'><strong>in</strong></span> <span class='ocrx_word' id='word_1_20' title='bbox 1585 587 1917 672; x_wconf 82' lang='lat' dir='ltr'><strong>republica</strong></span> <span class='ocrx_word' id='word_1_21' title='bbox 1956 596 2021 649; x_wconf 89' lang='lat' dir='ltr'><strong>et</strong></span> <span class='ocrx_word' id='word_1_22' title='bbox 2054 586 2293 670; x_wconf 86' lang='lat' dir='ltr'><strong>egisset</strong></span> <span class='ocrx_word' id='word_1_23' title='bbox 2320 594 2383 648; x_wconf 88' lang='lat' dir='ltr'><strong>et</strong></span> <span class='ocrx_word' id='word_1_24' title='bbox 2413 583 2752 657; x_wconf 85' lang='lat' dir='ltr'><strong>valuisset,</strong></span> 
     </span>
     <span class='ocr_line' id='line_1_4' title="bbox 424 690 2754 784; baseline -0.005 -21"><span class='ocrx_word' id='word_1_25' title='bbox 424 709 653 784; x_wconf 86' lang='lat' dir='ltr'><strong>postea</strong></span> <span class='ocrx_word' id='word_1_26' title='bbox 701 721 830 762; x_wconf 91' lang='lat' dir='ltr'><strong>non</strong></span> <span class='ocrx_word' id='word_1_27' title='bbox 873 698 1148 783; x_wconf 87' lang='lat' dir='ltr'><strong>amplius</strong></span> <span class='ocrx_word' id='word_1_28' title='bbox 1193 696 1679 760; x_wconf 85' lang='lat' dir='ltr'><strong>commemorari</strong></span> <span class='ocrx_word' id='word_1_29' title='bbox 1728 695 1941 761; x_wconf 76' lang='lat' dir='ltr'><strong>video·</strong></span> <span class='ocrx_word' id='word_1_30' title='bbox 2033 693 2257 778; x_wconf 89' lang='lat' dir='ltr'><strong>Neque</strong></span> <span class='ocrx_word' id='word_1_31' title='bbox 2298 693 2467 756; x_wconf 88' lang='lat' dir='ltr'><strong>enim</strong></span> <span class='ocrx_word' id='word_1_32' title='bbox 2514 690 2754 766; x_wconf 80' lang='lat' dir='ltr'><strong>obstat,</strong></span> 
     </span>
     <span class='ocr_line' id='line_1_5' title="bbox 427 800 2757 890; baseline -0.004 -20"><span class='ocrx_word' id='word_1_33' title='bbox 427 805 602 890; x_wconf 90' lang='lat' dir='ltr'><strong>quod</strong></span> <span class='ocrx_word' id='word_1_34' title='bbox 646 806 974 870; x_wconf 89' lang='lat' dir='ltr'><strong>Asconius</strong></span> <span class='ocrx_word' id='word_1_35' title='bbox 1013 804 1080 868; x_wconf 91' lang='lat' dir='ltr'><strong>in</strong></span> <span class='ocrx_word' id='word_1_36' title='bbox 1129 801 1354 868; x_wconf 86' lang='lat' dir='ltr'><strong>Scaur.</strong></span> <span class='ocrx_word' id='word_1_37' title='bbox 1400 827 1464 888; x_wconf 90' lang='lat' dir='ltr'><strong>p.</strong></span> <span class='ocrx_word' id='word_1_38' title='bbox 1508 802 1588 868; x_wconf 81' lang='lat'><strong>28</strong></span> <span class='ocrx_word' id='word_1_39' title='bbox 1632 803 1733 867; x_wconf 90' lang='lat' dir='ltr'><strong>ed.</strong></span> <span class='ocrx_word' id='word_1_40' title='bbox 1774 800 1975 868; x_wconf 89' lang='lat' dir='ltr'><strong>Orell.</strong></span> <span class='ocrx_word' id='word_1_41' title='bbox 2016 825 2162 867; x_wconf 91' lang='lat' dir='ltr'><strong>eum</strong></span> <span class='ocrx_word' id='word_1_42' title='bbox 2206 801 2271 864; x_wconf 90' lang='lat' dir='ltr'><strong>in</strong></span> <span class='ocrx_word' id='word_1_43' title='bbox 2318 823 2549 864; x_wconf 87' lang='lat' dir='ltr'><strong>novem</strong></span> <span class='ocrx_word' id='word_1_44' title='bbox 2592 821 2757 864; x_wconf 91' lang='lat' dir='ltr'><strong>con-</strong></span> 
     </span>
     <span class='ocr_line' id='line_1_6' title="bbox 429 908 2759 998; baseline -0.005 -18"><span class='ocrx_word' id='word_1_45' title='bbox 429 914 754 980; x_wconf 87' lang='lat' dir='ltr'><strong>sularibus</strong></span> <span class='ocrx_word' id='word_1_46' title='bbox 804 913 1108 988; x_wconf 87' lang='lat' dir='ltr'><strong>nominat,</strong></span> <span class='ocrx_word' id='word_1_47' title='bbox 1145 912 1255 996; x_wconf 92' lang='lat' dir='ltr'><strong>qui</strong></span> <span class='ocrx_word' id='word_1_48' title='bbox 1301 911 1395 976; x_wconf 92' lang='lat' dir='ltr'><strong>M.</strong></span> <span class='ocrx_word' id='word_1_49' title='bbox 1427 911 1745 976; x_wconf 80' lang='lat' dir='ltr'><strong>Scaurum</strong></span> <span class='ocrx_word' id='word_1_50' title='bbox 1792 911 2293 998; x_wconf 87' lang='lat' dir='ltr'><strong>repetundarum</strong></span> <span class='ocrx_word' id='word_1_51' title='bbox 2336 929 2503 971; x_wconf 88' lang='lat' dir='ltr'><strong>anno</strong></span> <span class='ocrx_word' id='word_1_52' title='bbox 2542 908 2625 970; x_wconf 75' lang='lat'><strong>54</strong></span> <span class='ocrx_word' id='word_1_53' title='bbox 2674 929 2759 970; x_wconf 85' lang='lat' dir='ltr'><strong>ex</strong></span> 
     </span>
     <span class='ocr_line' id='line_1_7' title="bbox 433 1015 2758 1100; baseline -0.003 -14"><span class='ocrx_word' id='word_1_54' title='bbox 433 1021 734 1087; x_wconf 82' lang='lat' dir='ltr'><strong>Sardinia</strong></span> <span class='ocrx_word' id='word_1_55' title='bbox 814 1043 993 1086; x_wconf 90' lang='lat' dir='ltr'><strong>reum</strong></span> <span class='ocrx_word' id='word_1_56' title='bbox 1062 1020 1428 1084; x_wconf 83' lang='lat' dir='ltr'><strong>laudatione</strong></span> <span class='ocrx_word' id='word_1_57' title='bbox 1508 1019 1873 1084; x_wconf 88' lang='lat' dir='ltr'><strong>adiuverint</strong></span> <span class='ocrx_word' id='word_1_58' title='bbox 1896 1043 1913 1096; x_wconf 92' lang='lat'>;</span> <span class='ocrx_word' id='word_1_59' title='bbox 1999 1042 2146 1082; x_wconf 85' lang='lat' dir='ltr'><strong>nam</strong></span> <span class='ocrx_word' id='word_1_60' title='bbox 2208 1017 2533 1083; x_wconf 87' lang='lat' dir='ltr'><strong>Asconius</strong></span> <span class='ocrx_word' id='word_1_61' title='bbox 2610 1015 2758 1100; x_wconf 88' lang='lat' dir='ltr'><strong>ipse</strong></span> 
     </span>
     <span class='ocr_line' id='line_1_8' title="bbox 433 1123 2757 1215; baseline -0.003 -21"><span class='ocrx_word' id='word_1_62' title='bbox 433 1151 733 1215; x_wconf 87' lang='lat' dir='ltr'><strong>magnam</strong></span> <span class='ocrx_word' id='word_1_63' title='bbox 780 1152 998 1194; x_wconf 88' lang='lat' dir='ltr'><strong>eorum</strong></span> <span class='ocrx_word' id='word_1_64' title='bbox 1037 1139 1284 1214; x_wconf 86' lang='lat' dir='ltr'><strong>partem</strong></span> <span class='ocrx_word' id='word_1_65' title='bbox 1342 1149 1458 1212; x_wconf 89' lang='lat' dir='ltr'><strong>per</strong></span> <span class='ocrx_word' id='word_1_66' title='bbox 1520 1128 1786 1193; x_wconf 83' lang='lat' dir='ltr'><strong>tabellas</strong></span> <span class='ocrx_word' id='word_1_67' title='bbox 1838 1129 2137 1194; x_wconf 80' lang='lat' dir='ltr'><strong>laudasse</strong></span> <span class='ocrx_word' id='word_1_68' title='bbox 2196 1136 2411 1192; x_wconf 86' lang='lat' dir='ltr'><strong>narrat</strong></span> <span class='ocrx_word' id='word_1_69' title='bbox 2458 1123 2757 1188; x_wconf 85' lang='lat' dir='ltr'><strong>nomina-</strong></span> 
     </span>
     <span class='ocr_line' id='line_1_9' title="bbox 430 1231 2756 1322; baseline -0.002 -22"><span class='ocrx_word' id='word_1_70' title='bbox 430 1238 671 1322; x_wconf 91' lang='lat' dir='ltr'><strong>timque</strong></span> <span class='ocrx_word' id='word_1_71' title='bbox 722 1235 842 1302; x_wconf 89' lang='lat' dir='ltr'><strong>Cn.</strong></span> <span class='ocrx_word' id='word_1_72' title='bbox 884 1237 1300 1322; x_wconf 87' lang='lat' dir='ltr'><strong>Pompeium,</strong></span> <span class='ocrx_word' id='word_1_73' title='bbox 1364 1237 1473 1319; x_wconf 88' lang='lat' dir='ltr'><strong>qui</strong></span> <span class='ocrx_word' id='word_1_74' title='bbox 1529 1237 1915 1322; x_wconf 88' lang='lat' dir='ltr'><strong>proconsule</strong></span> <span class='ocrx_word' id='word_1_75' title='bbox 1960 1246 2161 1312; x_wconf 89' lang='lat' dir='ltr'><strong>esset,</strong></span> <span class='ocrx_word' id='word_1_76' title='bbox 2221 1236 2285 1298; x_wconf 92' lang='lat' dir='ltr'><strong>in</strong></span> <span class='ocrx_word' id='word_1_77' title='bbox 2345 1231 2577 1297; x_wconf 87' lang='lat' dir='ltr'><strong>urbem</strong></span> <span class='ocrx_word' id='word_1_78' title='bbox 2625 1255 2756 1297; x_wconf 90' lang='lat' dir='ltr'><strong>non</strong></span> 
     </span>
     <span class='ocr_line' id='line_1_10' title="bbox 431 1341 2761 1428; baseline -0.004 -16"><span class='ocrx_word' id='word_1_79' title='bbox 431 1346 689 1412; x_wconf 87' lang='lat' dir='ltr'><strong>venisse</strong></span> <span class='ocrx_word' id='word_1_80' title='bbox 743 1345 848 1410; x_wconf 88' lang='lat' dir='ltr'><strong>ait.</strong></span> <span class='ocrx_word' id='word_1_81' title='bbox 954 1345 1057 1410; x_wconf 85' lang='lat' dir='ltr'><strong>Ex</strong></span> <span class='ocrx_word' id='word_1_82' title='bbox 1125 1345 1386 1428; x_wconf 89' lang='lat' dir='ltr'><strong>reliquis</strong></span> <span class='ocrx_word' id='word_1_83' title='bbox 1453 1359 1669 1410; x_wconf 88' lang='lat' dir='ltr'><strong>autem</strong></span> <span class='ocrx_word' id='word_1_84' title='bbox 1724 1367 1929 1408; x_wconf 89' lang='lat' dir='ltr'><strong>unum</strong></span> <span class='ocrx_word' id='word_1_85' title='bbox 1976 1343 2059 1408; x_wconf 92' lang='lat' dir='ltr'><strong>L.</strong></span> <span class='ocrx_word' id='word_1_86' title='bbox 2118 1343 2419 1408; x_wconf 87' lang='lat' dir='ltr'><strong>Pisonem</strong></span> <span class='ocrx_word' id='word_1_87' title='bbox 2482 1341 2761 1404; x_wconf 86' lang='lat' dir='ltr'><strong>fortasse</strong></span> 
     </span>
     <span class='ocr_line' id='line_1_11' title="bbox 431 1447 2762 1538; baseline -0.002 -20"><span class='ocrx_word' id='word_1_88' title='bbox 431 1455 718 1518; x_wconf 90' lang='lat' dir='ltr'><strong>nondum</strong></span> <span class='ocrx_word' id='word_1_89' title='bbox 771 1465 926 1518; x_wconf 88' lang='lat' dir='ltr'><strong>tunc</strong></span> <span class='ocrx_word' id='word_1_90' title='bbox 961 1476 1042 1518; x_wconf 86' lang='lat' dir='ltr'><strong>ex</strong></span> <span class='ocrx_word' id='word_1_91' title='bbox 1083 1452 1419 1538; x_wconf 87' lang='lat' dir='ltr'><strong>provincia</strong></span> <span class='ocrx_word' id='word_1_92' title='bbox 1459 1452 1710 1518; x_wconf 87' lang='lat' dir='ltr'><strong>redisse</strong></span> <span class='ocrx_word' id='word_1_93' title='bbox 1756 1452 2074 1527; x_wconf 86' lang='lat' dir='ltr'><strong>existimo,</strong></span> <span class='ocrx_word' id='word_1_94' title='bbox 2119 1449 2369 1535; x_wconf 89' lang='lat' dir='ltr'><strong>reliqui,</strong></span> <span class='ocrx_word' id='word_1_95' title='bbox 2405 1447 2489 1511; x_wconf 93' lang='lat' dir='ltr'><strong>L.</strong></span> <span class='ocrx_word' id='word_1_96' title='bbox 2518 1449 2762 1514; x_wconf 85' lang='lat' dir='ltr'><strong>Volca-</strong></span> 
     </span>
     <span class='ocr_line' id='line_1_12' title="bbox 431 1557 2765 1650; baseline -0.002 -25"><span class='ocrx_word' id='word_1_97' title='bbox 431 1564 596 1639; x_wconf 87' lang='lat' dir='ltr'><strong>tius,</strong></span> <span class='ocrx_word' id='word_1_98' title='bbox 641 1562 734 1627; x_wconf 92' lang='lat' dir='ltr'><strong>M.</strong></span> <span class='ocrx_word' id='word_1_99' title='bbox 784 1562 1154 1646; x_wconf 88' lang='lat' dir='ltr'><strong>Perpenna‚</strong></span> <span class='ocrx_word' id='word_1_100' title='bbox 1200 1560 1281 1624; x_wconf 89' lang='lat' dir='ltr'><strong>L.</strong></span> <span class='ocrx_word' id='word_1_101' title='bbox 1327 1560 1703 1650; x_wconf 86' lang='lat' dir='ltr'><strong>Philippus,</strong></span> <span class='ocrx_word' id='word_1_102' title='bbox 1760 1560 1855 1624; x_wconf 90' lang='lat' dir='ltr'><strong>M.</strong></span> <span class='ocrx_word' id='word_1_103' title='bbox 1904 1558 2163 1636; x_wconf 86' lang='lat' dir='ltr'><strong>Cicero,</strong></span> <span class='ocrx_word' id='word_1_104' title='bbox 2210 1558 2293 1639; x_wconf 92' lang='lat' dir='ltr'><strong>Q.</strong></span> <span class='ocrx_word' id='word_1_105' title='bbox 2338 1557 2765 1632; x_wconf 84' lang='lat' dir='ltr'><strong>Hortensius,</strong></span> 
     </span>
     <span class='ocr_line' id='line_1_13' title="bbox 433 1665 2911 1756; baseline -0.002 -23"><span class='ocrx_word' id='word_1_106' title='bbox 433 1671 507 1734; x_wconf 91' lang='lat' dir='ltr'><strong>P.</strong></span> <span class='ocrx_word' id='word_1_107' title='bbox 558 1667 875 1734; x_wconf 85' lang='lat' dir='ltr'><strong>Servilius</strong></span> <span class='ocrx_word' id='word_1_108' title='bbox 922 1691 1110 1733; x_wconf 85' lang='lat' dir='ltr'><strong>senes</strong></span> <span class='ocrx_word' id='word_1_109' title='bbox 1150 1679 1328 1732; x_wconf 90' lang='lat' dir='ltr'><strong>erant</strong></span> <span class='ocrx_word' id='word_1_110' title='bbox 1371 1691 1583 1752; x_wconf 88' lang='lat' dir='ltr'><strong>neque</strong></span> <span class='ocrx_word' id='word_1_111' title='bbox 1625 1669 1757 1731; x_wconf 93' lang='lat' dir='ltr'><strong>ullo</strong></span> <span class='ocrx_word' id='word_1_112' title='bbox 1789 1691 2051 1732; x_wconf 92' lang='lat' dir='ltr'><strong>munere</strong></span> <span class='ocrx_word' id='word_1_113' title='bbox 2082 1667 2347 1753; x_wconf 86' lang='lat' dir='ltr'><strong>publico</strong></span> <span class='ocrx_word' id='word_1_114' title='bbox 2392 1665 2768 1751; x_wconf 87' lang='lat' dir='ltr'><strong>fungeban-</strong></span> <span class='ocrx_word' id='word_1_115' title='bbox 2909 1754 2911 1756; x_wconf 12' lang='lat' dir='ltr'>v</span> 
     </span>
     <span class='ocr_line' id='line_1_14' title="bbox 433 1749 2915 1892; baseline -0.001 -50"><span class='ocrx_word' id='word_1_116' title='bbox 433 1788 568 1854; x_wconf 88' lang='lat' dir='ltr'><strong>tur,</strong></span> <span class='ocrx_word' id='word_1_117' title='bbox 625 1789 698 1842; x_wconf 92' lang='lat' dir='ltr'><strong>ut</strong></span> <span class='ocrx_word' id='word_1_118' title='bbox 740 1800 850 1842; x_wconf 91' lang='lat' dir='ltr'><strong>eos</strong></span> <span class='ocrx_word' id='word_1_119' title='bbox 905 1778 988 1841; x_wconf 88' lang='lat' dir='ltr'><strong>ad</strong></span> <span class='ocrx_word' id='word_1_120' title='bbox 1034 1778 1221 1842; x_wconf 89' lang='lat' dir='ltr'><strong>amici</strong></span> <span class='ocrx_word' id='word_1_121' title='bbox 1266 1776 1628 1863; x_wconf 87' lang='lat' dir='ltr'><strong>periculum</strong></span> <span class='ocrx_word' id='word_1_122' title='bbox 1672 1776 2145 1842; x_wconf 87' lang='lat' dir='ltr'><strong>sublevandum</strong></span> <span class='ocrx_word' id='word_1_123' title='bbox 2200 1775 2554 1840; x_wconf 85' lang='lat' dir='ltr'><strong>accurrisse</strong></span> <span class='ocrx_word' id='word_1_124' title='bbox 2600 1797 2769 1861; x_wconf 88' lang='lat' dir='ltr'><strong>pro-</strong></span> <span class='ocrx_word' id='word_1_125' title='bbox 2898 1749 2915 1892; x_wconf 53' lang='grc' dir='ltr'>Ι</span> 
     </span>
     <span class='ocr_line' id='line_1_15' title="bbox 434 1883 2769 1971; baseline -0.003 -20"><span class='ocrx_word' id='word_1_126' title='bbox 434 1886 646 1951; x_wconf 83' lang='lat' dir='ltr'><strong>babile</strong></span> <span class='ocrx_word' id='word_1_127' title='bbox 693 1886 807 1962; x_wconf 89' lang='lat' dir='ltr'><strong>sit,</strong></span> <span class='ocrx_word' id='word_1_128' title='bbox 851 1908 1058 1970; x_wconf 89' lang='lat' dir='ltr'><strong>neque</strong></span> <span class='ocrx_word' id='word_1_129' title='bbox 1101 1907 1334 1971; x_wconf 82' lang='lat' dir='ltr'><strong>magna</strong></span> <span class='ocrx_word' id='word_1_130' title='bbox 1381 1886 1491 1950; x_wconf 89' lang='lat' dir='ltr'><strong>illa</strong></span> <span class='ocrx_word' id='word_1_131' title='bbox 1532 1909 1716 1970; x_wconf 88' lang='lat' dir='ltr'><strong>pars,</strong></span> <span class='ocrx_word' id='word_1_132' title='bbox 1776 1907 1940 1968; x_wconf 86' lang='lat' dir='ltr'><strong>quae</strong></span> <span class='ocrx_word' id='word_1_133' title='bbox 1984 1907 2101 1970; x_wconf 88' lang='lat' dir='ltr'><strong>per</strong></span> <span class='ocrx_word' id='word_1_134' title='bbox 2144 1883 2411 1949; x_wconf 83' lang='lat' dir='ltr'><strong>tabellas</strong></span> <span class='ocrx_word' id='word_1_135' title='bbox 2456 1885 2769 1960; x_wconf 85' lang='lat' dir='ltr'><strong>laudarit,</strong></span> 
     </span>
     <span class='ocr_line' id='line_1_16' title="bbox 432 1934 2907 2078; baseline -0.001 -22"><span class='ocrx_word' id='word_1_136' title='bbox 432 1994 703 2078; x_wconf 87' lang='lat' dir='ltr'><strong>intelligi</strong></span> <span class='ocrx_word' id='word_1_137' title='bbox 745 1995 981 2078; x_wconf 84' lang='lat' dir='ltr'><strong>possit,</strong></span> <span class='ocrx_word' id='word_1_138' title='bbox 1042 1994 1165 2057; x_wconf 90' lang='lat' dir='ltr'><strong>nisi</strong></span> <span class='ocrx_word' id='word_1_139' title='bbox 1211 1992 1294 2075; x_wconf 88' lang='lat' dir='ltr'><strong>Q.</strong></span> <span class='ocrx_word' id='word_1_140' title='bbox 1338 1993 1609 2078; x_wconf 80' lang='lat' dir='ltr'><strong>Nepotis</strong></span> <span class='ocrx_word' id='word_1_141' title='bbox 1663 2003 1965 2077; x_wconf 88' lang='lat' dir='ltr'><strong>putemus</strong></span> <span class='ocrx_word' id='word_1_142' title='bbox 2006 1993 2299 2076; x_wconf 85' lang='lat' dir='ltr'><strong>quamvis</strong></span> <span class='ocrx_word' id='word_1_143' title='bbox 2342 1991 2565 2056; x_wconf 86' lang='lat' dir='ltr'><strong>mortui</strong></span> <span class='ocrx_word' id='word_1_144' title='bbox 2606 1991 2771 2054; x_wconf 84' lang='lat' dir='ltr'><strong>lau·</strong></span> <span class='ocrx_word' id='word_1_145' title='bbox 2896 1934 2907 2076; x_wconf 77' lang='grc' dir='ltr'>Ι</span> 
     </span>
     <span class='ocr_line' id='line_1_17' title="bbox 435 2078 2903 2184; baseline 0 -20"><span class='ocrx_word' id='word_1_146' title='bbox 435 2101 761 2165; x_wconf 75' lang='lat' dir='ltr'><strong>dationem</strong></span> <span class='ocrx_word' id='word_1_147' title='bbox 805 2100 1080 2184; x_wconf 75' lang='lat' dir='ltr'><strong>aliquam</strong></span> <span class='ocrx_word' id='word_1_148' title='bbox 1127 2101 1194 2164; x_wconf 76' lang='lat' dir='ltr'><strong>in</strong></span> <span class='ocrx_word' id='word_1_149' title='bbox 1239 2101 1485 2165; x_wconf 71' lang='lat' dir='ltr'><strong>iudicio</strong></span> <span class='ocrx_word' id='word_1_150' title='bbox 1526 2122 1669 2164; x_wconf 70' lang='lat' dir='ltr'><strong>esse</strong></span> <span class='ocrx_word' id='word_1_151' title='bbox 1718 2098 2091 2164; x_wconf 72' lang='lat' dir='ltr'><strong>adhibitam.</strong></span> <span class='ocrx_word' id='word_1_152' title='bbox 2173 2099 2317 2164; x_wconf 73' lang='lat' dir='ltr'><strong>Nisi</strong></span> <span class='ocrx_word' id='word_1_153' title='bbox 2369 2110 2584 2163; x_wconf 73' lang='lat' dir='ltr'><strong>autem</strong></span> <span class='ocrx_word' id='word_1_154' title='bbox 2622 2098 2767 2164; x_wconf 78' lang='lat' dir='ltr'><strong>Ne-</strong></span> <span class='ocrx_word' id='word_1_155' title='bbox 2896 2078 2903 2096; x_wconf 67' lang='lat'><strong>&#39;‘</strong></span> 
     </span>
     <span class='ocr_line' id='line_1_18' title="bbox 434 2204 2761 2294; baseline -0 -22"><span class='ocrx_word' id='word_1_156' title='bbox 434 2220 646 2294; x_wconf 89' lang='lat' dir='ltr'><strong>potem</strong></span> <span class='ocrx_word' id='word_1_157' title='bbox 697 2209 1058 2274; x_wconf 86' lang='lat' dir='ltr'><strong>decessisse</strong></span> <span class='ocrx_word' id='word_1_158' title='bbox 1099 2218 1477 2285; x_wconf 82' lang='lat' dir='ltr'><strong>statuamus,</strong></span> <span class='ocrx_word' id='word_1_159' title='bbox 1515 2209 1841 2292; x_wconf 87' lang='lat' dir='ltr'><strong>quomodo</strong></span> <span class='ocrx_word' id='word_1_160' title='bbox 1866 2204 1989 2272; x_wconf 89' lang='lat' dir='ltr'><strong>Cn.</strong></span> <span class='ocrx_word' id='word_1_161' title='bbox 2015 2207 2367 2292; x_wconf 86' lang='lat' dir='ltr'><strong>Pompeius</strong></span> <span class='ocrx_word' id='word_1_162' title='bbox 2414 2217 2659 2274; x_wconf 81' lang='lat' dir='ltr'><strong>tantam</strong></span> <span class='ocrx_word' id='word_1_163' title='bbox 2702 2211 2761 2274; x_wconf 89' lang='lat' dir='ltr'><strong>ei</strong></span> 
     </span>
     <span class='ocr_line' id='line_1_19' title="bbox 433 2315 2747 2403; baseline -0.001 -23"><span class='ocrx_word' id='word_1_164' title='bbox 433 2315 734 2380; x_wconf 87' lang='lat' dir='ltr'><strong>iniuriam</strong></span> <span class='ocrx_word' id='word_1_165' title='bbox 780 2315 1072 2401; x_wconf 86' lang='lat' dir='ltr'><strong>infligere</strong></span> <span class='ocrx_word' id='word_1_166' title='bbox 1116 2317 1398 2403; x_wconf 87' lang='lat' dir='ltr'><strong>potuerit</strong></span> <span class='ocrx_word' id='word_1_167' title='bbox 1438 2340 1569 2382; x_wconf 91' lang='lat' dir='ltr'><strong>non</strong></span> <span class='ocrx_word' id='word_1_168' title='bbox 1620 2315 2075 2400; x_wconf 72' lang='lat' dir='ltr'><strong>intelligimuS,</strong></span> <span class='ocrx_word' id='word_1_169' title='bbox 2129 2327 2203 2380; x_wconf 89' lang='lat' dir='ltr'><strong>ut</strong></span> <span class='ocrx_word' id='word_1_170' title='bbox 2257 2317 2651 2403; x_wconf 86' lang='lat' dir='ltr'><strong>provinciam</strong></span> <span class='ocrx_word' id='word_1_171' title='bbox 2688 2317 2747 2380; x_wconf 90' lang='lat' dir='ltr'><strong>ei</strong></span> 
     </span>
     <span class='ocr_line' id='line_1_20' title="bbox 435 2411 2755 2510; baseline 0 -22"><span class='ocrx_word' id='word_1_172' title='bbox 435 2433 659 2488; x_wconf 86' lang='lat' dir='ltr'><strong>contra</strong></span> <span class='ocrx_word' id='word_1_173' title='bbox 695 2425 1232 2489; x_wconf 85' lang='lat' dir='ltr'><strong>consuetudinem</strong></span> <span class='ocrx_word' id='word_1_174' title='bbox 1266 2425 1560 2510; x_wconf 88' lang='lat' dir='ltr'><strong>eriperet.</strong></span> <span class='ocrx_word' id='word_1_175' title='bbox 1620 2424 1926 2490; x_wconf 87' lang='lat' dir='ltr'><strong>Gesserat</strong></span> <span class='ocrx_word' id='word_1_176' title='bbox 1955 2424 2063 2488; x_wconf 91' lang='lat' dir='ltr'><strong>ille</strong></span> <span class='ocrx_word' id='word_1_177' title='bbox 2102 2423 2345 2489; x_wconf 92' lang='lat' dir='ltr'><strong>bellum</strong></span> <span class='ocrx_word' id='word_1_178' title='bbox 2378 2447 2536 2489; x_wconf 85' lang='lat' dir='ltr'><strong>sane</strong></span> <span class='ocrx_word' id='word_1_179' title='bbox 2564 2411 2755 2510; x_wconf 75' lang='lat' dir='ltr'><strong>grave</strong></span> 
     </span>
     <span class='ocr_line' id='line_1_21' title="bbox 437 2531 2763 2616; baseline 0.001 -21"><span class='ocrx_word' id='word_1_180' title='bbox 437 2553 512 2595; x_wconf 87' lang='lat' dir='ltr'><strong>ac</strong></span> <span class='ocrx_word' id='word_1_181' title='bbox 556 2531 986 2616; x_wconf 86' lang='lat' dir='ltr'><strong>periculosum</strong></span> <span class='ocrx_word' id='word_1_182' title='bbox 1033 2555 1181 2596; x_wconf 89' lang='lat' dir='ltr'><strong>cum</strong></span> <span class='ocrx_word' id='word_1_183' title='bbox 1224 2533 1559 2609; x_wconf 85' lang='lat' dir='ltr'><strong>Vaccaeis,</strong></span> <span class='ocrx_word' id='word_1_184' title='bbox 1612 2533 1695 2597; x_wconf 91' lang='lat' dir='ltr'><strong>de</strong></span> <span class='ocrx_word' id='word_1_185' title='bbox 1742 2554 1871 2616; x_wconf 93' lang='lat' dir='ltr'><strong>quo</strong></span> <span class='ocrx_word' id='word_1_186' title='bbox 1914 2542 2129 2598; x_wconf 87' lang='lat' dir='ltr'><strong>narrat</strong></span> <span class='ocrx_word' id='word_1_187' title='bbox 2171 2532 2305 2596; x_wconf 92' lang='lat' dir='ltr'><strong>Dio</strong></span> <span class='ocrx_word' id='word_1_188' title='bbox 2344 2532 2615 2610; x_wconf 91' lang='lat' dir='ltr'><strong>XLIX,</strong></span> <span class='ocrx_word' id='word_1_189' title='bbox 2662 2533 2763 2609; x_wconf 79' lang='grc'><strong>54,</strong></span> 
     </span>
     <span class='ocr_line' id='line_1_22' title="bbox 435 2637 2914 2728; baseline 0.002 -27"><span class='ocrx_word' id='word_1_190' title='bbox 435 2637 612 2722; x_wconf 90' lang='lat' dir='ltr'><strong>quod</strong></span> <span class='ocrx_word' id='word_1_191' title='bbox 659 2660 810 2702; x_wconf 89' lang='lat' dir='ltr'><strong>cum</strong></span> <span class='ocrx_word' id='word_1_192' title='bbox 851 2650 1054 2704; x_wconf 89' lang='lat' dir='ltr'><strong>morte</strong></span> <span class='ocrx_word' id='word_1_193' title='bbox 1097 2640 1236 2705; x_wconf 87' lang='lat' dir='ltr'><strong>eius</strong></span> <span class='ocrx_word' id='word_1_194' title='bbox 1279 2641 1582 2706; x_wconf 86' lang='lat' dir='ltr'><strong>affectum</strong></span> <span class='ocrx_word' id='word_1_195' title='bbox 1616 2640 2104 2724; x_wconf 88' lang='lat' dir='ltr'><strong>relinqueretur,</strong></span> <span class='ocrx_word' id='word_1_196' title='bbox 2145 2641 2549 2705; x_wconf 84' lang='lat' dir='ltr'><strong>occasionem</strong></span> <span class='ocrx_word' id='word_1_197' title='bbox 2574 2663 2765 2726; x_wconf 83' lang='lat' dir='ltr'><strong>prae·</strong></span> <span class='ocrx_word' id='word_1_198' title='bbox 2912 2723 2914 2728; x_wconf 91' lang='lat'><strong>.</strong></span> 
     </span>
     <span class='ocr_line' id='line_1_23' title="bbox 435 2743 2915 2922; baseline 0.001 -111"><span class='ocrx_word' id='word_1_199' title='bbox 435 2746 580 2811; x_wconf 86' lang='lat' dir='ltr'><strong>buit</strong></span> <span class='ocrx_word' id='word_1_200' title='bbox 628 2743 706 2810; x_wconf 87' lang='lat' dir='ltr'><strong>C.</strong></span> <span class='ocrx_word' id='word_1_201' title='bbox 751 2745 1072 2812; x_wconf 85' lang='lat' dir='ltr'><strong>Trebonio</strong></span> <span class='ocrx_word' id='word_1_202' title='bbox 1119 2759 1309 2834; x_wconf 77' lang='lat' dir='ltr'><strong>atque</strong></span> <span class='ocrx_word' id='word_1_203' title='bbox 1369 2750 1713 2814; x_wconf 86' lang='lat' dir='ltr'><strong>honestum</strong></span> <span class='ocrx_word' id='word_1_204' title='bbox 1773 2759 2204 2833; x_wconf 85' lang='lat' dir='ltr'><strong>praetextum,</strong></span> <span class='ocrx_word' id='word_1_205' title='bbox 2274 2760 2347 2812; x_wconf 87' lang='lat' dir='ltr'><strong>ut</strong></span> <span class='ocrx_word' id='word_1_206' title='bbox 2400 2749 2621 2835; x_wconf 88' lang='lat' dir='ltr'><strong>legem</strong></span> <span class='ocrx_word' id='word_1_207' title='bbox 2685 2750 2769 2814; x_wconf 90' lang='lat' dir='ltr'><strong>de</strong></span> <span class='ocrx_word' id='word_1_208' title='bbox 2910 2749 2915 2922; x_wconf 72' lang='grc' dir='ltr'>Ι</span> 
     </span>
     <span class='ocr_line' id='line_1_24' title="bbox 439 2854 2914 2942; baseline 0.002 -24"><span class='ocrx_word' id='word_1_209' title='bbox 439 2854 776 2920; x_wconf 90' lang='lat' dir='ltr'><strong>consulum</strong></span> <span class='ocrx_word' id='word_1_210' title='bbox 837 2855 1188 2941; x_wconf 88' lang='lat' dir='ltr'><strong>provinciis</strong></span> <span class='ocrx_word' id='word_1_211' title='bbox 1249 2859 1465 2922; x_wconf 85' lang='lat' dir='ltr'><strong>ferret.</strong></span> <span class='ocrx_word' id='word_1_212' title='bbox 1565 2857 1670 2922; x_wconf 92' lang='lat' dir='ltr'><strong>De</strong></span> <span class='ocrx_word' id='word_1_213' title='bbox 1730 2880 1804 2922; x_wconf 85' lang='lat' dir='ltr'><strong>ea</strong></span> <span class='ocrx_word' id='word_1_214' title='bbox 1868 2856 2012 2942; x_wconf 88' lang='lat' dir='ltr'><strong>lege</strong></span> <span class='ocrx_word' id='word_1_215' title='bbox 2074 2857 2359 2922; x_wconf 86' lang='lat' dir='ltr'><strong>breviter</strong></span> <span class='ocrx_word' id='word_1_216' title='bbox 2413 2880 2536 2923; x_wconf 91' lang='lat' dir='ltr'><strong>nec</strong></span> <span class='ocrx_word' id='word_1_217' title='bbox 2608 2858 2769 2924; x_wconf 84' lang='lat' dir='ltr'><strong>satis</strong></span> <span class='ocrx_word' id='word_1_218' title='bbox 2912 2923 2914 2942; x_wconf 19' lang='grc' dir='ltr'>ἶ</span> 
     </span>
     <span class='ocr_line' id='line_1_25' title="bbox 439 2947 2915 3124; baseline 0 -94"><span class='ocrx_word' id='word_1_219' title='bbox 439 2975 735 3030; x_wconf 83' lang='lat' dir='ltr'><strong>accurate</strong></span> <span class='ocrx_word' id='word_1_220' title='bbox 778 2963 971 3029; x_wconf 80' lang='lat' dir='ltr'><strong>tradit</strong></span> <span class='ocrx_word' id='word_1_221' title='bbox 1009 2964 1242 3029; x_wconf 85' lang='lat' dir='ltr'><strong>Livius</strong></span> <span class='ocrx_word' id='word_1_222' title='bbox 1283 2967 1434 3053; x_wconf 92' lang='lat' dir='ltr'><strong>epit.</strong></span> <span class='ocrx_word' id='word_1_223' title='bbox 1464 2964 1606 3042; x_wconf 87' lang='lat' dir='ltr'><strong>CV,</strong></span> <span class='ocrx_word' id='word_1_224' title='bbox 1654 2965 1839 3030; x_wconf 89' lang='lat' dir='ltr'><strong>cuius</strong></span> <span class='ocrx_word' id='word_1_225' title='bbox 1886 2966 2087 3030; x_wconf 84' lang='lat' dir='ltr'><strong>verba</strong></span> <span class='ocrx_word' id='word_1_226' title='bbox 2126 2964 2328 3051; x_wconf 84' lang='lat' dir='ltr'><strong>vulgo</strong></span> <span class='ocrx_word' id='word_1_227' title='bbox 2374 2976 2529 3029; x_wconf 90' lang='lat' dir='ltr'><strong>sunt</strong></span> <span class='ocrx_word' id='word_1_228' title='bbox 2569 2965 2767 3032; x_wconf 85' lang='lat' dir='ltr'><strong>haec:</strong></span> <span class='ocrx_word' id='word_1_229' title='bbox 2911 2947 2915 3124; x_wconf 78' lang='grc' dir='ltr'>Ι</span> 
     </span>
     <span class='ocr_line' id='line_1_26' title="bbox 441 3075 2765 3156; baseline 0.002 -22"><span class='ocrx_word' id='word_1_230' title='bbox 441 3075 534 3134; x_wconf 89' lang='grc' dir='ltr'><strong>Μ.</strong></span> <span class='ocrx_word' id='word_1_231' title='bbox 599 3075 748 3136; x_wconf 81' lang='lat' dir='ltr'><strong>Cato</strong></span> <span class='ocrx_word' id='word_1_232' title='bbox 797 3095 936 3134; x_wconf 83' lang='lat' dir='ltr'><strong>cum</strong></span> <span class='ocrx_word' id='word_1_233' title='bbox 995 3077 1184 3153; x_wconf 84' lang='lat' dir='ltr'><strong>legem</strong></span> <span class='ocrx_word' id='word_1_234' title='bbox 1257 3076 1579 3154; x_wconf 81' lang='lat' dir='ltr'><strong>impediret</strong></span> <span class='ocrx_word' id='word_1_235' title='bbox 1601 3123 1615 3150; x_wconf 89' lang='lat'>‚</span> <span class='ocrx_word' id='word_1_236' title='bbox 1684 3098 1807 3156; x_wconf 83' lang='lat' dir='ltr'><strong>qua</strong></span> <span class='ocrx_word' id='word_1_237' title='bbox 1850 3079 2217 3154; x_wconf 75' lang='lat' dir='ltr'><strong>provinciae</strong></span> <span class='ocrx_word' id='word_1_238' title='bbox 2279 3075 2637 3138; x_wconf 78' lang='lat' dir='ltr'><strong>consulibus</strong></span> <span class='ocrx_word' id='word_1_239' title='bbox 2702 3079 2765 3138; x_wconf 84' lang='lat' dir='ltr'><strong>in</strong></span> 
     </span>
     <span class='ocr_line' id='line_1_27' title="bbox 439 3183 2759 3264; baseline 0.003 -24"><span class='ocrx_word' id='word_1_240' title='bbox 439 3183 930 3261; x_wconf 80' lang='lat' dir='ltr'><strong>quinquennium</strong></span> <span class='ocrx_word' id='word_1_241' title='bbox 949 3231 964 3256; x_wconf 92' lang='lat'><strong>,</strong></span> <span class='ocrx_word' id='word_1_242' title='bbox 1027 3183 1306 3260; x_wconf 80' lang='lat' dir='ltr'><strong>Pompeio</strong></span> <span class='ocrx_word' id='word_1_243' title='bbox 1350 3184 1695 3260; x_wconf 77' lang='lat' dir='ltr'><strong>Hispaniae</strong></span> <span class='ocrx_word' id='word_1_244' title='bbox 1710 3229 1725 3256; x_wconf 84' lang='lat'>‚</span> <span class='ocrx_word' id='word_1_245' title='bbox 1784 3188 2003 3244; x_wconf 75' lang='lat' dir='ltr'><strong>Crasso</strong></span> <span class='ocrx_word' id='word_1_246' title='bbox 2058 3186 2249 3264; x_wconf 73' lang='lat' dir='ltr'><strong>Syria</strong></span> <span class='ocrx_word' id='word_1_247' title='bbox 2290 3192 2353 3244; x_wconf 89' lang='lat' dir='ltr'><strong>et</strong></span> <span class='ocrx_word' id='word_1_248' title='bbox 2395 3184 2759 3246; x_wconf 80' lang='lat' dir='ltr'><strong>Parthicum</strong></span> 
     </span>
     <span class='ocr_line' id='line_1_28' title="bbox 437 3287 2770 3366; baseline 0.003 -19"><span class='ocrx_word' id='word_1_249' title='bbox 437 3287 661 3348; x_wconf 86' lang='lat' dir='ltr'><strong>bellum</strong></span> <span class='ocrx_word' id='word_1_250' title='bbox 683 3337 696 3362; x_wconf 95' lang='lat'><strong>‚</strong></span> <span class='ocrx_word' id='word_1_251' title='bbox 763 3289 1014 3350; x_wconf 81' lang='lat' dir='ltr'><strong>Caesari</strong></span> <span class='ocrx_word' id='word_1_252' title='bbox 1055 3289 1268 3349; x_wconf 79' lang='lat' dir='ltr'><strong>Gallia</strong></span> <span class='ocrx_word' id='word_1_253' title='bbox 1327 3296 1386 3348; x_wconf 86' lang='lat' dir='ltr'><strong>et</strong></span> <span class='ocrx_word' id='word_1_254' title='bbox 1426 3290 1768 3350; x_wconf 82' lang='lat' dir='ltr'><strong>Germania</strong></span> <span class='ocrx_word' id='word_1_255' title='bbox 1824 3289 2160 3366; x_wconf 77' lang='lat' dir='ltr'><strong>dabantur,</strong></span> <span class='ocrx_word' id='word_1_256' title='bbox 2228 3314 2271 3353; x_wconf 83' lang='lat' dir='ltr'><strong>a</strong></span> <span class='ocrx_word' id='word_1_257' title='bbox 2332 3291 2397 3353; x_wconf 90' lang='lat' dir='ltr'><strong>C.</strong></span> <span class='ocrx_word' id='word_1_258' title='bbox 2462 3292 2770 3355; x_wconf 81' lang='lat' dir='ltr'><strong>Trebonio</strong></span> 
     </span>
     <span class='ocr_line' id='line_1_29' title="bbox 438 3395 2767 3484; baseline 0.003 -28"><span class='ocrx_word' id='word_1_259' title='bbox 438 3396 578 3456; x_wconf 77' lang='lat' dir='ltr'><strong>trib.</strong></span> <span class='ocrx_word' id='word_1_260' title='bbox 619 3395 832 3474; x_wconf 82' lang='lat' dir='ltr'><strong>plebis,</strong></span> <span class='ocrx_word' id='word_1_261' title='bbox 875 3397 1027 3474; x_wconf 81' lang='lat' dir='ltr'><strong>legis</strong></span> <span class='ocrx_word' id='word_1_262' title='bbox 1067 3403 1336 3471; x_wconf 81' lang='lat' dir='ltr'><strong>auctore,</strong></span> <span class='ocrx_word' id='word_1_263' title='bbox 1383 3399 1450 3456; x_wconf 86' lang='lat' dir='ltr'><strong>in</strong></span> <span class='ocrx_word' id='word_1_264' title='bbox 1492 3399 1747 3458; x_wconf 67' lang='lat' dir='ltr'><strong>vincula</strong></span> <span class='ocrx_word' id='word_1_265' title='bbox 1792 3399 2017 3460; x_wconf 79' lang='lat' dir='ltr'><strong>duetus</strong></span> <span class='ocrx_word' id='word_1_266' title='bbox 2054 3408 2159 3460; x_wconf 81' lang='lat' dir='ltr'><strong>est.</strong></span> <span class='ocrx_word' id='word_1_267' title='bbox 2220 3398 2300 3461; x_wconf 92' lang='lat' dir='ltr'><strong>In</strong></span> <span class='ocrx_word' id='word_1_268' title='bbox 2343 3397 2584 3482; x_wconf 89' lang='lat' dir='ltr'><strong>quibus</strong></span> <span class='ocrx_word' id='word_1_269' title='bbox 2630 3402 2767 3484; x_wconf 88' lang='lat' dir='ltr'><strong>pri-</strong></span> 
     </span>
     <span class='ocr_line' id='line_1_30' title="bbox 437 3501 2753 3592; baseline 0.002 -28"><span class='ocrx_word' id='word_1_270' title='bbox 437 3524 615 3565; x_wconf 90' lang='lat' dir='ltr'><strong>mum</strong></span> <span class='ocrx_word' id='word_1_271' title='bbox 653 3501 777 3564; x_wconf 90' lang='lat' dir='ltr'><strong>hoc</strong></span> <span class='ocrx_word' id='word_1_272' title='bbox 820 3501 1031 3564; x_wconf 88' lang='lat' dir='ltr'><strong>minus</strong></span> <span class='ocrx_word' id='word_1_273' title='bbox 1080 3511 1327 3566; x_wconf 88' lang='lat' dir='ltr'><strong>rectum</strong></span> <span class='ocrx_word' id='word_1_274' title='bbox 1373 3513 1499 3579; x_wconf 85' lang='lat' dir='ltr'><strong>est,</strong></span> <span class='ocrx_word' id='word_1_275' title='bbox 1565 3504 1741 3588; x_wconf 90' lang='lat' dir='ltr'><strong>quod</strong></span> <span class='ocrx_word' id='word_1_276' title='bbox 1806 3528 1939 3570; x_wconf 90' lang='lat' dir='ltr'><strong>una</strong></span> <span class='ocrx_word' id='word_1_277' title='bbox 1994 3505 2347 3590; x_wconf 88' lang='lat' dir='ltr'><strong>eademque</strong></span> <span class='ocrx_word' id='word_1_278' title='bbox 2399 3507 2547 3592; x_wconf 88' lang='lat' dir='ltr'><strong>lege</strong></span> <span class='ocrx_word' id='word_1_279' title='bbox 2580 3528 2753 3570; x_wconf 89' lang='lat' dir='ltr'><strong>com-</strong></span> 
     </span>
     <span class='ocr_line' id='line_1_31' title="bbox 437 3607 2763 3702; baseline 0.004 -30"><span class='ocrx_word' id='word_1_280' title='bbox 437 3609 720 3674; x_wconf 90' lang='lat' dir='ltr'><strong>muniter</strong></span> <span class='ocrx_word' id='word_1_281' title='bbox 757 3620 820 3673; x_wconf 89' lang='lat' dir='ltr'><strong>et</strong></span> <span class='ocrx_word' id='word_1_282' title='bbox 862 3608 1170 3693; x_wconf 90' lang='lat' dir='ltr'><strong>Pompeio</strong></span> <span class='ocrx_word' id='word_1_283' title='bbox 1216 3607 1585 3695; x_wconf 87' lang='lat' dir='ltr'><strong>Crassoque</strong></span> <span class='ocrx_word' id='word_1_284' title='bbox 1645 3613 1867 3678; x_wconf 84' lang='lat' dir='ltr'><strong>datum</strong></span> <span class='ocrx_word' id='word_1_285' title='bbox 1924 3623 1987 3676; x_wconf 91' lang='lat' dir='ltr'><strong>et</strong></span> <span class='ocrx_word' id='word_1_286' title='bbox 2032 3610 2299 3678; x_wconf 83' lang='lat' dir='ltr'><strong>Caesari</strong></span> <span class='ocrx_word' id='word_1_287' title='bbox 2342 3626 2763 3702; x_wconf 84' lang='lat' dir='ltr'><strong>prorogatum</strong></span> 
     </span>
     <span class='ocr_line' id='line_1_32' title="bbox 439 3717 2767 3811; baseline 0.004 -30"><span class='ocrx_word' id='word_1_288' title='bbox 439 3738 583 3782; x_wconf 89' lang='lat' dir='ltr'><strong>esse</strong></span> <span class='ocrx_word' id='word_1_289' title='bbox 638 3717 981 3802; x_wconf 86' lang='lat' dir='ltr'><strong>imperium</strong></span> <span class='ocrx_word' id='word_1_290' title='bbox 1045 3717 1286 3782; x_wconf 88' lang='lat' dir='ltr'><strong>scribit.</strong></span> <span class='ocrx_word' id='word_1_291' title='bbox 1387 3719 1557 3786; x_wconf 87' lang='lat' dir='ltr'><strong>Nam</strong></span> <span class='ocrx_word' id='word_1_292' title='bbox 1600 3721 1731 3786; x_wconf 92' lang='lat' dir='ltr'><strong>Dio</strong></span> <span class='ocrx_word' id='word_1_293' title='bbox 1778 3720 2141 3798; x_wconf 85' lang='lat' dir='ltr'><strong>XXXIX,</strong></span> <span class='ocrx_word' id='word_1_294' title='bbox 2201 3721 2281 3787; x_wconf 85' lang='lat'><strong>33</strong></span> <span class='ocrx_word' id='word_1_295' title='bbox 2339 3723 2503 3788; x_wconf 84' lang='lat' dir='ltr'><strong>duas</strong></span> <span class='ocrx_word' id='word_1_296' title='bbox 2560 3725 2767 3811; x_wconf 88' lang='lat' dir='ltr'><strong>leges,</strong></span> 
     </span>
     <span class='ocr_line' id='line_1_33' title="bbox 440 3825 2768 3917; baseline 0.004 -29"><span class='ocrx_word' id='word_1_297' title='bbox 440 3845 710 3908; x_wconf 87' lang='lat' dir='ltr'><strong>quarum</strong></span> <span class='ocrx_word' id='word_1_298' title='bbox 765 3825 943 3910; x_wconf 86' lang='lat' dir='ltr'><strong>prior</strong></span> <span class='ocrx_word' id='word_1_299' title='bbox 1015 3825 1097 3888; x_wconf 87' lang='lat' dir='ltr'><strong>ad</strong></span> <span class='ocrx_word' id='word_1_300' title='bbox 1154 3826 1490 3906; x_wconf 87' lang='lat' dir='ltr'><strong>consules,</strong></span> <span class='ocrx_word' id='word_1_301' title='bbox 1554 3830 1751 3894; x_wconf 82' lang='lat' dir='ltr'><strong>altera</strong></span> <span class='ocrx_word' id='word_1_302' title='bbox 1809 3830 1893 3894; x_wconf 91' lang='lat' dir='ltr'><strong>ad</strong></span> <span class='ocrx_word' id='word_1_303' title='bbox 1952 3827 2297 3896; x_wconf 86' lang='lat' dir='ltr'><strong>Caesarem</strong></span> <span class='ocrx_word' id='word_1_304' title='bbox 2362 3832 2768 3917; x_wconf 87' lang='lat' dir='ltr'><strong>pertinuerit,</strong></span> 
     </span>
     <span class='ocr_line' id='line_1_34' title="bbox 441 3932 2914 4025; baseline 0.004 -30"><span class='ocrx_word' id='word_1_305' title='bbox 441 3932 752 3999; x_wconf 86' lang='lat' dir='ltr'><strong>discernit</strong></span> <span class='ocrx_word' id='word_1_306' title='bbox 795 3955 942 3998; x_wconf 86' lang='lat' dir='ltr'><strong>cum</strong></span> <span class='ocrx_word' id='word_1_307' title='bbox 983 3955 1188 4016; x_wconf 89' lang='lat' dir='ltr'><strong>eoque</strong></span> <span class='ocrx_word' id='word_1_308' title='bbox 1231 3934 1623 4001; x_wconf 84' lang='lat' dir='ltr'><strong>Plutarchus</strong></span> <span class='ocrx_word' id='word_1_309' title='bbox 1654 3933 1797 4001; x_wconf 84' lang='lat' dir='ltr'><strong>Cat.</strong></span> <span class='ocrx_word' id='word_1_310' title='bbox 1835 3960 1891 4001; x_wconf 93' lang='lat' dir='ltr'><strong>c.</strong></span> <span class='ocrx_word' id='word_1_311' title='bbox 1924 3938 2023 4014; x_wconf 80' lang='lat'><strong>43,</strong></span> <span class='ocrx_word' id='word_1_312' title='bbox 2059 3938 2173 4004; x_wconf 92' lang='lat' dir='ltr'><strong>ubi</strong></span> <span class='ocrx_word' id='word_1_313' title='bbox 2217 3939 2569 4025; x_wconf 87' lang='lat' dir='ltr'><strong>copiosiore</strong></span> <span class='ocrx_word' id='word_1_314' title='bbox 2614 3965 2767 4008; x_wconf 88' lang='lat' dir='ltr'><strong>nar·</strong></span> <span class='ocrx_word' id='word_1_315' title='bbox 2912 3951 2914 4006; x_wconf 82' lang='lat'>!</span> 
     </span>
     <span class='ocr_line' id='line_1_35' title="bbox 439 4007 2914 4128; baseline 0.005 -24"><span class='ocrx_word' id='word_1_316' title='bbox 439 4040 684 4104; x_wconf 87' lang='lat' dir='ltr'><strong>ratione</strong></span> <span class='ocrx_word' id='word_1_317' title='bbox 730 4040 934 4105; x_wconf 89' lang='lat' dir='ltr'><strong>utitur</strong></span> <span class='ocrx_word' id='word_1_318' title='bbox 959 4063 1152 4125; x_wconf 87' lang='lat' dir='ltr'><strong>quam</strong></span> <span class='ocrx_word' id='word_1_319' title='bbox 1177 4042 1404 4128; x_wconf 88' lang='lat' dir='ltr'><strong>Pomp.</strong></span> <span class='ocrx_word' id='word_1_320' title='bbox 1433 4066 1489 4107; x_wconf 92' lang='lat' dir='ltr'><strong>c.</strong></span> <span class='ocrx_word' id='word_1_321' title='bbox 1516 4044 1617 4121; x_wconf 81' lang='lat'><strong>52,</strong></span> <span class='ocrx_word' id='word_1_322' title='bbox 1646 4042 1866 4110; x_wconf 87' lang='lat' dir='ltr'><strong>Crass.</strong></span> <span class='ocrx_word' id='word_1_323' title='bbox 1896 4068 1950 4110; x_wconf 93' lang='lat' dir='ltr'><strong>c.</strong></span> <span class='ocrx_word' id='word_1_324' title='bbox 1985 4047 2081 4123; x_wconf 85' lang='lat'><strong>15,</strong></span> <span class='ocrx_word' id='word_1_325' title='bbox 2120 4047 2453 4114; x_wconf 91' lang='lat' dir='ltr'><strong>consentit.</strong></span> <span class='ocrx_word' id='word_1_326' title='bbox 2498 4049 2765 4116; x_wconf 90' lang='lat' dir='ltr'><strong>Deinde</strong></span> <span class='ocrx_word' id='word_1_327' title='bbox 2912 4007 2914 4106; x_wconf 60' lang='lat' dir='ltr'><strong>l</strong></span> 
     </span>
     <span class='ocr_line' id='line_1_36' title="bbox 441 4147 2765 4240; baseline 0.006 -27"><span class='ocrx_word' id='word_1_328' title='bbox 441 4147 523 4213; x_wconf 87' lang='lat' dir='ltr'><strong>de</strong></span> <span class='ocrx_word' id='word_1_329' title='bbox 579 4147 660 4212; x_wconf 90' lang='lat' dir='ltr'><strong>iis</strong></span> <span class='ocrx_word' id='word_1_330' title='bbox 717 4170 882 4232; x_wconf 86' lang='lat' dir='ltr'><strong>quae</strong></span> <span class='ocrx_word' id='word_1_331' title='bbox 933 4149 1038 4212; x_wconf 87' lang='lat'><strong>111</strong></span> <span class='ocrx_word' id='word_1_332' title='bbox 1098 4149 1254 4214; x_wconf 86' lang='lat' dir='ltr'><strong>viris</strong></span> <span class='ocrx_word' id='word_1_333' title='bbox 1319 4151 1471 4218; x_wconf 85' lang='lat' dir='ltr'><strong>data</strong></span> <span class='ocrx_word' id='word_1_334' title='bbox 1540 4153 1667 4218; x_wconf 91' lang='lat' dir='ltr'><strong>sint</strong></span> <span class='ocrx_word' id='word_1_335' title='bbox 1732 4153 2095 4240; x_wconf 89' lang='lat' dir='ltr'><strong>discrepant</strong></span> <span class='ocrx_word' id='word_1_336' title='bbox 2165 4166 2480 4222; x_wconf 87' lang='lat' dir='ltr'><strong>auctores.</strong></span> <span class='ocrx_word' id='word_1_337' title='bbox 2593 4159 2765 4226; x_wconf 87' lang='lat' dir='ltr'><strong>Nam</strong></span> 
     </span>
     <span class='ocr_line' id='line_1_37' title="bbox 439 4254 2914 4348; baseline 0.005 -28"><span class='ocrx_word' id='word_1_338' title='bbox 439 4254 746 4340; x_wconf 88' lang='lat' dir='ltr'><strong>Pompeio</strong></span> <span class='ocrx_word' id='word_1_339' title='bbox 787 4254 1043 4332; x_wconf 90' lang='lat' dir='ltr'><strong>Livius,</strong></span> <span class='ocrx_word' id='word_1_340' title='bbox 1092 4266 1165 4320; x_wconf 89' lang='lat' dir='ltr'><strong>ut</strong></span> <span class='ocrx_word' id='word_1_341' title='bbox 1206 4258 1515 4338; x_wconf 86' lang='lat' dir='ltr'><strong>diximus,</strong></span> <span class='ocrx_word' id='word_1_342' title='bbox 1572 4260 1742 4328; x_wconf 88' lang='lat' dir='ltr'><strong>solas</strong></span> <span class='ocrx_word' id='word_1_343' title='bbox 1783 4259 2133 4348; x_wconf 86' lang='lat' dir='ltr'><strong>Hispanias</strong></span> <span class='ocrx_word' id='word_1_344' title='bbox 2176 4263 2341 4330; x_wconf 85' lang='lat' dir='ltr'><strong>duas</strong></span> <span class='ocrx_word' id='word_1_345' title='bbox 2386 4265 2633 4345; x_wconf 88' lang='lat' dir='ltr'><strong>tribuit,</strong></span> <span class='ocrx_word' id='word_1_346' title='bbox 2698 4280 2764 4332; x_wconf 86' lang='lat' dir='ltr'><strong>at</strong></span> <span class='ocrx_word' id='word_1_347' title='bbox 2912 4287 2914 4342; x_wconf 63' lang='lat'>3</span> 
     </span>
     <span class='ocr_line' id='line_1_38' title="bbox 441 4345 2914 4460; baseline 0.006 -32"><span class='ocrx_word' id='word_1_348' title='bbox 441 4359 784 4448; x_wconf 78' lang='lat' dir='ltr'><strong>Appianas</strong></span> <span class='ocrx_word' id='word_1_349' title='bbox 828 4364 977 4428; x_wconf 92' lang='lat' dir='ltr'><strong>bell.</strong></span> <span class='ocrx_word' id='word_1_350' title='bbox 1025 4364 1147 4427; x_wconf 85' lang='lat' dir='ltr'><strong>civ.</strong></span> <span class='ocrx_word' id='word_1_351' title='bbox 1191 4365 1279 4442; x_wconf 91' lang='lat' dir='ltr'><strong>H,</strong></span> <span class='ocrx_word' id='word_1_352' title='bbox 1331 4369 1405 4434; x_wconf 88' lang='lat'><strong>18</strong></span> <span class='ocrx_word' id='word_1_353' title='bbox 1453 4380 1517 4433; x_wconf 91' lang='lat' dir='ltr'><strong>et</strong></span> <span class='ocrx_word' id='word_1_354' title='bbox 1552 4369 1943 4434; x_wconf 85' lang='lat' dir='ltr'><strong>Plutarchus</strong></span> <span class='ocrx_word' id='word_1_355' title='bbox 1986 4366 2128 4436; x_wconf 86' lang='lat' dir='ltr'><strong>Cat.</strong></span> <span class='ocrx_word' id='word_1_356' title='bbox 2176 4373 2253 4438; x_wconf 83' lang='lat'><strong>43</strong></span> <span class='ocrx_word' id='word_1_357' title='bbox 2302 4383 2365 4436; x_wconf 91' lang='lat' dir='ltr'><strong>et</strong></span> <span class='ocrx_word' id='word_1_358' title='bbox 2409 4371 2639 4460; x_wconf 90' lang='lat' dir='ltr'><strong>Pomp.</strong></span> <span class='ocrx_word' id='word_1_359' title='bbox 2678 4375 2760 4441; x_wconf 83' lang='lat'><strong>52</strong></span> <span class='ocrx_word' id='word_1_360' title='bbox 2912 4345 2914 4428; x_wconf 54' lang='grc' dir='ltr'><strong>ἶ</strong></span> 
     </span>
    </p>
   </div>
   <div class='ocr_carea' id='block_1_3' title="bbox 2660 4689 2700 4726">
    <p class='ocr_par' dir='ltr' id='par_1_3' title="bbox 2660 4689 2700 4726">
     <span class='ocr_line' id='line_1_39' title="bbox 2660 4689 2700 4726; baseline 0 -2"><span class='ocrx_word' id='word_1_361' title='bbox 2660 4689 2700 4726; x_wconf 67' lang='lat'>0</span> 
     </span>
    </p>
   </div>
  </div>
 </body>
</html>
