2917 5017
851 362 936 412 De
971 360 1142 411 Gallia
1177 361 1531 411 Romanorum
1580 361 1859 426 provincia.
2428 360 2509 427 47

157 517 380 584 fuisse
421 543 503 585 ac
539 521 638 586 M.
689 523 992 600 Brutum,
1033 534 1278 610 patrem
1322 522 1487 599 eius,
1526 522 1638 607 qui
1672 535 1901 608 postea
1942 527 2319 593 dictatorem
2344 525 2513 594 Cae-

157 649 390 691 sarem
442 628 802 709 interfecit,
873 654 1018 696 cum
1067 645 1398 716 praeesset
1449 631 1541 708 ei,
1601 653 1751 696 cum
1791 633 2047 720 Lepido
2100 637 2515 702 coniunctum

157 745 402 798 contra
437 735 830 823 Pompeium
871 740 1336 826 optimatesque
1377 736 1623 803 bellum
1660 742 1940 807 movisse
1984 742 2296 810 coniiciat.
2376 743 2512 811 Sed

153 844 556 909 accuratius
621 847 815 933 longe
879 858 1090 912 narrat
1144 845 1537 910 Plutarchus
1583 846 1809 934 Pomp.
1869 871 1925 914 c.
1992 850 2102 916 16.
2172 853 2512 938 ἀπεδείχθη

157 949 574 1037 (Πομπήϊος)
617 955 1066 1040 στρατεύματος
1109 956 1360 1038 ἡγεμὼν
1405 955 1504 1017 ἐπὶ
1537 958 1638 1020 τὸν
1682 957 1967 1034 Λέπιδον,
2010 957 2130 1042 ἤδη
2170 959 2373 1023 πολλὰ
2408 965 2515 1043 τῆς

149 1058 438 1130 Ἰταλίας
489 1063 848 1148 νενικηκότα
889 1065 990 1127 καὶ
1031 1065 1137 1146 τὴν
1180 1063 1346 1131 ἐντὸς
1373 1060 1665 1126 Ἄλπεων
1696 1063 1999 1128 Γαλατίαν
2036 1066 2373 1152 κατέχοντα
2414 1068 2515 1130 διὰ

155 1166 468 1252 Βρούτου
518 1173 939 1256 στρατεύματι.
987 1169 1176 1252 Quae
1201 1167 1398 1236 verba
1421 1171 1773 1236 ostendunt
1799 1172 1895 1236 Μ.
1920 1173 2199 1238 Brutum
2228 1173 2512 1259 legatum

155 1276 376 1341 fuisse
429 1277 676 1366 Lepidi
715 1280 1266 1366 praemissumque
1309 1277 1393 1342 ab
1437 1300 1513 1342 eo
1557 1279 1729 1344 illam
1764 1280 1986 1345 Italiae
2030 1291 2271 1366 partem
2318 1301 2513 1344 occu-

156 1407 386 1469 passe.
483 1387 640 1472 Ipse
683 1389 847 1454 adeo
883 1389 980 1452 M.
1005 1389 1249 1452 Brutus
1293 1386 1570 1451 dubium
1612 1397 1711 1452 est
1748 1399 1969 1451 utrum
2012 1388 2367 1472 praetorius
2415 1389 2516 1453 vir

159 1493 374 1556 fuerit
429 1517 672 1571 necne,
739 1518 870 1580 qua
927 1497 1008 1560 de
1061 1519 1132 1560 re
1178 1497 1259 1559 cf.
1307 1495 1872 1560 commentationes
1918 1479 2267 1581 epigraphs
2294 1495 2443 1561 Vol.
2480 1495 2515 1561 I

161 1622 230 1683 p.
277 1600 442 1665 245.
560 1603 664 1666 Ae
720 1603 775 1667 si
842 1604 1074 1668 fuisset
1125 1603 1429 1689 proprius
1484 1601 1736 1668 Galliae
1788 1600 2161 1688 Cisalpinae
2228 1625 2513 1689 praeses,

171 1730 400 1774 nonne
441 1709 524 1787 is,
571 1732 722 1774 cum
768 1710 1064 1797 Lepidus
1107 1735 1186 1775 ex
1233 1734 1354 1776 sua
1391 1711 1726 1796 provincia
1764 1721 2048 1775 armatus
2094 1710 2513 1797 prorupisset,

185 1815 504 1900 imprimis
548 1818 933 1883 excitandus
986 1842 1062 1884 ac
1107 1832 1330 1884 contra
1367 1841 1517 1883 eum
1540 1818 1891 1883 mittendus
1928 1819 2105 1882 erat?
2154 1817 2247 1881 At
2276 1818 2513 1883 missus

183 1935 292 1988 est
331 1925 682 2012 Pompeius
727 1950 804 1992 ac
830 1928 910 1993 L.
942 1927 1281 2014 Philippus
1322 1926 1499 2012 apud
1546 1925 1809 1990 Sallust.
1854 1925 2002 1989 hist.
2042 1926 2075 1989 I
2113 1926 2195 1989 fr.
2236 1925 2309 1988 51
2356 1925 2515 1990 haec

179 2045 445 2098 censet:
515 2046 588 2097 ut
635 2040 870 2118 Appius
911 2039 1212 2100 t'laudt‘us
1251 2040 1532 2098 interrex
1584 2055 1725 2096 cum
1772 2037 1841 2106 Q.
1884 2036 2107 2096 Catulo
2148 2039 2517 2113 proconsule

169 2151 234 2203 et
279 2147 544 2217 ceteris,
603 2144 822 2225 quibus
869 2147 1198 2225 imperium
1242 2151 1334 2204 est
1347 2187 1364 2216 ‚
1422 2141 1570 2202 urbi
1606 2144 1919 2222 praesidio
1969 2145 2119 2204 sint.
2216 2141 2515 2219 Accedit,

175 2250 370 2333 quod
406 2250 586 2314 idem
622 2250 986 2336 Philippus,
1027 2250 1160 2335 qui,
1208 2249 1263 2313 si
1285 2249 1533 2314 Brutus
1572 2271 1691 2313 suo
1728 2249 1871 2313 iure
1898 2247 2178 2314 Galliam
2216 2249 2515 2314 obtinens

169 2381 364 2422 arma
407 2380 564 2422 cum
584 2357 839 2443 Lepido
888 2357 1341 2434 consociasset,
1385 2357 1581 2432 hunc,
1624 2356 1865 2441 quippe
1908 2357 2185 2420 maxime
2228 2357 2516 2421 vicinum

165 2465 408 2530 Italiae
453 2475 648 2549 atque
687 2466 834 2531 urbi
883 2466 1010 2551 ipsi
1052 2465 1523 2540 imminentem,
1562 2486 1716 2549 prae
1763 2463 1990 2528 ceteris
2028 2463 2359 2528 nominare
2398 2463 2513 2528 de-

171 2573 322 2639 buit
343 2621 365 2650 ,
423 2572 625 2638 unius
682 2573 778 2637 M.
820 2573 1094 2659 Lepidi,
1157 2584 1481 2658 tamquam
1531 2571 1735 2636 hostis
1790 2571 2067 2657 patriae,
2129 2572 2515 2638 mentionem

177 2683 374 2759 facit,
425 2681 742 2758 Brutum,
785 2691 860 2745 ut
898 2681 1075 2746 illius
1119 2681 1599 2755 administrum,
1654 2701 1923 2764 prorsus
1972 2679 2223 2744 silentio
2264 2680 2515 2745 omittit.

187 2789 342 2870 Quo
385 2790 596 2854 maior
632 2789 758 2852 fuit
781 2785 904 2854 Cn.
928 2790 1240 2875 Pompeii,
1275 2790 1388 2874 qui
1433 2789 1577 2874 ipso
1618 2787 1825 2872 capite
1871 2785 2205 2852 seditionis
2242 2789 2516 2873 expulso

204 2898 362 2961 satis
394 2896 785 2982 reipublicae
830 2897 1234 2962 consuluisse
1275 2897 1627 2973 videretur,
1664 2897 1731 2960 in
1776 2897 1872 2961 M.
1897 2896 2103 2959 Bruto
2148 2896 2515 2973 crudelitas,

187 3028 360 3090 quae
416 3006 832 3072 vehementer
883 3004 966 3071 ab
1035 3003 1332 3069 omnibus
1405 3003 1829 3091 scriptoribus
1890 3002 2251 3088 exagitatur
2312 3004 2516 3089 (Plut.

179 3114 426 3201 Pomp.
475 3114 582 3191 163
621 3115 805 3178 Brut.
853 3114 932 3190 43
979 3110 1116 3178 Cic.
1155 3112 1238 3177 ad
1278 3113 1416 3177 Att.
1457 3112 1586 3188 IX,
1634 3112 1729 3188 14,
1769 3112 1861 3195 2).

340 3223 623 3309 Excepit
643 3233 858 3287 autem
879 3222 974 3286 M.
997 3220 1322 3306 Lepidum
1344 3221 1411 3284 in
1435 3217 1653 3284 Gallia
1674 3218 2101 3305 Transalpina
2118 3223 2190 3282 L.
2208 3220 2516 3296 Manlius,

187 3354 390 3416 quem
444 3330 617 3394 Plut.
665 3327 834 3394 Sert.
905 3352 959 3394 c.
1006 3329 1082 3394 12
1140 3339 1358 3394 narrat
1409 3327 1497 3408 Q.
1556 3326 1823 3391 Metello
1872 3326 1995 3391 Pio
2054 3349 2247 3412 aegre
2298 3336 2519 3390 contra

185 3437 561 3506 Sertorium
604 3437 848 3503 bellum
905 3438 1241 3502 sustinenti
1300 3435 1616 3501 auxilium
1678 3434 1905 3498 tulisse
1921 3480 1940 3510 ,
2005 3434 2376 3518 victumque
2434 3433 2518 3499 ab

183 3547 542 3623 HirtuleiO,
580 3555 921 3632 quaestore
964 3545 1122 3620 eius,
1168 3543 1537 3608 recessisse.
1600 3541 1789 3623 Quae
1825 3564 1927 3606 res
1970 3563 2119 3606 cum
2166 3553 2230 3604 et
2264 3563 2303 3604 a
2324 3540 2519 3604 Livio

191 3657 345 3742 epit.
391 3650 530 3720 XC
574 3653 686 3718 illo
725 3651 954 3717 ordine
1002 3653 1322 3718 referatur
1363 3662 1426 3714 et
1463 3673 1501 3712 a
1546 3648 1897 3713 Plutarcho
1942 3646 2261 3712 accidisse
2303 3647 2518 3712 trada-

197 3774 320 3839 tur,
361 3774 708 3847 antequam
731 3759 1078 3846 Pompeius
1119 3759 1188 3823 in
1233 3758 1619 3843 Hispaniam
1656 3780 1775 3842 pro
1824 3778 1953 3824 cos.
1999 3755 2375 3832 mitteretur,
2418 3755 2519 3820 in-

193 3871 368 3938 cidat
413 3891 680 3936 necesse
727 3880 826 3934 est
878 3869 946 3932 in
1000 3889 1242 3932 annum
1279 3868 1396 3943 77,
1465 3877 1539 3930 ut
1577 3864 1658 3929 L.
1704 3865 2023 3931 Manlium
2072 3863 2301 3930 eodem
2352 3883 2520 3928 anno

191 4002 324 4065 quo
367 3977 664 4064 Lepidus
707 3976 920 4042 victus
953 3985 1054 4039 est
1095 3978 1336 4060 (neque
1371 3975 1543 4040 enim
1587 3977 1645 4038 is
1686 3973 1755 4036 in
1796 3971 2193 4058 provinciam
2235 3971 2517 4048 revertit,

197 4088 314 4154 sed
367 4087 436 4152 in
477 4083 782 4151 Sardinia
834 4081 1066 4168 periit)
1136 4082 1483 4147 suffectum
1532 4103 1675 4146 esse
1736 4081 2090 4146 videamus.
2178 4075 2281 4144 Cf.
2326 4070 2519 4144 etiam

199 4193 395 4262 Caes.
439 4193 588 4259 bell.
637 4191 809 4258 Gall.
833 4190 956 4268 111,
988 4191 1090 4256 20.
1159 4187 1596 4256 Confirmatur
1639 4188 1843 4274 igitur
1880 4187 2059 4272 quod
2102 4186 2409 4261 diximus,
2450 4186 2519 4249 in

199 4304 452 4372 Galliae
513 4322 636 4365 nec
681 4297 1052 4386 Cisalpinae
1111 4321 1232 4364 nec
1273 4297 1739 4384 Transalpinas
1790 4295 2037 4361 ratione
2084 4294 2433 4378 quicquam
2482 4315 2521 4356 a

197 4414 280 4478 L.
327 4409 514 4476 Sulla
565 4429 708 4474 esse
774 4417 1119 4472 mutatum:
1181 4419 1436 4472 mortuo
1496 4407 1667 4470 enim
1728 4425 1803 4467 eo
1848 4401 2007 4466 haec
2055 4423 2181 4465 non
2228 4402 2441 4466 minus
2482 4423 2521 4464 a
