2917 5017
744 335 826 384 De
863 333 1038 384 Gallia
1078 336 1431 386 Romanorum
1480 339 1759 401 provincia.
2291 338 2409 404 103

147 523 350 567 curare.
445 497 633 580 Quae
693 501 774 564 de
833 523 900 566 re
954 500 1082 565 Dio
1123 499 1306 575 LIV,
1358 500 1426 565 II
1484 499 1579 563 sic
1632 502 1857 567 tradit:
1920 504 2257 589 Ἀγρίππας
2316 506 2407 581 δὲ,

149 616 212 678 ὡς
245 609 362 672 τότε
403 609 462 676 ἐς
503 610 609 691 τὴν
643 605 898 692 Ῥώμην
945 609 1014 672 ἐκ
1056 613 1162 690 τῆς
1195 608 1477 677 Σικελίας
1516 614 1820 692 πεμφθεὶς
1864 611 2109 697 διῴκισε
2142 612 2215 675 τὰ
2252 613 2407 676 ἐπεί-

144 742 306 801 γοντα,
344 721 468 784 ταῖς
505 717 830 784 Γαλατίαις
871 716 1289 799 προςετάχθη·
1343 714 1406 778 ἔν
1447 739 1515 780 τε
1554 717 1669 800 γὰρ
1716 721 2008 803 ἀλλήλοις
2048 721 2407 792 ἐστασίαζον

141 829 217 890 καὶ
268 827 368 888 ὑπὸ
421 829 540 886 τῶν
601 822 850 888 Κελτῶν
903 824 1254 888 ἐκακοῦντο.
1340 821 1747 908 Καταστήσας
1804 828 1873 890 δὲ
1928 829 2029 890 καὶ
2086 828 2289 892 ἐκεῖνα
2347 830 2410 898 ἐς

133 933 352 1018 Ἰβηρίαν
397 933 670 1016 μετέστη.
775 933 880 996 Ex
933 931 1172 1017 quibus
1234 932 1448 997 verbis
1496 954 1625 998 non
1668 946 1963 1021 apparet,
2018 956 2213 1016 quam
2254 944 2409 1000 tunc

135 1040 386 1124 Agrippa
441 1050 817 1125 potestatem
868 1038 1205 1114 habuerit,
1271 1038 1387 1104 sed
1442 1062 1591 1105 cum
1633 1065 1781 1106 eum
1819 1042 1862 1109 l.
1903 1043 1945 1107 l.
1995 1042 2407 1106 docuerimus

134 1149 201 1213 ita
231 1149 289 1212 in
331 1146 586 1232 Syriam
630 1172 774 1214 esse
816 1150 1118 1223 missum,
1170 1157 1242 1211 ut
1282 1146 1581 1214 omnibus
1626 1150 1905 1234 populis,
1949 1150 2063 1236 qui
2110 1147 2407 1215 Caesaris

133 1271 326 1332 essent,
366 1257 740 1342 imperaret,
785 1267 976 1340 atque
1019 1279 1186 1321 anno
1230 1256 1492 1345 demum
1542 1258 1615 1321 18
1657 1259 2095 1341 proconsulari
2136 1258 2249 1322 illa
2290 1280 2405 1342 po-

132 1376 348 1440 testate,
420 1387 550 1448 qua
603 1363 951 1449 Augustus
1000 1386 1256 1449 quoque
1306 1363 1638 1441 utebatur,
1710 1387 1855 1430 esse
1929 1377 2257 1442 ornatum,
2336 1378 2409 1430 ut

131 1473 282 1536 etiam
314 1472 378 1535 in
422 1472 760 1536 senatoriis
801 1472 1152 1556 provinciis
1193 1472 1342 1556 plus
1379 1495 1577 1557 quam
1612 1475 1725 1558 qui
1769 1475 1999 1558 cuique
2032 1487 2405 1559 praeessent

129 1579 410 1664 potestatis
463 1579 759 1656 haberet,
823 1581 1127 1664 quoniam
1187 1589 1252 1643 et
1303 1579 1551 1647 Gallias
1610 1593 1675 1646 et
1722 1583 2107 1667 Hispaniam
2161 1584 2406 1648 rexisse

128 1698 393 1765 narratur,
439 1689 538 1752 sic
581 1688 1114 1763 existimabimus,
1159 1711 1306 1752 eum
1353 1688 1434 1753 ab
1482 1689 1791 1775 Augusto
1834 1689 2119 1774 legatum
2166 1692 2405 1756 consti-

129 1807 294 1860 tutum
335 1818 478 1860 esse
521 1807 586 1860 et
623 1786 844 1872 trium,
882 1819 1044 1880 quas
1071 1796 1138 1860 in
1173 1819 1292 1862 sua
1328 1807 1643 1882 potestate
1688 1796 1963 1874 tenebat,
2011 1796 2405 1863 Gallicarum

128 1904 564 1989 provinciarum
619 1915 682 1967 et.
737 1903 1014 1968 duarum
1053 1904 1539 1990 Hispaniarum.
1624 1904 1865 1970 Abisse
1918 1916 2131 1970 autem
2188 1907 2253 1970 in
2297 1930 2405 1972 eas

127 2013 442 2098 provincias
504 2013 764 2077 videtur
809 2024 1083 2077 exeunte
1143 2036 1308 2077 anno
1347 2014 1416 2078 21
1486 2014 1592 2076 vel
1646 2013 1909 2078 ineunte
1964 2035 2041 2078 eo
2084 2014 2197 2098 qui
2234 2015 2407 2079 inse-

125 2123 333 2206 quitur3
377 2121 572 2186 rediit
596 2121 864 2184 Romam
909 2143 1128 2185 mense
1167 2123 1304 2186 fere
1331 2121 1507 2186 Maio
1544 2121 1695 2185 anni
1728 2123 1824 2197 19,
1868 2123 2149 2187 retinens
2195 2135 2407 2190 tamen

129 2230 419 2314 imperium
459 2207 970 2314 provinciarum,
1023 2227 1182 2290 dum
1225 2229 1366 2314 ipse
1411 2228 1763 2312 Augustus
1808 2253 1889 2294 ex
1934 2230 2095 2296 Asia
2138 2229 2407 2298 Octobri

129 2361 302 2402 mense
339 2337 625 2402 revertit.
695 2335 866 2418 Quis
903 2335 962 2398 ei
1006 2335 1416 2411 successerit,
1450 2358 1577 2400 non
1620 2337 1895 2402 traditur
1924 2339 2088 2404 illud
2120 2340 2407 2424 quidem,

129 2447 210 2510 sed
249 2446 576 2530 probabile
613 2455 824 2508 tamen
871 2443 1026 2508 mihi
1066 2442 1322 2508 videtur
1367 2465 1533 2520 esse,
1576 2444 1837 2512 Tiberio
1865 2445 2127 2522 Neroni,
2174 2449 2253 2525 ei,
2294 2451 2407 2534 qui

127 2565 303 2638 postea
323 2552 689 2639 imperavit,
715 2552 1022 2617 traditum
1048 2573 1190 2615 esse
1218 2549 1581 2616 Galliarum
1605 2552 1968 2638 imperium.
2030 2555 2273 2621 Fuerat
2299 2558 2407 2622 ille

129 2661 367 2746 Augusti
401 2661 618 2726 vitrici
648 2682 862 2726 comes
889 2659 957 2722 in
980 2658 1272 2723 Asiatica
1295 2659 1710 2744 profectione,
1742 2683 1824 2724 ex
1850 2684 1980 2745 qua
2004 2685 2153 2727 cum
2180 2665 2407 2730 eodem

133 2779 358 2855 tempore
421 2791 559 2854 quo
613 2767 724 2834 flle
779 2767 1089 2842 redisset,
1147 2766 1424 2832 honores
1466 2767 1817 2852 praetorios
1860 2770 1997 2855 (τὰς
2037 2776 2155 2834 τῶν
2202 2772 2405 2856 ἐστρα-

142 2878 425 2960 τηγηκότων
487 2877 696 2960 τιμάς,
755 2875 890 2938 Dio
940 2875 1122 2951 LIV,
1184 2876 1290 2958 10)
1351 2877 1632 2960 accepit,
1684 2875 1727 2940 i.
1768 2900 1824 2940 e.
1866 2899 1995 2940 non
2042 2891 2409 2946 ornamenta

133 2986 425 3067 praetoria,
483 3007 652 3070 quae
707 2983 820 3060 iis,
879 2984 990 3068 qui
1047 2985 1348 3049 senatorii
1399 2984 1643 3050 ordinis
1685 3008 1808 3051 nec
1846 2998 2063 3050 essent
2098 3009 2219 3052 nec
2263 3009 2407 3054 esse

121 3105 371 3177 possent,
428 3092 784 3168 dabantur,
837 3092 951 3156 sed
989 3091 1203 3156 locum
1247 3092 1639 3177 praetorium
1682 3093 2031 3158 sententiae
2070 3094 2138 3158 in
2180 3107 2407 3160 senatu

120 3200 412 3277 dicendae,
459 3211 526 3266 et
561 3203 884 3282 posthaec,
925 3210 999 3263 ut
1043 3196 1310 3263 Sueton.
1359 3198 1507 3263 Tib.
1554 3223 1608 3265 c.
1650 3201 1689 3266 9
1730 3201 1852 3280 ait,
1908 3214 2214 3266 comatam
2258 3207 2407 3268 Gal-

121 3310 240 3371 liam
278 3331 442 3372 anno
461 3312 624 3391 fere
661 3311 856 3381 rexit,
901 3317 960 3370 et
1001 3308 1406 3370 barbarorum
1450 3311 1909 3372 incursionibus
1948 3321 2010 3372 ct
2044 3315 2407 3392 principum

126 3419 384 3480 discordia
461 3421 828 3496 inquietam.
955 3419 1124 3478 Exin
1199 3420 1519 3478 Raeticum
1598 3420 2095 3497 Vindelicumque
2162 3419 2407 3495 bellum,

125 3527 232 3586 inde
267 3528 700 3588 Pannonicum
717 3568 736 3599 ‚
779 3525 922 3586 inde
966 3527 1407 3586 Germanicum
1445 3529 1655 3604 gessit.
1749 3526 1937 3607 Quae
1982 3524 2077 3590 sic
2124 3526 2327 3590 solent
2371 3550 2409 3590 a

131 3631 244 3696 viris
279 3633 488 3698 doctis
535 3630 830 3716 intelligi,
877 3641 948 3694 ut
989 3628 1240 3696 Galliae
1285 3632 1907 3698 administrationem
1951 3655 2099 3698 cum
2140 3631 2407 3698 Raetico

138 3736 254 3804 bello
289 3741 710 3825 coniungant,
750 3759 1008 3823 quoque
1053 3737 1338 3825 tempore
1381 3740 1449 3804 id
1492 3750 1751 3827 gestum
1796 3741 1899 3817 sit,
1944 3740 2171 3806 eodem
2209 3739 2407 3806 Tibe-

133 3844 252 3912 rium
281 3847 534 3916 Galliae
573 3847 932 3932 praefuisse
973 3846 1356 3912 existiment.
1425 3848 1642 3933 Quam
1680 3849 2047 3934 opinionem
2089 3858 2163 3912 ut
2193 3847 2407 3912 minus

126 3956 380 4036 probem,
442 3956 616 4020 duae
665 3955 978 4040 imprimis
1028 3977 1132 4020 res
1177 3956 1444 4021 faciunt.
1532 3957 1821 4022 Primum
1858 3955 2029 4021 enim
2070 3954 2443 4022 Raeticum-

127 4058 325 4129 bellum
365 4065 459 4130 sic
503 4073 760 4148 gestum
803 4074 920 4128 est.
1001 4059 1172 4128 Cum
1215 4085 1379 4128 anno
1424 4065 1501 4128 16
1542 4064 1835 4130 Lolliana
1873 4064 2091 4130 clades
2130 4063 2197 4126 in
2235 4062 2404 4128 Ger-

127 4171 300 4235 mania
349 4171 692 4238 accidisset
750 4171 912 4253 (Dio
951 4170 1132 4248 LIV,
1176 4171 1258 4236 20
1315 4184 1378 4238 et
1433 4172 1663 4238 Vellei.
1700 4173 1803 4248 II,
1849 4172 1995 4256 97),
2059 4171 2407 4256 Augustus

127 4274 238 4360 ipse
272 4302 414 4344 cum
449 4277 716 4344 Tiberio
751 4279 1049 4366 privigno
1094 4289 1250 4343 tunc
1293 4279 1509 4365 ipsum
1552 4291 1841 4366 praetore
1880 4280 2039 4363 (Dio
2076 4278 2257 4356 LIV,
2300 4278 2407 4361 19)

129 4381 179 4445 in
215 4383 474 4452 Galliam
533 4387 892 4473 profectus,
947 4386 1102 4472 quia
1151 4385 1406 4452 barbari
1457 4387 1711 4452 interim
1766 4397 2192 4463 recesserant,
2224 4385 2409 4464 ,nihil
