2917 5017
445 329 528 396 30
1099 333 1182 384 De
1217 329 1386 382 Gallia
1427 329 1780 381 Romanorum
1820 328 2093 392 provincia.

447 491 814 580 Cisalpinae
865 493 1116 560 Galliae
1179 502 1242 555 et
1291 489 1515 554 Italiae
1566 511 1795 574 parum
1856 489 2013 554 certi
2070 487 2232 552 fines
2287 485 2778 552 constituuntur

445 605 596 686 (nec
642 613 934 688 poterant
977 599 1280 664 constitui
1316 620 1463 663 cum
1502 595 1662 661 nulli
1696 599 1962 680 essent),
2011 618 2151 660 eam
2188 593 2269 659 ab
2294 594 2599 678 Appiano
2644 589 2778 654 dici

445 721 628 796 putet
673 708 988 785 Galliam,
1047 730 1212 792 quae
1258 707 1426 771 intra
1463 704 1711 770 Italiam
1758 727 1949 788 quam
1991 713 2248 789 putant,
2291 701 2521 776 fuerit,
2590 697 2781 764 addit
2886 727 2888 758 2

445 817 784 902 Appianus
822 815 855 880 I
898 839 954 880 c.
998 815 1076 880 67
1127 813 1401 880 Cinnam
1448 812 1771 898 praesidio
1830 833 2185 897 occupasse
2232 809 2637 883 Ariminum,
2696 829 2779 870 ne

448 947 530 988 ex
575 922 790 990 Gallia
831 923 1070 987 auxilio
1115 923 1357 988 veniret
1397 920 1721 986 exercitus
1757 920 1800 985 i.
1850 943 1938 996 e.,
1980 921 2242 1005 opinor,
2288 917 2409 984 Cn.
2458 916 2777 1000 Pompeii,
2888 909 2890 912 Α

447 1054 638 1116 quem
683 1032 1016 1117 optimates
1045 1031 1530 1096 arcessiverant.
1585 1026 1751 1092 Nam
1793 1027 1849 1090 si
1888 1027 2034 1110 quis
2076 1039 2231 1092 tunc
2252 1026 2533 1092 Galliam
2560 1022 2777 1090 Cisal-

444 1139 660 1224 pinam
706 1161 866 1204 suus
910 1151 1121 1204 rector
1162 1151 1442 1212 teneret,
1501 1157 1713 1200 nonne
1751 1134 1809 1200 is
1850 1146 1989 1200 erat
2026 1135 2461 1202 nominandus
2482 1180 2499 1210 ,
2543 1143 2621 1196 ut
2666 1132 2773 1196 alii

446 1247 666 1323 multi,
728 1247 841 1330 qui
882 1269 999 1331 per
1039 1246 1197 1310 haec
1236 1256 1524 1330 tempora
1567 1243 1995 1328 imperarunt,
2038 1241 2495 1309 nominantur?
2562 1263 2777 1304 nonne

446 1354 832 1418 narrandum
877 1365 1032 1430 erat,
1078 1352 1330 1418 Galliae
1364 1351 1727 1436 praesidem
1756 1375 1795 1415 a
1822 1351 2115 1435 partibus
2136 1351 2450 1416 Marianis
2478 1351 2777 1416 stetisse?

447 1461 752 1526 Efficitur
805 1462 1006 1548 igitur
1051 1459 1175 1525 Cn.
1217 1459 1601 1545 Pompeium
1648 1481 1797 1524 cum
1840 1459 2092 1524 Italiam
2147 1459 2541 1542 provinciam
2594 1481 2776 1524 acce-

449 1570 671 1654 pisset,
711 1592 840 1634 non
885 1570 1098 1634 minus
1138 1581 1352 1632 tamen
1379 1567 1444 1630 in
1475 1565 1691 1631 Gallia
1712 1563 2043 1652 Cisalpina
2072 1567 2415 1652 imperium
2444 1568 2777 1634 habuisse.
2894 1637 2896 1658 ἒ

445 1677 674 1761 Neque
703 1678 960 1741 omnino
983 1699 1146 1760 quae
1172 1676 1240 1738 in
1267 1674 1599 1762 republica
1620 1673 1909 1739 Romana
1950 1697 2065 1760 per
2102 1675 2343 1740 bellum
2369 1677 2703 1742 sociorum
2722 1688 2782 1740 et
2894 1671 2896 1690 ²

446 1808 562 1870 per
589 1785 1056 1874 dissensionem
1088 1783 1360 1860 civilem,
1397 1805 1561 1867 quae
1590 1782 1885 1846 insecuta
1912 1793 2029 1859 est,
2068 1784 2384 1848 accidisse
2413 1797 2778 1860 narrantur,

447 1904 616 1958 recte
667 1902 939 1978 possunt
960 1891 1254 1976 intelligi,
1295 1891 1442 1967 nisi,
1488 1890 1557 1954 id
1588 1891 1763 1974 quod
1796 1891 2151 1974 antiquitus
2176 1893 2379 1958 fuisse
2408 1893 2785 1970 docuimus,

447 1999 618 2066 idem
658 2017 806 2086 post
834 2002 1118 2066 Marium
1161 2011 1487 2064 servatum
1532 2021 1675 2064 esse
1719 1998 2183 2075 existimemus,
2228 2012 2301 2064 ut
2342 2001 2527 2066 Italia
2565 2025 2785 2086 usque

449 2107 531 2171 ad
551 2108 756 2192 Alpes
802 2108 1150 2194 pertineret
1194 2129 1403 2192 neque
1448 2107 1584 2172 ulla
1626 2107 1785 2171 citra
1826 2107 2029 2192 Alpes
2074 2119 2266 2184 esset,
2312 2131 2478 2193 quae
2524 2112 2786 2197 proprie

450 2213 778 2280 diceretur
821 2215 1155 2300 provincia
1200 2213 1432 2280 Gallia.

619 2326 835 2406 Atque
883 2322 951 2386 id
1013 2322 1204 2387 etiam
1243 2322 1452 2407 magis
1498 2344 1579 2386 ex
1624 2322 1928 2387 civilibus
1970 2322 2367 2407 quibusdam
2410 2321 2535 2390 Cn.
2580 2326 2781 2392 Pom·

449 2429 576 2515 peii
645 2430 1006 2494 actionibus
1082 2431 1480 2516 perspicitur.
1614 2429 1760 2494 Non
1828 2431 2091 2496 afferam
2166 2432 2289 2496 hoe
2350 2432 2495 2499 loco
2512 2481 2532 2511 ‚
2604 2437 2779 2520 quod

450 2533 682 2602 Cicero
724 2561 786 2623 p.
827 2538 1011 2602 Balb.
1057 2560 1112 2603 c.
1149 2538 1231 2604 22
1272 2549 1487 2602 narrat
1530 2536 1611 2602 ab
1654 2559 1731 2602 eo
1770 2536 1967 2602 rebus
1990 2539 2219 2606 Italico
2266 2540 2435 2606 bello
2480 2544 2779 2608 maximis

449 2645 650 2728 gestis
699 2644 776 2708 P.
829 2641 1168 2721 Caesium,
1223 2646 1502 2729 equitem
1560 2645 1925 2710 Romanum
1946 2693 1963 2724 ,
2020 2647 2463 2715 Ravennatem
2518 2651 2779 2717 civitate

449 2773 594 2814 esse
653 2751 983 2816 donatum.
1085 2753 1496 2836 Quamquam
1560 2753 1731 2818 enim
1782 2755 1997 2820 omnia
2054 2758 2380 2842 exempla,
2440 2781 2605 2842 quae
2666 2760 2779 2824 illo

447 2858 590 2923 loco
639 2883 680 2923 a
728 2856 1042 2926 Cicerone
1081 2861 1473 2938 afferuntur,
1536 2861 1853 2926 eiusmodi
1914 2873 2095 2940 sunt,
2152 2875 2225 2928 ut
2282 2867 2393 2949 qui
2449 2889 2777 2952 quemque

454 2967 710 3032 civitate
770 2969 1048 3034 donasse
1092 2973 1433 3034 narrantur
1451 3015 1471 3044 ,
1530 2969 1589 3032 ei
1634 2984 2007 3054 praeessent
2060 2973 2461 3058 provinciae,
2518 2999 2605 3042 ex
2652 3000 2779 3062 qua

449 3074 557 3139 ille
599 3076 712 3160 qui
755 3077 1105 3142 donaretur
1147 3087 1352 3152 esset,
1411 3077 1630 3142 nescio
1678 3089 1892 3145 tamen
1941 3104 2025 3146 ‚an
2080 3083 2273 3148 etiam
2312 3084 2435 3148 hoc
2478 3085 2781 3152 accidere

451 3183 749 3267 potuerit,
794 3194 867 3248 ut
899 3184 1088 3248 homo
1112 3184 1477 3259 Ravennae,
1516 3186 1815 3267 quamvis
1852 3188 2018 3252 alius
2052 3201 2225 3254 esset
2256 3193 2651 3276 provinciae,
2696 3195 2781 3260 ab

448 3311 524 3354 eo
551 3289 956 3374 imperatore,
966 3292 1079 3375 qui
1097 3291 1349 3356 Italiam
1371 3302 1647 3376 regeret,
1671 3293 1783 3358 illo
1804 3294 2063 3362 virtutis
2086 3299 2369 3383 praemio
2386 3300 2780 3368 afficeretur.

450 3393 586 3460 Sed
628 3399 864 3463 certius
903 3399 1483 3465 documentum‘ex
1525 3400 1629 3477 iis,
1670 3423 1836 3485 quae
1880 3403 1961 3468 de
1986 3401 2109 3470 Cn.
2130 3404 2425 3494 Pompeii
2464 3410 2532 3474 in
2558 3409 2779 3478 Gallia

447 3503 911 3591 Transpadana
944 3507 1104 3572 actis
1131 3509 1518 3582 referuntur,
1562 3508 1697 3592 peti
1724 3521 1952 3594 potest,
1993 3534 2160 3596 quae
2187 3527 2257 3579 ut
2280 3518 2771 3604 perspiciantur,

449 3611 642 3697 paulo
689 3613 1014 3697 copiosius
1041 3614 1122 3679 de
1149 3614 1406 3680 civitate
1432 3615 1657 3680 Italiae
1681 3615 1831 3682 data
1852 3619 2317 3704 disputandum
2346 3636 2463 3690 est.
2510 3626 2777 3692 Etenim

448 3740 596 3784 cum
642 3720 884 3786 bellum
929 3721 1289 3786 Marsicum
1329 3722 1697 3800 exarsisset,
1740 3736 1967 3791 notum
2010 3743 2109 3794 est
2150 3743 2406 3798 coactos
2448 3757 2597 3800 esse
2638 3737 2775 3802 Ro-

445 3849 688 3904 manos,
733 3829 908 3912 quod
949 3851 1138 3914 saepe
1163 3830 1406 3896 frustra
1443 3841 1822 3917 temptatum
1862 3848 2014 3911 erat,
2054 3838 2287 3916 facere,
2332 3857 2405 3906 ut
2443 3842 2773 3910 civitatem

445 3934 639 4000 sociis
691 3936 936 4001 darent.
1023 3936 1188 4002 Eius
1233 3937 1326 4002 rei
1359 3948 1588 4004 auctor
1634 3940 1842 4005 extitit
1896 3956 2155 4012 senatus
2202 3949 2405 4037 (App.
2454 3951 2604 4018 bell.
2644 3955 2773 4020 civ.

442 4041 497 4118 I,
547 4041 678 4126 49),
720 4065 952 4126 quare,
992 4044 1061 4107 id
1101 4045 1274 4127 quod
1317 4067 1449 4110 non
1496 4069 1685 4133 saepe
1730 4050 1995 4129 accidit,
2044 4055 2150 4119 lex
2187 4057 2317 4123 lata
2358 4071 2459 4124 est
2496 4060 2579 4126 ab
2625 4063 2773 4150 ipso

444 4149 710 4215 consule
767 4149 850 4214 L.
899 4151 1069 4216 Iulio
1129 4149 1408 4220 Caesare
1474 4169 1759 4222 extremo
1820 4160 2237 4244 magistratus
2302 4167 2403 4230 sui
2460 4180 2771 4256 tempore.

443 4257 676 4342 Neque
721 4259 890 4324 enim
931 4260 1141 4325 adfuit
1165 4261 1232 4324 in
1257 4284 1334 4326 ea
1359 4263 1630 4328 ferenda
1660 4264 1821 4330 alter
1846 4268 2076 4333 consul
2094 4270 2171 4334 P.
2198 4273 2482 4340 Rutilius
2506 4276 2768 4365 Lupus,

441 4365 554 4450 qui
593 4388 814 4432 mense
834 4365 1150 4449 Quinetili
1177 4370 1414 4436 cecidit
1436 4369 1670 4458 (ovid.
1691 4374 1869 4441 Fast.
1893 4376 2012 4454 VI,
2032 4378 2208 4464 563),
2250 4382 2363 4465 qui
2384 4382 2439 4447 si
2471 4384 2765 4465 vixisset,

2898 2034 2901 2116 V
