2917 5017
838 332 921 383 Dc
954 330 1127 383 Gallia
1158 331 1510 382 Romanorum
1557 332 1830 397 provincia.
2395 328 2470 395 31

138 512 277 553 non
330 489 611 555 dubium
660 504 780 569 est,
824 494 977 578 quin
1018 516 1147 558 non
1192 495 1405 559 minus
1450 517 1642 579 quam
1689 496 1937 581 collega
1961 496 2209 559 laturus
2256 496 2476 571 fuerit3

138 598 295 683 ipso
340 611 554 663 autem
599 612 885 665 extremo
926 622 1095 667 anno
1140 623 1285 665 esse
1324 603 1517 667 latam
1566 605 1840 689 Appian.
1885 604 1952 678 I,
2001 603 2079 667 44
2140 602 2477 685 significat,

146 708 267 789 qui
314 708 391 771 L.
434 704 704 773 Caesari
754 720 967 774 narrat
1006 710 1209 773 otium
1253 732 1379 773 non
1424 710 1630 773 fuisse
1672 711 1740 773 in
1785 710 2007 775 urbem
2037 710 2353 774 redeundi
2395 710 2477 774 ad

146 816 413 881 comitia
452 814 873 903 subrogando
910 817 1191 903 collegae
1235 818 1552 895 habenda,
1597 819 1709 903 qui
1741 840 1888 883 cum
1925 818 2298 883 revertisset
2339 829 2479 881 tan-

154 925 301 988 dem
346 935 639 989 extremo
696 948 895 1002 anno,
955 948 1076 990 nec
1120 925 1333 991 suffici
1372 927 1702 991 consulem
1748 949 1976 1012 operae
2020 926 2297 1012 pretium
2338 948 2480 991 esse

148 1032 341 1095 duxit
390 1043 457 1097 et
501 1034 703 1098 huius
761 1032 927 1119 legis
974 1033 1302 1118 rogandae
1355 1045 1608 1121 tempus
1655 1035 1898 1100 habuit.
1985 1034 2120 1099 Sed
2177 1034 2260 1099 de
2300 1034 2364 1098 vi
2406 1056 2482 1098 ac

146 1151 385 1207 natura
442 1141 643 1205 huius
700 1141 867 1227 legis
906 1140 1109 1205 Iuliae
1144 1144 1337 1228 paulo
1387 1144 1572 1208 aliter
1626 1165 1800 1208 nunc
1853 1143 2275 1208 iudicandum
2337 1164 2480 1205 esse

146 1251 339 1313 video
382 1271 463 1313 ac
506 1248 631 1313 viri
684 1248 861 1312 docti
912 1247 1119 1312 solent
1158 1250 1545 1316 existimare.
1637 1250 1944 1316 Statuunt
1997 1251 2166 1316 enim
2205 1251 2478 1337 primum

150 1382 292 1422 eam
337 1358 591 1433 Italiae,
636 1380 831 1442 quam
866 1356 1120 1441 proprie
1158 1357 1249 1422 ita
1292 1360 1735 1445 appellandam
1780 1382 1924 1425 esse
1959 1372 2201 1446 putant,
2241 1358 2480 1422 finibus

142 1467 357 1530 fuisse
404 1464 991 1550 circumscriptam:
1042 1487 1171 1548 qua
1212 1465 1279 1529 in
1324 1488 1393 1532 re
1444 1469 1787 1553 opinantur
1829 1467 2175 1532 discrimen
2219 1465 2478 1550 aliquod

140 1576 359 1639 fuisse
404 1574 685 1639 nominis
714 1574 955 1649 ltaliae,
1000 1573 1178 1657 quod
1204 1574 1453 1638 nullum
1490 1598 1773 1660 unquam
1819 1576 1960 1640 fuit.
2020 1573 2267 1639 Omnes
2313 1574 2481 1637 enim

148 1686 503 1770 scriptores
548 1682 741 1747 etiam
790 1693 935 1746 ante
977 1682 1425 1767 imperatorem
1470 1680 1872 1769 Augustum,
1919 1708 1957 1748 a
1997 1706 2125 1769 quo
2171 1681 2480 1767 quicquid

156 1793 243 1856 ad
269 1793 469 1877 Alpes
502 1792 779 1877 pertinet
802 1790 1022 1855 Italiae
1048 1790 1371 1855 adiectum
1401 1815 1544 1857 esse
1573 1815 1793 1858 omnes
1837 1791 2218 1865 concedunt,
2261 1789 2483 1854 Italiae

152 1901 425 1965 nomine
471 1899 841 1964 universam
888 1898 1167 1964 Galliam
1210 1896 1608 1985 Cisalpinam
1669 1897 2237 1985 comprehendunt.
2338 1896 2482 1959 Non

144 2030 589 2073 commemoro
626 2008 810 2084 alios,
858 2009 971 2093 qui
1010 2009 1165 2093 quia
1206 2031 1283 2075 ea
1322 2022 1526 2073 aetate
1570 2009 1890 2083 vixerunt,
1931 2028 2061 2090 qua
2104 2017 2290 2067 vetus
2335 2026 2483 2089 pro—

138 2118 523 2181 vinciarum
558 2118 721 2181 ratio
764 2118 1169 2182 existimatur
1212 2139 1354 2181 esse
1401 2114 1656 2191 abolita,
1700 2116 1912 2181 minus
1957 2114 2229 2178 fortasse
2266 2111 2484 2177 idonei

136 2237 349 2292 testes
396 2248 547 2291 esse
588 2225 949 2303 videantur,
993 2248 1114 2289 nec
1141 2223 1522 2289 Strabonem
1562 2224 1705 2288 libr.
1747 2224 1808 2288 V
1834 2222 1970 2286 init.
2008 2222 2224 2297 affero,
2272 2221 2382 2305 qui
2430 2220 2482 2285 si

140 2346 325 2400 recte
372 2333 767 2417 explicetur,
824 2335 1203 2400 sententiam
1248 2344 1532 2398 nostram
1574 2354 1703 2395 non
1745 2332 1959 2395 minus
2007 2330 2367 2404 confirmet,
2421 2339 2487 2394 at

142 2443 477 2529 Polybius
522 2443 619 2519 ΙΙ,
678 2442 751 2506 14
814 2442 987 2506 haud
1042 2442 1241 2509 dubie
1286 2439 1562 2507 Galliam
1609 2437 2004 2525 Cisalpinam
2062 2438 2485 2523 appellatione

143 2552 375 2618 Italiae
428 2551 896 2637 complectitur,
930 2550 1083 2615 item
1130 2548 1373 2616 Caesar
1414 2548 1563 2612 bell.
1611 2547 1781 2613 Gall.
1817 2548 1902 2624 V,
1955 2552 2006 2623 1,
2051 2546 2165 2611 ubi
2210 2568 2356 2609 cum
2399 2544 2489 2608 ait

151 2684 231 2725 ex
254 2658 485 2725 Gallia
526 2680 667 2723 sese
712 2658 780 2722 in
808 2657 1056 2721 Italiam
1089 2680 1233 2722 esse
1278 2659 1654 2743 profectum,
1697 2657 1763 2720 in
1785 2655 2065 2721 Galliam
2089 2652 2488 2738 Cisalpinam

162 2792 229 2833 se
268 2768 487 2833 abisse
536 2765 695 2830 dicit
741 2766 869 2852 (cf.
911 2764 1046 2842 VI,
1087 2765 1167 2830 44
1214 2775 1279 2829 et
1315 2765 1484 2842 Vn,
1539 2768 1567 2828 1
1619 2778 1679 2829 et
1721 2764 1801 2828 50
1845 2774 1908 2827 et
1953 2763 2112 2846 52),
2149 2772 2213 2825 et
2258 2758 2488 2824 Cicero

171 2877 339 2940 Phil.
373 2876 487 2951 W,
539 2873 578 2939 4
623 2884 815 2955 aeoegat
850 2878 1085 2949 Gallia,
1130 2884 1320 2955 negat
1362 2884 1590 2936 cuncta
1632 2876 1845 2949 Ιίαῖιάς
1884 2869 2254 2953 ibidemque
2297 2868 2380 2943 V,
2415 2868 2489 2933 12

160 2988 453 3050 dtlectum
516 2984 733 3045 haberi
777 3020 859 3029 -—
913 2986 981 3043 in
1031 2985 1218 3045 Italia
1262 2992 1514 3062 praeter
1567 2984 1844 3044 Gallium
1902 2988 2030 3039 tota
2046 3026 2062 3052 ,
2122 2978 2233 3061 qui
2295 2977 2346 3041 si
2402 2977 2492 3041 ita

152 3095 469 3159 dixerunt
520 3114 597 3156 eo
642 3102 949 3175 tempore,
997 3111 1127 3174 quo
1176 3088 1427 3153 Galliae
1458 3085 1826 3172 Cisalpinae
1867 3084 2186 3169 propriam
2229 3085 2490 3170 provin-

158 3206 317 3268 ciam
376 3202 593 3267 fuisse
652 3209 937 3273 constat,
1002 3197 1160 3281 quid
1218 3196 1447 3281 reliqui
1508 3207 1570 3259 et
1629 3193 2052 3259 existimarint
2091 3205 2155 3257 et
2192 3193 2492 3268 dixerint,

170 3311 445 3377 dubitari
490 3332 624 3374 non
664 3317 893 3393 potest.
979 3304 1175 3369 Nulla
1227 3304 1429 3390 igitur
1477 3314 1574 3367 est
1617 3324 1782 3387 quae
1839 3301 2096 3387 proprie
2142 3312 2368 3365 vocata
2411 3300 2493 3363 sit

162 3421 345 3485 Italia
392 3431 585 3485 extra
622 3416 903 3482 Galliam
944 3410 1377 3497 Cisalpinam,
1440 3410 1556 3475 sed
1606 3432 1836 3475 nomen
1878 3409 2002 3473 hoc
2050 3410 2176 3473 iam
2216 3407 2494 3493 antiquis

152 3526 569 3615 temporibus
614 3546 825 3609 usque
872 3522 953 3586 ad
998 3519 1202 3605 Alpes
1244 3520 1538 3605 pertinet.
1626 3518 1881 3583 Deinde
1923 3517 2014 3580 illi
2063 3538 2209 3580 cum
2249 3516 2495 3580 Italiam

156 3637 493 3724 propriam
535 3656 677 3699 eam
719 3654 911 3717 quam
956 3630 1260 3705 diximus,
1321 3628 1486 3692 falso
1530 3626 1918 3711 intelligunt,
1961 3624 2146 3706 eique
2189 3623 2306 3686 soli
2350 3622 2496 3707 lege

162 3747 331 3811 Iulia
390 3745 722 3810 civitatem
780 3740 997 3805 datam
1060 3760 1203 3803 esse
1262 3746 1526 3801 censent
1547 3783 1563 3811 ,
1633 3734 1698 3797 in
1759 3732 2153 3819 singularem
2220 3730 2499 3814 aliquam

160 3854 625 3921 difficultatem
666 3848 983 3915 incidunt.
1046 3846 1305 3911 Etenim
1349 3843 1645 3929 quamvis
1668 3842 1891 3907 Italiae
1927 3840 2184 3903 nomine
2221 3836 2499 3904 Galliam

164 3962 579 4048 Cisalpinam
616 3956 983 4032 excludant,
1023 3952 1390 4018 faciendum
1416 3962 1626 4015 tamen
1655 3972 1798 4014 esse
1828 3949 2069 4024 vident,
2118 3958 2190 4011 ut
2225 3946 2500 4012 civitatis

178 4073 417 4136 donum
477 4067 673 4133 latius
740 4063 1121 4138 extendant,
1189 4072 1562 4146 partemque
1633 4056 2000 4143 Cisalpinae
2057 4054 2306 4122 Galliae
2358 4054 2400 4116 i.
2445 4074 2501 4117 e.

186 4176 589 4266 Cispadanos
633 4196 855 4240 omnes
916 4171 1138 4237 eodem
1190 4180 1474 4255 tempore
1527 4168 1590 4232 in
1642 4167 1964 4231 civitatem
2018 4174 2309 4248 receptos
2360 4182 2502 4226 esse

176 4298 515 4362 censeant,
578 4304 709 4369 quo
750 4280 957 4345 Italici
1013 4278 1136 4364 ipsi
1190 4278 1338 4363 lege
1382 4276 1552 4341 Iulia
1609 4274 1848 4359 recepti
1903 4283 2071 4337 sunt.
2155 4270 2342 4352 Quae
2399 4290 2502 4333 res

172 4420 319 4463 cum
366 4396 656 4483 primum
700 4414 740 4457 a
778 4388 856 4454 F.
898 4384 976 4453 C.
1022 4385 1337 4473 Savignio
1398 4382 1635 4449 celebri
1687 4380 2254 4457 commentatione,
2311 4400 2506 4464 quam
