2917 5017
484 292 567 361 84
1131 300 1215 349 De
1256 296 1428 349 Gallia
1463 296 1809 345 Romanorum
1861 297 2136 360 provincia.

484 472 591 537 est,
638 472 701 527 et
727 462 923 548 paulo
945 470 1127 546 post:
1182 464 1303 524 Illa
1336 468 1661 541 praeterea
1707 459 1816 523 On.
1847 462 2122 540 Pompeii
2159 470 2300 523 sunt
2339 463 2740 535 animadversa,

485 594 642 650 quae
685 575 955 633 maxime
996 572 1435 650 confidentiam
1483 568 1842 628 attulerunt
1893 568 2235 631 hominibus
2254 616 2268 644 ‚
2329 578 2401 629 ut
2451 571 2652 631 diceret
2699 592 2744 632 se

484 688 634 741 ante
674 680 922 743 Galend.
965 683 1165 741 Mart.
1220 700 1348 739 non
1383 698 1555 757 posse
1595 679 1726 737 sine
1757 678 2000 737 iniuria
2046 679 2117 739 de
2157 680 2483 757 provinciis
2513 678 2746 741 Caesaris

485 794 774 860 statuere,
809 796 952 865 post
994 787 1125 851 Cal.
1170 790 1369 850 Mart.
1412 806 1473 847 se
1507 805 1634 845 non
1676 784 2124 850 dubitaturum.
2185 782 2323 849 Cur
2357 795 2555 849 autem
2586 782 2749 847 Pom·
2841 824 2843 833 ·

485 893 706 977 peius,
770 891 825 956 si
879 904 1025 956 ante
1076 890 1215 956 Cal.
1268 892 1460 957 Mart.
1521 891 1672 956 anni
1729 890 1812 955 50
1867 890 1948 955 de
1999 887 2275 955 Caesare
2329 892 2750 967 decerneretur,

484 999 785 1063 iniuriam
844 999 902 1063 ei
956 1001 1094 1064 fieri
1151 1000 1451 1085 putabat,
1519 1002 1574 1065 si
1627 1009 1778 1086 post
1835 1022 1980 1075 eas,
2041 1019 2167 1061 non
2221 998 2399 1062 fieri?
2477 997 2753 1062 Nimirum

484 1106 637 1190 quia
690 1130 765 1171 eo
823 1119 1109 1193 tempore
1164 1109 1504 1173 transactis
1558 1108 1822 1194 reliquis
1883 1106 2158 1192 negotiis
2209 1116 2464 1171 senatus
2511 1106 2655 1169 solet
2691 1106 2753 1169 de
2841 1124 2843 1127 ⁴

485 1215 859 1299 provinciis,
903 1238 1067 1300 quae
1114 1238 1371 1301 quoque
1416 1239 1582 1283 anno
1629 1239 1870 1281 vacuae
1913 1215 2096 1290 fiunt,
2147 1224 2424 1278 statuere
2467 1225 2527 1278 et
2561 1236 2756 1277 consu-

485 1323 731 1388 laribus
778 1334 843 1387 et
884 1324 1219 1410 praetoriis
1266 1348 1346 1389 ex
1386 1326 1532 1411 lege
1577 1324 1840 1410 quidem
1875 1322 2206 1409 Pompeia,
2251 1345 2382 1407 qua
2419 1332 2596 1385 vetus
2629 1320 2758 1385 ratio
2842 1378 2843 1383 ,

485 1432 824 1515 paululum
887 1442 1131 1497 mutata
1191 1444 1287 1495 est
1355 1436 1380 1517 (
1398 1430 1758 1497 Comment.
1815 1431 2144 1517 epigraph.
2207 1431 2350 1494 Vol.
2387 1430 2456 1495 ΙΙ
2513 1453 2572 1515 p.
2609 1429 2758 1510 291),
2841 1484 2843 1487 Α

486 1561 685 1623 quare
727 1562 875 1603 cum
918 1540 1086 1605 intra
1119 1564 1357 1605 annum
1393 1542 1475 1606 50
1517 1541 1728 1605 exisse
1759 1537 2060 1605 Caesaris
2089 1538 2589 1623 quinquennium
2623 1536 2761 1599 didi·
2841 1532 2843 1593 ἶ

488 1647 795 1723 cerimus‚
840 1671 921 1713 ne
966 1649 1123 1733 quid
1170 1659 1349 1715 extra
1390 1649 1684 1714 ordinem
1727 1648 1809 1712 de
1853 1670 1928 1711 eo
1974 1646 2232 1723 decerni
2271 1646 2620 1719 videretur,
2661 1668 2765 1709 una

488 1776 637 1820 cum
676 1756 939 1840 reliquis
978 1758 1329 1843 provinciis
1376 1758 1566 1823 etiam
1593 1758 1675 1822 de
1705 1755 1939 1821 Galliis
1971 1754 2331 1819 rectissime
2363 1754 2549 1818 statui
2579 1753 2767 1839 existi-

488 1863 719 1930 mabat.
791 1863 1199 1950 Quamquam
1244 1866 1409 1929 illud
1453 1876 1623 1931 certe
1660 1865 1873 1929 minus
1917 1872 2062 1945 apte
2105 1859 2372 1926 Caelius
2413 1862 2614 1947 priore
2650 1862 2766 1923 loco

490 1970 709 2035 scribit
777 1970 1123 2038 Caesarem
1180 1975 1433 2059 placere
1476 1984 1618 2054 post
1675 1975 1806 2038 Cal.
1865 1975 2142 2033 Martias
2197 1972 2508 2044 decedere,
2561 1982 2628 2031 ut
2672 1990 2769 2031 nec

489 2079 661 2143 diem
706 2102 836 2164 quo
878 2102 1026 2143 eum
1070 2080 1383 2145 decedere
1428 2080 1706 2145 voluerit
1753 2078 2018 2142 definiat
2059 2087 2122 2141 et
2168 2075 2249 2140 de
2291 2076 2655 2141 decedendo
2693 2076 2768 2138 lo-

486 2198 723 2270 quatur
788 2208 935 2251 cum
998 2188 1229 2253 debeat
1288 2190 1371 2252 de
1404 2208 1808 2253 successore
1855 2185 2280 2249 decernendo.
2370 2186 2766 2251 Veruntamen

488 2316 633 2358 cum
694 2294 801 2357 illa
854 2306 1025 2359 esset
1070 2296 1363 2383 Pompeii
1420 2296 1764 2371 sententia,
1825 2304 1898 2357 ut
1945 2290 2208 2357 Caesari
2267 2304 2496 2359 exacto
2549 2293 2766 2357 demum

486 2402 755 2486 imperio
814 2425 1252 2469 successorem
1308 2404 1690 2467 mittendum
1747 2423 1890 2465 esse
1941 2410 2264 2477 censeret,
2330 2401 2490 2488 quid
2551 2401 2766 2467 tandem
2841 2394 2843 2429 ³

486 2532 655 2573 anno
697 2510 779 2573 50
821 2519 1036 2574 actum
1076 2513 1217 2575 est?
1293 2513 1401 2575 De
1438 2533 1567 2595 quo
1609 2520 1825 2574 narrat
1863 2507 2208 2593 Appianus
2246 2507 2398 2573 bell.
2433 2509 2552 2575 civ.
2575 2510 2656 2585 II,
2685 2508 2765 2573 27:

484 2615 794 2685 Κλαύδιος
849 2617 902 2679 δ’
962 2619 1227 2703 ἐςηγεῖτο
1284 2620 1542 2701 πέμπειν
1600 2616 1864 2700 Καίσαρι
1919 2616 2250 2699 διαδόχους
2321 2618 2425 2679 ἐπὶ
2491 2617 2562 2681 τὰ
2625 2618 2769 2698 ἔθνη·

485 2727 587 2787 καὶ
628 2724 741 2809 γὰρ
788 2724 1003 2809 ἔληγεν
1052 2730 1083 2790 ὁ
1124 2727 1347 2812 χρόνος
1386 2726 1429 2790 i.
1473 2748 1526 2790 e.
1567 2722 1644 2789 C.
1691 2720 2010 2788 Claudius
2050 2722 2405 2789 Marcellus
2465 2726 2628 2789 circa
2663 2721 2772 2789 Cal.

484 2832 754 2899 Martias
801 2835 1164 2920 (paululum
1216 2834 1385 2899 enim
1437 2856 1575 2897 rem
1621 2832 1884 2897 dilatam
1927 2852 2070 2894 esse
2113 2828 2422 2915 arbitror)
2473 2833 2676 2897 retulit
2713 2854 2774 2895 ex

488 2944 1045 3009 senatusconsulto
1117 2944 1199 3007 de
1267 2942 1618 3028 provinciis
1694 2938 2142 3005 consularibus
2215 2938 2652 3027 imprimisque
2710 2939 2774 3002 de

488 3048 753 3126 Galliis3
796 3051 1117 3136 siquidem
1153 3061 1309 3115 tunc
1354 3047 1690 3114 desinebat
1725 3046 2216 3133 proconsulatus
2258 3043 2581 3114 Caesaris.
2627 3048 2774 3112 Non·
2841 3100 2843 3103 Α

486 3157 643 3220 dum
683 3158 887 3243 igitur
926 3180 1145 3222 mense
1180 3157 1419 3219 Martio
1458 3156 1732 3230 exierat,
1782 3154 1896 3219 sed
1939 3156 2338 3241 propinquus
2384 3169 2632 3223 tantum
2667 3164 2777 3221 erat
2841 3167 2843 3225 ἶ

487 3264 719 3329 exitus.
799 3264 1047 3329 Verum
1087 3285 1215 3348 quo
1259 3262 1518 3343 tandem
1557 3262 1662 3325 die
1705 3273 1840 3327 erat
1885 3262 2221 3329 exiturus?
2303 3264 2570 3331 Scilicet
2605 3262 2775 3349 signi-

484 3372 635 3435 ficat
670 3394 898 3436 rursus
926 3369 1205 3435 Caelius·
1232 3392 1448 3435 mense
1485 3372 1620 3435 fere
1654 3370 1842 3435 Iunio
1873 3371 1966 3435 sic
1993 3373 2076 3437 ad
2104 3370 2486 3439 Ciceronem
2519 3374 2774 3439 scribens

488 3476 654 3563 (Cic.
684 3480 867 3565 epist.
891 3480 1079 3556 VIII,
1114 3482 1207 3555 11,
1238 3480 1335 3563 3):
1390 3483 1569 3551 Quod
1601 3484 1690 3543 ad
1725 3482 2165 3561 rempublicam
2211 3486 2470 3560 attinet,
2513 3488 2582 3546 in
2613 3498 2770 3543 unam

486 3611 737 3651 causam
772 3593 969 3652 omnis
1008 3594 1315 3652 contentio
1354 3592 1630 3649 contecta
1672 3598 1762 3649 est
1793 3590 1864 3650 de
1893 3592 2250 3667 provinciis,
2297 3594 2366 3653 in
2395 3614 2582 3672 quam
2607 3590 2778 3651 adhuc

486 3698 827 3760 incubuisse
868 3720 1007 3759 cum
1050 3707 1271 3759 senatu
1310 3700 1632 3776 Pompeius
1679 3699 1940 3772 videtur,
1994 3705 2065 3757 ut
2111 3700 2338 3761 Caesar
2379 3702 2460 3763 ld.
2493 3695 2779 3761 Novembr.

487 3807 756 3867 decedat.
829 3802 1026 3885 Quod
1068 3803 1269 3889 igitur
1314 3804 1644 3889 superiore
1683 3826 1850 3869 anno
1879 3803 2227 3889 Pompeius
2255 3817 2554 3871 narratur
2585 3801 2781 3869 existi-

488 3934 717 3987 masse,
757 3923 830 3974 ut
857 3908 1121 3975 Caesari
1158 3920 1379 3976 exacto
1420 3912 1673 3997 imperii
1707 3911 1814 3975 die
1855 3912 2336 3977 succedendum
2363 3936 2506 3979 esse
2531 3920 2781 3999 putaret,

483 4018 555 4081 id
615 4018 739 4083 hoc
792 4018 935 4112 loco
994 4019 1085 4083 sic
1142 4018 1411 4095 dicitur,
1471 4018 1756 4083 voluisse
1813 4041 1961 4083 eum
2003 4017 2271 4087 Caesari
2315 4021 2416 4085 Id.
2457 4018 2781 4087 Novembr.

488 4125 771 4191 succedi.
848 4126 1079 4190 Nonne
1136 4126 1335 4212 igitur
1387 4136 1678 4211 apertum
1723 4136 1852 4202 est,
1912 4126 2070 4210 ipsis
2098 4115 2214 4193 'his
2254 4128 2484 4194 Idibus
2523 4128 2781 4193 Novem-

486 4232 712 4298 bribus
751 4234 901 4299 anni
940 4234 1021 4299 50
1062 4231 1361 4299 Caesaris
1399 4235 1610 4299 exisse
1650 4234 2174 4320 proconsulatum
2217 4236 2403 4320 eique
2441 4260 2520 4301 ex
2544 4235 2778 4323 legibus

489 4342 777 4427 potuisse
840 4343 1150 4409 succedi?
1231 4343 1338 4407 Ex
1394 4342 1622 4407 eodem
1683 4341 1788 4405 die
1851 4342 1999 4407 anni
2061 4344 2142 4409 55
2203 4346 2261 4409 ei
2323 4345 2471 4410 olim
2533 4345 2780 4410 alterum
