2917 5017
535 324 654 390 110
1140 329 1224 378 De
1259 325 1432 377 Gallia
1470 327 1823 376 Romanorum
1868 326 2146 390 provincia.

531 492 942 558 Intellexerat
979 503 1190 556 tamen
1209 538 1224 564 ‚
1243 483 1539 577 ‘opinor,
1579 489 1845 553 Marcus
1892 488 1995 552 vel
2039 491 2261 576 plures
2300 513 2445 556 esse
2488 491 2703 556 hostes
2742 491 2829 554 vel

531 601 836 665 maiorem
881 599 1301 689 provinciam,
1347 621 1541 683 quam
1581 620 1747 680 quae
1792 596 1875 661 ab
1917 619 2049 660 uno
2093 598 2305 684 legato
2354 600 2507 662 satis
2546 598 2827 663 defende-

533 717 730 772 retur.
819 691 1080 773 Etenini
1119 707 1526 794 Capitolinus
1570 707 1745 770 Pert.
1790 727 1846 768 c.
1888 705 1929 769 2
1984 706 2078 770 sic
2119 720 2368 772 narrat:
2440 713 2697 770 Marcus
2734 710 2825 766 im-

517 825 794 896 perator,
839 827 913 878 ut
947 827 1368 898 compensaret
1401 817 1707 878 iniuriam
1734 813 2087 898 (Pertinaci
2123 814 2205 880 ab
2244 815 2523 880 inimicis
2564 813 2827 894 illatam),

519 928 908 1004 praetorium
947 948 1084 987 eum
1107 1001 1113 1006 ⁵
1123 931 1275 1002 fecit
1309 933 1370 987 et
1398 927 1645 1005 primae
1681 924 1916 1002 legioni
1948 926 2252 1002 regendae
2290 927 2584 1004 imposuit
2618 926 2829 984 statim·

529 1053 644 1112 que
688 1035 940 1095 Raetias
984 1043 1042 1094 et
1079 1035 1374 1094 Noricum
1419 1031 1497 1094 ab
1536 1030 1801 1094 hostibus
1842 1033 2203 1094 vindicavit.
2276 1037 2377 1094 Ex
2404 1053 2525 1110 quo
2556 1033 2829 1092 eminente

528 1142 846 1202 industria
892 1143 1096 1204 studio
1144 1144 1359 1202 Marci
1395 1141 1787 1219 imperatoris
1826 1159 1940 1201 cos.
1983 1150 2070 1202 est
2112 1142 2491 1220 dongualus.
2567 1137 2829 1201 Raetiam

527 1247 730 1331 igitur
790 1247 1094 1310 Pertinax
1153 1247 1392 1310 rexerit
1453 1267 1623 1310 anno
1679 1245 1801 1310 172
1860 1268 1923 1330 p.
1977 1243 2133 1314 Chr.
2190 1269 2459 1312 necesse
2514 1257 2644 1320 est3
2708 1267 2828 1307 nam

527 1355 930 1418 consulatum
991 1379 1138 1419 eum
1195 1355 1527 1420 absentem
1581 1375 1753 1418 anno
1798 1355 1915 1420 175
1968 1355 2251 1438 gessisse
2298 1355 2547 1420 scimus
2590 1351 2827 1436 (Borgh.

529 1462 766 1526 Diurn.
813 1462 1054 1528 Arcad.
1100 1463 1294 1538 1824,
1341 1464 1380 1527 2
1425 1485 1490 1546 p.
1526 1462 1659 1544 64).
1760 1461 1971 1547 Legio
2032 1472 2247 1526 autem
2297 1463 2410 1528 illa
2467 1485 2598 1526 non
2652 1471 2828 1545 potest

529 1593 672 1636 esse
729 1571 854 1635 nisi
907 1594 986 1636 ea
1045 1594 1210 1655 quae
1261 1570 1573 1635 Adiutrix
1630 1570 2021 1655 appellatur,
2090 1570 2413 1652 siquidem
2472 1569 2827 1634 Minerviam

529 1691 684 1743 tunc
743 1691 994 1743 constat
1046 1680 1112 1744 in
1159 1677 1513 1744 Germania
1552 1678 1887 1755 inferiore,
1947 1678 2239 1744 Italicam
2282 1679 2349 1742 in
2397 1678 2653 1742 Moesia
2692 1678 2828 1740 infe-

531 1787 700 1852 riore
745 1788 1080 1852 stationem
1119 1786 1463 1862 habuisse,
1522 1797 1859 1869 utramque
1906 1786 1971 1848 in
2020 1785 2399 1871 regionibus
2446 1810 2487 1850 a
2530 1785 2747 1850 Raetia
2782 1793 2825 1845 et

528 1895 766 1960 Norico
810 1897 1002 1981 longe
1041 1894 1326 1960 remotis.
1415 1893 1726 1958 Adiutrix
1772 1905 1983 1958 autem
2028 1906 2165 1959 erat
2204 1895 2271 1958 in
2317 1893 2653 1960 Pannonia
2690 1892 2825 1954 infe-

529 2005 733 2079 riore,
781 2026 974 2087 quam
1013 2024 1164 2066 cum
1197 2003 1544 2087 imperator
1582 2002 1721 2087 ipse
1752 1998 2067 2066 Carnunti
2106 2003 2501 2068 constitutus
2536 2014 2825 2083 tamquam

535 2133 716 2174 suam
763 2111 1158 2195 provinciam
1198 2121 1507 2184 tueretur,
1552 2109 1667 2172 uni
1708 2132 1787 2172 ex
1828 2107 2227 2194 legionibus,
2270 2132 2435 2194 quas
2482 2131 2697 2174 secum
2734 2106 2827 2167 ha-

533 2217 743 2294 bebat,
786 2219 1209 2295 Pertinacem,
1257 2218 1440 2282 alteri
1485 2214 1835 2282 Claudium
1877 2217 2339 2302 Pompeianum
2384 2216 2690 2304 praefecit
2726 2215 2820 2277 ita-

529 2349 656 2410 que
710 2327 970 2391 Raetias
1041 2336 1104 2390 et
1150 2326 1463 2392 Noricum
1526 2324 1823 2390 hostibus
1881 2325 2180 2390 liberavit
2236 2326 2399 2406 (Dio
2444 2323 2705 2398 LXXI,
2749 2321 2817 2400 3).

530 2431 796 2500 Certum
841 2435 1044 2520 igitur
1089 2435 1188 2500 est
1231 2436 1665 2511 Pertinacem,
1712 2453 1861 2498 cum
1904 2433 2197 2498 Raetiam
2240 2444 2533 2519 regeret,
2577 2455 2699 2496 non
2738 2427 2819 2492 alii

527 2543 928 2627 imperatoris
969 2542 1182 2627 legato
1225 2544 1537 2628 paruisse,
1584 2541 1701 2608 sed
1739 2542 1956 2627 ipsum
1990 2543 2277 2627 legatum
2317 2541 2613 2627 Augusti
2649 2540 2760 2622 leg.
2794 2535 2819 2597 Ι

527 2649 888 2714 Adiutricis
943 2649 1146 2714 fuisse
1205 2661 1396 2734 atque
1435 2651 1727 2736 Augusti
1784 2650 2038 2735 legatus
2080 2651 2164 2714 ab
2208 2650 2425 2714 Dione
2466 2651 2512 2714 l.
2548 2649 2591 2713 l.
2634 2643 2823 2730 appel-

527 2758 698 2822 latur
715 2805 732 2833 ,
786 2757 962 2821 unde
1020 2768 1176 2822 tunc
1221 2758 1512 2824 Raetiam
1567 2758 1647 2823 ab
1703 2757 2053 2824 Germania.
2104 2758 2433 2843 superiore
2502 2765 2817 2841 separatam

529 2864 913 2951 sublatoque
953 2877 1390 2951 procuratore,
1437 2867 1549 2950 qui
1596 2865 1721 2932 sub
1767 2866 1969 2930 tutela
2004 2865 2199 2950 legati
2222 2864 2611 2930 Germaniae
2630 2859 2817 2928 Raetis

527 2975 912 3058 praefuerat,
958 2974 1350 3060 peculiarem
1392 2975 1679 3058 legatum
1720 2974 2088 3038 institutum
2124 2995 2267 3038 esse
2302 2973 2637 3039 discimus.
2706 2964 2815 3032 Sed

527 3103 674 3145 cum
714 3081 1020 3146 Pertinax
1059 3083 1398 3146 consulatu
1441 3091 1704 3145 ornatus
1749 3081 1817 3145 in
1862 3083 2089 3146 Asiam
2132 3080 2218 3146 ad
2258 3079 2634 3148 Cassianam
2674 3075 2815 3142 sedi-

527 3189 764 3254 tionem
819 3189 1306 3275 opprimendam
1360 3188 1635 3263 abisset‚
1692 3189 1850 3270 quid
1898 3189 2141 3253 factum
2184 3201 2283 3256 est
2320 3190 2595 3256 Raetia?
2670 3184 2815 3250 Num

527 3297 802 3360 restituti
853 3309 1004 3362 sunt
1043 3307 1296 3362 veteres
1338 3296 1835 3381 procuratores?
1898 3294 1959 3358 N
1959 3319 2043 3360 on
2076 3296 2347 3362 arbitror
2386 3321 2513 3364 nec
2546 3294 2810 3362 barbaros

527 3404 826 3470 existimo
862 3405 953 3470 ita
987 3405 1198 3472 fuisse.
1231 3405 1513 3490 fugatos,
1552 3413 1625 3466 ut
1662 3425 1931 3488 prorsus
1973 3416 2111 3471 tuta
2145 3428 2273 3490 pax
2312 3417 2507 3472 esset.
2572 3403 2807 3470 Succes-

527 3511 690 3576 sisse
737 3513 1055 3577 Pertinaci
1115 3512 1372 3578 videtur
1413 3511 1493 3575 T.
1536 3511 1747 3576 Iulius
1792 3513 2119 3578 Maximus
2164 3515 2501 3580 Brocchus
2546 3504 2794 3580 Servilia-

526 3643 686 3698 nus,
751 3622 866 3706 qui
921 3621 1097 3707 apud
1143 3619 1346 3686 Orell.
1405 3644 1471 3684 n.
1511 3619 1677 3684 6490
1737 3625 1853 3702 leg.
1902 3631 2059 3701 Aug.
2112 3627 2226 3704 leg.
2269 3629 2302 3686 1
2343 3624 2673 3688 Adiutrice}
2715 3633 2803 3695 ap·

525 3729 804 3813 pellatur
827 3775 844 3804 ,
913 3730 1102 3794 cuius
1167 3751 1316 3794 cum
1379 3752 1605 3795 omnes
1666 3729 1943 3794 honores
2010 3729 2175 3794 hanc
2234 3731 2515 3796 maxime
2578 3731 2796 3794 aetatem

529 3836 893 3922 significant
943 3847 1078 3900 tum
1121 3837 1360 3923 legatio
1397 3837 1677 3922 legionis
1718 3837 1961 3922 primae
1997 3837 2325 3904 Pertinaci
2368 3839 2677 3904 simillima
2710 3835 2801 3891 est.

525 3944 686 4008 Erat
725 3945 916 4022 enim,
959 3945 1028 4008 id
1068 3943 1246 4030 quod
1289 3965 1681 4031 magnopere
1722 3944 2203 4010 observandum
2248 3957 2367 4023 est,
2408 3948 2653 4032 legatus
2690 3939 2801 4001 Au·

527 4051 726 4136 gusti.

697 4159 849 4240 Quo
900 4159 1045 4224 loco
1095 4160 1348 4245 reperio
1403 4160 1618 4225 minus
1674 4183 1715 4226 a
1759 4160 1917 4226 viris
1972 4161 2181 4225 doctis
2236 4183 2381 4227 esse
2430 4160 2800 4226 intellectum,

525 4267 684 4352 quid
729 4268 896 4332 inter
940 4268 1115 4352 ipsos
1157 4289 1302 4343 eos,
1361 4269 1476 4352 qui
1512 4268 1881 4354 legionibus
1924 4269 2345 4354 praefuerunt
2387 4270 2693 4355 legatique
2724 4259 2795 4322 10·

527 4376 788 4460 gionum
834 4377 1139 4461 appellari
1187 4375 1431 4451 solent,
1489 4377 1877 4440 discriminis
1918 4377 2373 4454 intercesserit,
2422 4397 2679 4462 quorum
2714 4360 2795 4430 alii
