2917 5017
761 375 842 424 De
881 375 1081 438 legibus
1121 377 1515 442 municipalibus
1556 377 1867 444 Hispanicis.
2358 381 2475 447 311

131 535 488 620 sequenda
527 537 734 622 patria
773 545 1056 622 potestas
1099 559 1180 600 ne
1225 536 1544 613 solvatur,
1597 539 1701 604 ius
1743 539 2116 610 libertorum
2169 570 2251 612 ne
2294 549 2480 614 amit-

132 655 340 719 tatur,
389 644 444 708 si
489 667 566 708 ea
597 644 727 708 iam
765 654 909 708 ante
953 643 1375 721 accidissent,
1421 669 1635 712 nonne
1680 648 1773 713 sic
1812 649 2006 714 scribi
2048 657 2365 738 oportuit,
2406 669 2481 722 ut

131 752 204 826 ii,
251 753 372 836 qui
412 763 560 816 ante
600 751 952 816 Domitiani
991 751 1277 816 edictum
1317 754 1641 820 civitatem
1682 756 2038 824 Romanam
2080 780 2477 848 acceperant,

133 859 852 946 comprehenderentur
894 881 1103 943 neque
1151 883 1403 926 summa
1445 863 1513 926 in
1562 864 1885 930 simillima
1930 889 2127 934 causa
2176 871 2481 956 inaequa-

132 969 295 1032 litas
341 966 839 1034 admitteretur?
907 963 1042 1030 Sed
1085 966 1354 1052 legitur:
1417 975 1543 1042 Qui
1576 995 1846 1054 quaeque
1888 1013 1963 1024 -
2010 981 2319 1040 civitatem
2358 983 2481 1042 Ro-

133 1099 411 1140 manam
459 1085 816 1138 consecutus
855 1086 1178 1137 consecuta
1220 1083 1356 1148 erit,
1405 1099 1537 1142 non
1578 1079 1817 1165 legitur
1860 1095 2215 1147 consecutus
2234 1096 2325 1148 ost
2343 1091 2479 1164 erit,

129 1199 212 1246 ut
269 1185 496 1247 futuro
553 1193 798 1246 tantum
847 1183 1118 1266 tempori
1173 1185 1579 1262 consulatur,
1636 1210 1763 1253 non
1810 1191 2172 1273 praeterito.
2250 1191 2479 1275 Neque

127 1291 364 1356 hercle
423 1302 593 1356 recte
649 1291 874 1365 faciat,
918 1291 1028 1373 qui
1083 1313 1359 1356 errorem
1403 1294 1586 1358 illum
1632 1296 1837 1362 fuisse
1880 1307 2063 1382 putet
2114 1298 2478 1382 sculptoris,

131 1411 341 1483 atque
383 1410 458 1463 ut
496 1401 636 1484 ipse
676 1420 902 1463 verum
953 1399 1280 1464 invenisse
1331 1401 1659 1478 videatur,
1722 1404 1882 1468 alios
1930 1425 2233 1489 peccasse
2284 1407 2476 1485 velit;

129 1529 358 1592 neque
408 1507 510 1572 bis
561 1507 786 1572 eadem
828 1508 1072 1570 ratione
1111 1519 1446 1592 peccatum
1494 1533 1639 1574 esse
1680 1510 2011 1595 probabile
2056 1524 2174 1576 est.
2256 1511 2477 1595 Quare

130 1637 222 1680 ne
270 1615 370 1679 sic
405 1615 670 1700 quidem
707 1616 842 1678 duo
889 1614 1000 1678 illa
1043 1615 1256 1680 edicta
1299 1627 1576 1702 possunt
1628 1618 1921 1704 intelligi.
2016 1618 2307 1684 Tertium
2360 1631 2477 1698 est,

133 1734 218 1786 ut
256 1723 706 1808 Vespasianus
743 1722 960 1787 nescio
1003 1723 1159 1805 quid
1200 1723 1379 1788 aliud
1415 1722 1852 1810 Salpensanis‚
1895 1726 2307 1793 Domitianus
2345 1727 2477 1794 La-

136 1832 466 1894 tinitatem
509 1831 826 1896 tribuerit.
911 1831 1110 1911 Quod
1159 1853 1288 1896 non
1333 1832 1539 1916 magis
1582 1833 1787 1896 simile
1826 1845 1927 1896 est
1966 1854 2141 1908 vero,
2185 1856 2331 1899 cum
2374 1857 2476 1900 re-

131 1940 326 2023 liqua
377 1939 700 2023 Hispania
753 1939 1102 2003 Latinitate
1157 1949 1537 2022 augeretur,
1599 1937 1979 2025 Salpensam
2033 1939 2477 2027 Malacamque

135 2048 284 2111 sine
335 2046 468 2110 ullo
509 2046 751 2110 honore
793 2069 938 2112 esse
977 2046 1234 2110 relictas
1271 2046 1657 2129 tandemque
1696 2047 1872 2112 idem
1912 2049 2259 2132 accepisse,
2299 2049 2475 2131 quod

133 2155 378 2230 ceteri,
423 2177 698 2238 quorum
743 2154 966 2218 maiori
1013 2156 1173 2240 parti
1219 2154 1382 2219 adeo
1428 2165 1643 2218 vetere
1686 2155 2003 2240 dignitate
2055 2167 2475 2239 praestarent,

133 2264 398 2328 dudum
443 2263 820 2328 habuerant.
908 2260 1088 2343 Quid
1135 2263 1370 2346 igitur,
1427 2284 1703 2346 quaeso,
1760 2263 2172 2345 relinquitur,
2217 2262 2343 2327 nisi
2382 2263 2475 2340 id,

133 2395 276 2456 quo
333 2371 674 2436 deventuri
728 2392 988 2445 sumus,
1050 2381 1122 2432 ut
1173 2369 1254 2434 ab
1309 2369 1707 2454 Vespasiano
1763 2370 2177 2434 Latinitatem
2232 2371 2477 2436 frustra

135 2483 457 2557 oblatam,
511 2481 594 2544 ab
639 2479 1012 2543 Domitiano
1057 2478 1378 2543 civitatem
1415 2477 1772 2544 Romanam
1814 2477 2027 2542 datam
2068 2501 2212 2542 esse
2254 2477 2475 2544 existi-

136 2589 446 2654 memus?

315 2695 451 2762 Sed
497 2696 802 2760 universa
847 2695 1008 2759 haec
1047 2717 1151 2759 res
1195 2695 1519 2779 quomodo
1566 2706 1751 2780 gesta
1792 2695 1895 2771 sit,
1946 2706 2020 2760 ut
2056 2695 2475 2780 intelligatur,

139 2805 616 2891 disputandum
667 2813 768 2867 est
811 2814 874 2866 et
921 2802 1002 2866 de
1056 2803 1197 2866 iure
1239 2803 1598 2887 Hispaniae
1643 2804 1928 2886 reliquae
1974 2814 2037 2866 et
2081 2803 2161 2866 de
2203 2801 2475 2888 Salpen-

139 2915 322 2979 sanis
381 2911 948 2993 Malacitanisque‚
1013 2932 1204 2993 quam
1262 2910 1765 2994 disputationem
1819 2911 2013 2995 longe
2072 2908 2339 2974 uberius
2398 2934 2475 2976 ac

139 3021 526 3107 diligentius
562 3039 904 3103 possemus
945 3017 1312 3093 instituere,
1371 3017 1426 3082 si
1466 3018 1657 3103 plura
1702 3020 2049 3102 scriptores
2096 3017 2285 3082 nobis
2344 3027 2475 3082 tra-

141 3130 393 3194 derent.
491 3128 683 3192 Nunc
735 3126 818 3190 iis
875 3125 1154 3190 contenti
1211 3147 1353 3189 esse
1405 3124 1823 3202 debebimus,
1884 3147 2048 3211 quae
2096 3124 2349 3190 Plinius
2406 3125 2475 3189 in

138 3236 422 3302 naturali
475 3235 744 3300 historia
795 3233 1006 3296 refert.
1106 3231 1294 3312 Quae
1349 3233 1495 3318 ipsa
1546 3244 1675 3298 tam
1728 3256 1955 3298 manca
2020 3244 2201 3310 sunt,
2260 3244 2336 3296 ut
2392 3232 2475 3298 de

141 3346 370 3410 multis
409 3343 668 3430 oppidis
707 3363 838 3424 quo
877 3340 1020 3404 iure
1059 3340 1300 3404 fuerint
1335 3363 1565 3425 parum
1596 3353 1863 3406 constet.
1930 3342 2191 3406 Etenim
2214 3341 2282 3404 in
2308 3339 2474 3405 Bae-

140 3455 274 3520 tica
317 3452 640 3537 Hispania
681 3471 824 3514 esse
864 3447 950 3512 ait
991 3446 1274 3510 colonias
1313 3447 1452 3522 IX,
1501 3449 1853 3533 municipia
1896 3447 2080 3523 VIII,
2126 3447 2319 3511 Latio
2360 3469 2474 3512 an-

141 3562 416 3648 tiquitus
463 3561 700 3624 donata
739 3556 1020 3630 XXIX,
1068 3553 1359 3618 libertate
1403 3556 1522 3630 VI,
1568 3556 1829 3620 foedere
1874 3555 2010 3631 111,
2056 3553 2473 3640 stipendiaria

144 3668 392 3746 CXX,
437 3692 519 3735 ex
557 3665 798 3752 quibus
843 3663 1126 3728 nominat
1171 3673 1414 3726 tantum
1459 3663 1741 3728 colonias
1788 3685 2021 3728 novem
2040 3709 2057 3740 ,
2114 3685 2255 3738 eas,
2308 3684 2475 3746 quae

143 3777 501 3844 recensitae
545 3788 698 3840 sunt
738 3797 777 3836 a
815 3772 1002 3838 nobis
1047 3773 1116 3836 in
1157 3782 1496 3836 comment.
1528 3772 1860 3858 epigraph.
1887 3773 1922 3836 1
1962 3779 2025 3856 p.
2058 3769 2214 3845 364;
2262 3769 2474 3834 muni-

145 3887 316 3972 cipia
353 3897 568 3950 autem
609 3897 857 3948 tantum
898 3881 1052 3955 duc,
1095 3879 1319 3945 Gades
1359 3890 1422 3944 et
1447 3879 1787 3965 Reginam,
1824 3881 2027 3946 libera
2064 3880 2217 3953 duo,
2256 3876 2475 3960 Astigi

145 4007 208 4060 et
247 3993 700 4078 Ostipponem,
743 3989 1076 4054 foederata
1117 3988 1270 4054 item
1316 3987 1483 4065 duc,
1530 3988 1849 4053 Malacam
1894 3999 1957 4054 et
1994 3988 2301 4072 Eporam‚
2342 3986 2474 4049 La-

145 4104 276 4167 tina
319 4112 626 4185 quattuor
640 4146 659 4176 ‚
705 4097 1016 4183 Laepiam
1033 4143 1052 4172 ,
1107 4097 1326 4162 Uliam
1344 4142 1363 4173 ,
1419 4094 1715 4162 Carisam
1767 4095 2099 4161 Aureliam
2115 4142 2134 4172 ‚
2178 4094 2475 4179 Urgiam‚

147 4225 218 4277 ut
261 4213 458 4296 longe
501 4208 704 4274 maior
743 4229 895 4292 pars
937 4204 1324 4290 oppidorum
1363 4227 1497 4289 quo
1540 4204 1681 4268 iure
1726 4205 1923 4268 fuerit
1939 4249 1957 4280 ,
2016 4226 2145 4268 non
2198 4201 2478 4266 addatur

145 4345 224 4388 ac
267 4338 656 4405 magnopere
699 4324 899 4390 erret,
954 4313 1066 4397 qui
1109 4335 1217 4386 ea,
1273 4335 1438 4398 quae
1480 4312 1641 4377 iuris
1688 4310 2155 4396 significatione
2194 4318 2475 4383 careant,

149 4424 570 4517 stipendiaria
613 4424 816 4488 fuisse
861 4421 1180 4488 coniiciat.
1279 4422 1358 4486 In
1399 4418 1867 4486 Tarraconensi
1908 4417 2242 4505 provincia
2280 4416 2477 4502 paulo
