2917 5017
425 350 551 415 314
1038 356 1122 405 De
1161 355 1362 417 legibus
1397 354 1788 417 municipalibus
1824 354 2137 419 Hispanicis.

421 530 708 603 poterant
750 520 876 583 alia
913 518 1053 584 dari
1073 564 1092 594 ,
1148 517 1348 581 veluti
1391 515 1497 579 ius
1537 514 1852 578 honorum
1869 561 1887 590 ,
1948 529 2022 579 ut
2060 517 2127 579 in
2168 528 2465 581 sena-tum
2515 516 2748 579 Roma-

421 648 576 690 num
619 627 954 711 pervenire
992 624 1210 709 ibique
1253 624 1525 687 honores
1560 624 1865 706 consequi
1898 624 2141 699 liceret,
2181 624 2356 688 velut
2382 624 2751 709 vectigalia,

422 734 823 818 cognomina,
869 734 996 798 alia
1031 733 1252 798 multa.
1320 731 1424 795 Ac
1452 730 1605 795 talia
1632 753 1773 795 esse
1802 732 1954 796 data
1986 730 2067 795 ab
2092 732 2503 818 Vespasiano
2540 743 2749 796 osten·

423 842 518 906 dit
561 842 924 927 exemplum
980 843 1196 906 Arvae
1247 840 1316 904 in
1369 840 1655 903 Baetica.
1750 838 1915 903 Nam
1960 840 2028 903 id
2074 840 2281 905 fuisse
2325 840 2751 924 municipium

421 962 568 1015 ante
603 950 1077 1033 Vespasianum
1117 949 1352 1012 docent
1391 947 1637 1011 nummi
1682 948 1857 1031 apud
1902 946 2173 1013 Eokhel.
2216 948 2301 1011 D.
2342 947 2427 1012 N.
2468 948 2509 1011 I
2555 970 2624 1032 p.
2666 948 2751 1022 14,

423 1058 540 1123 sed
599 1068 812 1122 tamen
869 1069 1132 1121 auctum
1189 1056 1404 1139 aliqua
1461 1055 1705 1119 ratione
1758 1054 1839 1119 ab
1887 1055 2283 1141 Vespasiano
2324 1055 2751 1139 intelligimus

423 1188 503 1230 ex
549 1165 929 1249 cognomine
977 1163 1217 1239 Flavii,
1267 1162 1444 1247 quod
1486 1163 1935 1247 inscriptiones
1976 1164 2283 1229 exhibent
2324 1164 2511 1250 apud
2558 1161 2751 1228 Orell.

424 1298 487 1337 n.
539 1274 676 1349 164,
726 1272 917 1338 Grut.
963 1294 1023 1357 p.
1063 1272 1205 1346 476,
1259 1276 1314 1347 1,
1359 1270 1541 1335 Maff.
1588 1272 1763 1335 Mus.
1808 1272 1961 1336 Ver.
2006 1295 2071 1357 p.
2114 1272 2256 1349 422,
2302 1274 2339 1337 3
2384 1283 2451 1337 et.
2492 1272 2655 1347 423,
2706 1275 2752 1334 1.

423 1381 516 1447 At
558 1381 812 1468 oppidis
855 1380 1210 1463 antiquitus
1257 1380 1507 1443 Latinis
1552 1379 1711 1462 quid
1760 1381 2001 1443 factum
2054 1390 2186 1455 est,
2246 1404 2396 1444 eum
2454 1378 2754 1443 omnibus

424 1490 738 1575 Hispanis
775 1490 1088 1553 Latinitas
1129 1488 1631 1552 concederetur?
1697 1488 1777 1550 Id
1814 1488 1880 1551 in
1912 1488 2231 1573 Hispania
2258 1487 2536 1571 quidem
2574 1488 2755 1551 certis

425 1598 724 1682 vestigiis
773 1596 1070 1681 persequi
1110 1618 1240 1659 non
1278 1595 1458 1671 licet,
1506 1593 1623 1659 sed
1660 1595 1812 1659 olim
1854 1594 1920 1657 in
1963 1608 2303 1660 comment..
2344 1595 2691 1681 epigraph.
2729 1596 2759 1657 I

425 1728 488 1789 p.
527 1707 670 1780 412,
711 1728 858 1769 cum
887 1704 1135 1769 Galliae
1165 1703 1603 1768 Narbonensis
1644 1702 1927 1767 colonias
1962 1702 2042 1767 ab
2072 1703 2407 1768 Hadriano
2441 1703 2761 1767 deductas

427 1814 918 1898 explicaremus,
963 1813 1284 1895 quoniam,
1329 1834 1493 1895 quae
1538 1836 1579 1875 a
1616 1811 1827 1875 Plinio
1866 1810 2105 1875 Latina
2144 1812 2387 1897 oppida
2426 1812 2763 1898 appellan-

425 1933 564 1998 tur,
627 1944 704 1985 ea
755 1932 1008 2006 praeter
1063 1942 1264 1985 unum
1321 1920 1535 1983 omnia
1590 1944 1631 1984 a
1686 1920 2055 1984 Ptolemaeo
2110 1920 2392 1985 colonias
2446 1920 2763 2006 appellari

430 2028 833 2105 videbamus,
877 2029 968 2093 sic
1009 2029 1422 2105 coniecimus,
1470 2029 1549 2091 ad
1596 2027 1665 2090 id
1704 2029 2088 2113 exemplum,
2134 2051 2263 2111 quo
2310 2028 2763 2114 Vespasianus

331 2197 334 2200 .
425 2137 804 2222 Hispaniae,
847 2137 1254 2201 Hadrianum
1277 2135 1684 2201 Narbonensi
1721 2136 2090 2221 provinciae
2130 2138 2467 2201 universae
2494 2135 2759 2200 Latium

427 2244 686 2309 dedisse
729 2246 1049 2329 simulque
1095 2268 1240 2321 eos,
1305 2246 1415 2328 qui
1470 2245 1823 2329 antiquitus
1861 2244 2081 2308 Latini
2124 2246 2411 2320 fuerant,
2471 2266 2559 2307 ne
2608 2244 2759 2307 nihil

424 2351 800 2438 impetrasse
839 2353 1234 2428 viderentur,
1279 2354 1674 2418 coloniarum
1716 2351 1857 2415 iure
1900 2352 2198 2417 donasse.
2290 2349 2519 2415 Simile
2563 2352 2759 2438 igitur

427 2460 673 2544 aliquid
719 2462 786 2523 in
832 2463 1152 2548 Hispania
1197 2473 1352 2525 tuno
1392 2463 1635 2525 factum
1674 2484 1817 2525 esse
1862 2482 2129 2535 cense0,
2188 2460 2305 2523 sed
2351 2482 2483 2523 non
2530 2472 2611 2523 ut
2656 2482 2757 2523 co-

423 2568 634 2633 loniae
682 2568 909 2633 fierent
958 2592 1040 2632 ex
1081 2569 1338 2655 oppidis
1381 2569 1635 2633 Latinis
1656 2616 1673 2644 ,
1734 2569 1850 2633 sed
1894 2582 1967 2631 ut
2008 2568 2267 2633 civitate
2306 2568 2605 2631 Romana
2648 2568 2757 2631 do-

427 2688 575 2739 nata
613 2675 720 2739 ius
758 2698 1116 2760 nomenque
1163 2677 1659 2761 municipiorum
1700 2678 2085 2761 acciperent.
2152 2674 2322 2740 Nam
2359 2676 2761 2741 coloniarum

371 2858 375 2862 .
433 2783 930 2867 Hispanicarum
985 2796 1238 2869 praeter
1289 2807 1430 2859 eas,
1492 2806 1655 2867 quae
1698 2783 1781 2849 ab
1826 2784 2037 2849 Plinio
2076 2784 2525 2860 nominantur,
2588 2785 2763 2849 nulla

431 2913 630 2975 prope
673 2891 747 2953 fit
790 2893 1055 2967 menti0,
1116 2914 1438 2975 unamque
1492 2892 1781 2958 Italicam
1826 2892 2111 2957 coloniae
2152 2892 2255 2955 ius
2296 2891 2379 2957 ab
2418 2890 2763 2957 Hadriano

431 3000 756 3085 accepisse
813 3000 1144 3085 probabile
1201 3012 1318 3065 est.
1416 3003 1508 3065 At
1553 3000 2049 3085 municipiorum
2090 2997 2491 3063 incredibilis
2554 3010 2659 3064 est
2702 3001 2764 3063 in

431 3106 766 3191 Hispaniis
807 3109 1183 3185 mult.itud0‚
1227 3131 1501 3192 quorum
1548 3109 1875 3173 historiam
1924 3109 2043 3173 etsi
2088 3108 2393 3193 persequi
2434 3131 2571 3171 non
2616 3132 2763 3195 pos·

431 3236 680 3289 sumus,
717 3216 872 3299 quia
915 3238 1058 3280 raro
1099 3228 1678 3282 commemorantur
1716 3239 1791 3281 ac
1834 3240 1913 3281 ne
1958 3215 2452 3299 cognominibus
2494 3218 2763 3300 quidem

432 3322 746 3407 originem
799 3323 1236 3389 indicantibus
1294 3325 1819 3410 distinguuntur,
1881 3346 2179 3404 magnam
2236 3334 2452 3389 tamen
2510 3337 2763 3410 partem

432 3430 550 3495 hoc
596 3444 898 3517 tempore,
940 3432 1186 3517 reliqua
1221 3433 1549 3518 deincepS,
1592 3456 1739 3497 cum
1787 3434 2199 3517 imperatores
2246 3432 2611 3517 Hispanias
2650 3458 2763 3500 no-

433 3539 532 3602 vis
578 3538 908 3603 beneficiis
943 3554 1252 3604 ornarunt
1287 3542 1683 3626 propiusque
1724 3541 1807 3607 ad
1850 3541 2070 3606 Italiae
2116 3540 2501 3621 dignitatem
2542 3543 2765 3607 admo-

432 3661 696 3723 verunt,
755 3662 894 3712 orta
945 3671 1087 3711 esse
1137 3670 1389 3713 censeO.
1480 3648 1675 3726 Nam,
1740 3651 1795 3715 si
1838 3650 1920 3715 ab
1962 3648 2187 3713 Sicilia
2232 3650 2539 3725 recedas,
2598 3674 2763 3737 quae

431 3777 632 3840 prope
673 3778 790 3840 pro
832 3766 1010 3840 parte
1051 3757 1274 3821 Italiae
1321 3757 1539 3822 habita
1584 3768 1717 3833 est,
1783 3759 1961 3823 nulla
2001 3760 2125 3823 fuit
2166 3759 2533 3844 provincia,
2602 3782 2761 3842 quae

431 3872 560 3927 tam
605 3863 896 3927 celeriter
929 3863 998 3927 in
1036 3863 1140 3927 ius
1187 3888 1263 3929 ac
1303 3886 1514 3929 mores
1553 3866 1775 3931 Italiae
1828 3866 2153 3932 transierit
2204 3890 2397 3951 quam
2440 3867 2763 3951 Hispania

430 3970 628 4054 idque
675 3972 776 4036 vel
817 3972 968 4036 inde
1015 3972 1464 4048 coniiciamus,
1527 3974 1706 4058 quod
1762 3976 1967 4059 prima
2018 3986 2383 4041 exterarum
2426 3974 2759 4038 nationum

429 4078 876 4164 imperatorem
933 4080 1076 4145 orbi
1125 4081 1416 4145 Romano
1477 4080 1710 4161 dedit„
1778 4079 1913 4145 Sed
1974 4106 2055 4147 ne
2116 4083 2229 4147 illa
2280 4082 2551 4167 quidem
2598 4104 2757 4165 quae

431 4187 486 4253 F
489 4186 660 4251 lavia
701 4188 1104 4273 appellantur
1139 4188 1487 4274 municipia
1524 4189 1813 4254 indicare
1862 4190 2016 4255 satis
2048 4191 2219 4265 licet,
2262 4188 2503 4274 quibus
2544 4189 2755 4274 digni-

431 4296 578 4361 tatis
623 4296 936 4380 gradibus
983 4320 1058 4361 eo
1091 4298 1519 4382 pervenerint,
1566 4310 1637 4362 ut
1680 4297 1761 4363 ab
1798 4297 2201 4383 Vespasiano
2242 4298 2347 4362 vel
2382 4297 2753 4361 Domitiano

433 4403 758 4469 civitatem
799 4404 1154 4470 Romanam
1193 4404 1723 4490 adipiscerentur.
1806 4406 2065 4471 Etenim
2094 4428 2297 4471 unum
2330 4406 2752 4494 municipium
