2917 5017
445 364 569 428 310
1053 367 1138 415 De
1175 364 1374 427 legibus
1411 364 1805 428 municipalibus
1842 364 2149 429 Hispanicis.

447 537 604 611 Aug.
659 540 773 592 aut
825 534 972 610 imp.
1017 530 1182 593 Caes.
1235 530 1587 590 Domitiani
1631 528 1774 607 Aug
1848 512 2159 589 civitatem
2216 530 2573 592 Romanam
2632 552 2777 592 con-

441 648 682 701 secutus
719 646 1044 701 consecuta
1085 641 1224 711 erit,
1265 639 1318 695 is
1360 639 1429 695 in
1475 636 1719 697 libertos
1760 634 2077 697 libertusve
2120 658 2257 697 suos
2292 660 2437 699 suas
2476 648 2777 718 paternos

432 757 766 828 paternas,
824 749 935 824 qui
975 767 1130 824 quae
1179 748 1250 805 in
1292 746 1602 807 oe’vitatmn
1650 746 1998 805 Romanam
2042 766 2170 805 non
2213 748 2449 805 venerit
2494 780 2569 791 ν·-
2616 748 2775 807 idem
2872 796 2874 815 2

442 858 540 915 ius
583 856 908 934 eademque
949 854 1224 914 condicio
1264 860 1386 913 esto
1429 872 1585 931 quae
1620 861 1787 923 esset,
1834 854 1888 911 si
1924 854 2173 913 civitate
2210 862 2381 913 muta
2389 862 2490 913 tus
2526 864 2775 915 mutatu

441 984 568 1023 non
613 971 779 1036 esset,
824 960 984 1025 haec
1026 981 1237 1023 nonne
1277 959 1360 1023 ad
1406 960 1583 1043 ipsos
1629 971 1844 1045 patres
1894 958 2189 1035 familias,
2232 982 2357 1023 non
2405 960 2491 1024 ad
2535 960 2776 1026 liberos

441 1084 836 1154 nepotesque
881 1068 1220 1133 referenda
1263 1068 1460 1132 sunt?
1526 1067 1751 1151 Itaque
1790 1090 2057 1132 necesse
2098 1078 2197 1131 est
2234 1068 2443 1132 edicta
2470 1092 2605 1133 non
2632 1070 2773 1134 illos
2872 1094 2874 1099 ·

445 1177 616 1241 solos
660 1176 900 1242 liberos
945 1185 1337 1261 nepotesque
1379 1176 1796 1252 Latinorum,
1854 1175 1969 1239 sed
2012 1176 2189 1259 ipsos
2232 1175 2351 1240 hos
2400 1178 2597 1243 etiam
2646 1178 2773 1242 La-
2872 1244 2874 1271 3

443 1285 612 1349 tinos
655 1285 1273 1369 comprehenderint.
1340 1283 1587 1348 Verum
1630 1284 1755 1348 hoc
1796 1285 1851 1347 si
1896 1307 2023 1347 non
2056 1295 2193 1348 erat
2220 1284 2284 1347 in
2314 1285 2572 1362 edictis,
2618 1286 2773 1369 quid

443 1392 702 1457 tandem
747 1394 924 1457 erat?
995 1391 1188 1457 Certe
1231 1392 1320 1469 id,
1371 1415 1498 1477 quo
1544 1402 1750 1457 status
1800 1390 2346 1477 Salpensanorum
2395 1404 2773 1457 mutaretur.
2872 1440 2874 1443 ι

441 1500 608 1564 Nam
664 1502 770 1565 lex
815 1500 1184 1584 ubicunque
1239 1502 1308 1565 in
1367 1500 1468 1564 his
1510 1500 1745 1565 tabulis
1790 1501 2166 1585 Hispanicis
2214 1514 2771 1579 commemoratur,
2872 1498 2874 1557 i

443 1607 526 1671 ad
571 1609 983 1693 magistratus
1023 1609 1356 1684 creandos,
1402 1609 1479 1671 ad
1529 1609 1932 1673 comitiorum
1975 1610 2321 1687 rationem,
2362 1610 2446 1674 ad
2486 1621 2771 1694 potesta-

443 1726 571 1779 tem
614 1717 1138 1801 magistratuum,
1197 1717 1281 1781 ad
1321 1717 1446 1781 alia
1490 1716 1753 1791 similia,
1812 1740 1976 1800 quae
2015 1718 2079 1781 in
2120 1717 2453 1803 republica
2498 1716 2770 1803 Salpen-

443 1846 600 1889 sana
657 1824 761 1887 vel
817 1824 1204 1889 Malacitana
1267 1836 1447 1899 sunt,
1514 1825 1828 1909 pertinet,
1887 1825 2101 1889 edicta
2148 1826 2249 1889 his
2305 1825 2567 1891 duobus
2613 1827 2772 1891 locis

443 1943 1052 2009 commemorantur,
1112 1931 1224 1996 ubi
1273 1933 1354 1997 de
1399 1933 1856 2016 consequenda
1895 1934 2151 1998 civitate
2196 1934 2489 1999 Romana
2534 1936 2769 2021 agitur.

443 2041 579 2104 Iam
620 2041 1097 2125 Vespasianum
1139 2040 1335 2105 tradit
1371 2040 1624 2105 Plinius
1663 2052 1791 2105 nat.
1836 2042 1987 2105 hist.
2026 2042 2151 2117 ΠΙ,
2198 2043 2299 2118 30,
2342 2044 2457 2127 qui
2502 2043 2637 2109 iam
2682 2043 2769 2107 ci-

441 2160 612 2213 tatus
665 2159 800 2225 est,
863 2148 1204 2212 universae
1259 2148 1613 2234 Hispaniae
1672 2150 1934 2213 Latium
1993 2149 2329 2227 tribuisse,
2392 2152 2574 2235 quod
2624 2175 2767 2215 cum

441 2268 611 2321 certe
657 2256 844 2320 etiam
887 2256 970 2319 ad
1011 2255 1389 2340 Salpensam
1427 2257 1877 2341 Malacamque
1916 2258 2317 2343 pertinuerit,
2366 2280 2581 2325 nonne
2626 2283 2767 2344 pro-

439 2364 650 2429 babile
700 2379 797 2429 est
855 2386 997 2428 esse
1053 2364 1178 2427 hoc
1223 2364 1453 2449 ipsum
1489 2365 1663 2449 quod
1718 2367 2085 2450 quaerimus
2138 2366 2455 2443 edictum,
2516 2391 2599 2433 ex
2642 2392 2767 2453 quo

439 2469 820 2556 Salpensani
861 2472 1182 2537 civitatem
1209 2472 1566 2537 Romanam
1602 2475 1909 2558 consequi
1950 2473 2301 2539 dicuntur?
2366 2474 2505 2539 Sed
2556 2478 2611 2541 si
2640 2478 2767 2541 Ve-

441 2580 780 2663 spasianus
845 2580 974 2644 iam
1035 2580 1260 2644 tribuit
1320 2580 1771 2657 Latinitatem,
1832 2583 1989 2665 quid
2050 2583 2286 2647 adiecit
2348 2584 2766 2651 Domitianus

439 2686 693 2751 edicto?
769 2688 946 2762 Hoc,
993 2687 1119 2751 nisi
1179 2687 1262 2752 ad
1317 2688 1543 2753 inanes
1602 2690 1999 2755 coniecturas
2058 2692 2451 2757 descendere
2500 2695 2767 2778 placcat,

437 2794 704 2879 reperiri
754 2817 882 2859 non
941 2796 1194 2880 poterit.
1285 2796 1429 2860 Nisi
1484 2798 1649 2861 forte
1705 2798 1785 2863 ab
1824 2800 2198 2865 Domitiano
2254 2802 2581 2867 civitatem
2638 2804 2766 2868 Ro-

440 2925 690 2967 manam
733 2904 1048 2968 adiectam
1091 2924 1234 2968 esse
1279 2906 1671 2988 putabimus.
1735 2906 1837 2971 Ita
1874 2930 2025 2972 sane
2067 2908 2199 2973 duo
2228 2910 2338 2974 illa
2360 2910 2579 2975 edicta
2604 2934 2766 2995 quae

437 3010 676 3075 fuerint
727 3011 1138 3097 intelligitur,
1195 3014 1347 3077 item
1413 3013 1591 3077 aliud
1650 3013 1825 3097 quod
1868 3015 1951 3079 de
1992 3016 2365 3083 Domitiano
2410 3019 2479 3082 in
2526 3019 2631 3083 his
2676 3031 2765 3082 ta-

440 3116 610 3183 bulis
649 3130 768 3197 est,
813 3120 896 3185 de
939 3143 1068 3205 quo
1107 3132 1328 3205 postea
1367 3122 1864 3207 disputabimus,
1906 3124 2023 3187 sed
2064 3124 2228 3189 illud
2274 3137 2493 3211 aperte
2530 3125 2763 3203 obstat,

435 3226 608 3309 quod
629 3272 645 3301 ,
691 3228 800 3310 qui
845 3228 1167 3294 civitatem
1209 3244 1723 3315 consequuntur,
1784 3253 1922 3295 eam
1975 3234 2277 3319 consequi
2328 3234 2645 3300 dicuntur
2690 3261 2763 3301 ex

435 3332 698 3398 duobus
737 3335 1003 3411 edictis;
1058 3360 1262 3401 unum
1305 3339 1477 3404 enim
1518 3341 1823 3425 appellari
1865 3340 1965 3417 id,
2020 3365 2150 3425 quo
2192 3342 2421 3407 civitas
2460 3344 2755 3422 dabatur,

437 3442 591 3506 satis
636 3452 790 3507 erat.
863 3444 1120 3509 Rursus
1163 3457 1376 3511 autem
1421 3448 1489 3523 ii,
1536 3448 1649 3532 qui
1692 3472 1839 3513 cum
1886 3450 2265 3535 Salpensam
2306 3451 2756 3537 Malacamque

433 3550 574 3615 iure
607 3552 844 3615 Latino
880 3552 1084 3618 fuisse
1125 3566 1445 3632 censeant,
1494 3555 1617 3619 hoc
1660 3556 1761 3619 ius
1798 3555 1879 3621 ab
1904 3558 2302 3644 Vespasiano
2338 3560 2757 3645 impertitum,

433 3656 516 3721 ab
576 3658 948 3724 Domitiano
1005 3671 1219 3726 autem
1280 3662 1501 3727 nescio
1560 3664 1721 3747 quid
1774 3664 2097 3729 adiectum
2160 3688 2303 3731 esse
2366 3669 2757 3747 existimant,
2872 3706 2874 3719 ·

433 3766 650 3830 verbis
703 3767 870 3853 legis
926 3768 1326 3833 refelluntur.
1424 3770 1588 3836 Nam
1648 3771 1703 3835 si
1748 3769 2129 3858 Salpensani
2184 3786 2330 3839 ante
2386 3799 2635 3843 annum
2680 3780 2755 3845 77

332 3892 352 3901 ‘
431 3894 496 3957 p.
538 3871 692 3937 Chr.
739 3875 822 3939 ab
863 3875 1265 3961 Vespasiano
1305 3878 1715 3944 Latinitatem
1760 3882 2175 3966 accepissent,
2216 3894 2279 3945 et
2319 3884 2537 3949 statim
2577 3888 2757 3951 multi

429 3980 606 4045 cives
651 3982 924 4047 Romani
965 3986 1120 4049 facti
1161 3997 1378 4050 essent
1415 4000 1479 4050 et
1521 4001 1691 4053 certe
1734 3991 2095 4073 quotannis,
2142 3992 2255 4074 qui
2295 3992 2575 4059 honores
2618 4019 2755 4059 mu-

430 4087 738 4172 nicipales
783 4104 1116 4174 gesserant
1133 4138 1151 4168 ‚
1199 4094 1521 4160 civitatem
1566 4097 2143 4179 consequebantur.
2230 4101 2513 4168 Mutatio
2560 4104 2755 4189 igitur

431 4194 706 4261 civitatis
751 4198 1070 4265 acciderat
1109 4202 1176 4265 in
1223 4200 1639 4288 Salpensanis
1657 4251 1675 4281 ,
1734 4204 2057 4270 acciderat
2104 4209 2329 4293 capitis
2375 4209 2752 4288 deminuti0,

427 4302 672 4386 patriae
709 4308 1042 4389 potestatis
1082 4310 1370 4393 iurisque
1409 4311 1790 4377 libertorum
1828 4315 2107 4381 amissio·
2175 4316 2309 4380 Iam
2334 4318 2558 4404 igitur,
2607 4344 2749 4385 cum

429 4408 608 4473 rubr.
650 4412 867 4476 XXII
912 4426 974 4477 et
1015 4416 1267 4481 XXIII
1313 4420 1769 4505 praecipiatur,
1832 4435 1905 4485 ut
1961 4422 2216 4488 civitate
2262 4426 2555 4492 Romana
2602 4452 2747 4493 con-
