2917 5017
430 379 548 446 156
937 382 1020 430 De
1053 379 1226 430 Gallia
1261 381 1615 430 Romanorum
1649 377 1911 444 provincia
1946 376 2218 442 appendix.

1553 887 1629 941 lm

430 1024 763 1103 ommam
811 1023 1054 1101 Imm
1101 1022 1390 1101 clvms
1431 1019 1911 1098 CAESARIANI
1948 1015 2361 1096 APPENlux
2403 1012 2759 1092 cm'rch.

600 1305 913 1380 Breviter,
959 1312 1269 1388 quantum
1304 1301 1444 1367 fieri
1478 1301 1709 1387 potuit,
1753 1302 1820 1365 in
1858 1299 2186 1385 superiore
2226 1293 2763 1361 commentatione

432 1414 744 1500 originem
788 1412 939 1478 belli
985 1411 1194 1476 civilis
1235 1408 1610 1476 Caesariani
1648 1408 2086 1494 exposuimus,
2126 1405 2501 1489 relictisque
2541 1400 2763 1465 multis

433 1522 660 1596 rebus,
717 1543 882 1605 quae
937 1519 1204 1604 cognitu
1251 1528 1469 1583 essent
1511 1516 1968 1601 dignissimae,
2028 1537 2147 1600 pro
2192 1512 2491 1578 instituto
2542 1521 2766 1574 nostro

431 1629 500 1692 id
547 1629 946 1714 potissimum
994 1627 1198 1691 secuti
1241 1648 1492 1701 sumus,
1540 1636 1614 1688 ut
1656 1647 1784 1708 quo
1829 1623 2101 1708 quisque
2144 1632 2431 1706 tempore
2474 1618 2767 1684 Galliam

433 1736 829 1823 provinciam
873 1734 1300 1820 suscepisset,
1357 1757 1489 1818 quo
1532 1732 1951 1808 decessisset,
2014 1741 2311 1797 accurate
2358 1730 2771 1793 demonstra-

433 1867 670 1910 remus.
759 1843 893 1908 Sed
932 1842 1092 1909 haec
1132 1867 1296 1929 quae
1333 1841 1733 1928 scripsimus,
1777 1840 1934 1904 dum
1971 1839 2145 1905 domi
2184 1839 2561 1912 retinemuS,
2606 1836 2771 1899 alias

436 1953 998 2017 commentationes
1039 1952 1375 2027 addimus,
1429 1960 1635 2014 totum
1684 1971 1849 2033 opus
1892 1949 1957 2011 in
2002 1947 2158 2014 artis
2203 1948 2471 2011 formam
2512 1944 2771 2028 redigi-

435 2083 602 2137 mus,
639 2060 860 2123 invitis
895 2058 1084 2123 nobis
1124 2080 1429 2142 magnum
1470 2081 1545 2122 ac
1570 2059 1906 2122 molestum
1932 2055 2146 2120 hercle
2178 2054 2511 2140 negotium
2543 2065 2772 2118 natum

437 2179 568 2243 est,
612 2166 788 2250 quod
823 2187 944 2230 nec
980 2164 1202 2229 timide
1239 2167 1551 2251 defugere
1588 2175 1699 2230 aut
1735 2164 2068 2229 fastidiose
2112 2163 2444 2249 despicere
2482 2162 2773 2236 deceret,

437 2285 502 2340 et
534 2286 708 2340 recte
753 2275 807 2338 si
846 2273 1422 2350 administraretur,
1470 2275 1793 2360 copiosam
1842 2273 2342 2358 disputationem
2385 2272 2773 2355 requireret.

435 2383 672 2449 Nescio
725 2383 894 2449 enim
942 2405 1072 2468 quo
1121 2393 1307 2468 pacto
1351 2382 1618 2458 accidit,
1685 2396 1757 2446 ut
1800 2381 2058 2446 interim
2109 2382 2268 2446 haec
2308 2381 2453 2465 ipsa
2493 2379 2582 2442 de
2624 2379 2775 2442 iure

439 2489 737 2558 Caesaris
783 2502 844 2556 et
885 2491 1180 2576 Pompeii
1233 2491 1525 2574 quaestio
1589 2491 1805 2555 studia
1861 2490 2149 2554 virorum
2204 2490 2545 2554 doctorum
2588 2489 2777 2553 exci-

439 2611 600 2664 taret
637 2621 930 2682 quaeque
964 2598 1080 2662 diu
1119 2599 1414 2682 neglecta
1441 2620 1651 2681 neque
1680 2621 1964 2682 unquam
2006 2598 2160 2662 satis
2204 2597 2521 2682 explicata
2569 2609 2778 2674 esset,
2877 2536 2883 2657 l

439 2730 514 2772 ea
559 2705 774 2771 subito
815 2706 1000 2790 quasi
1039 2707 1110 2792 5¹1
1146 2707 1360 2771 lucem
1398 2720 1699 2771 revocata
1740 2729 2005 2791 magnas
2048 2705 2293 2791 ingenii
2322 2727 2399 2770 ac
2428 2705 2779 2770 doctrinae

437 2815 875 2881 contentiones
929 2815 1245 2900 gigneret.
1331 2813 1559 2898 Neque
1613 2814 1681 2876 id
1736 2815 1950 2879 hercle
2004 2814 2145 2878 iure
2190 2814 2282 2878 ita
2324 2813 2463 2877 fieri
2507 2834 2773 2897 negem.

439 2923 608 3006 Quis
667 2924 838 2988 enim
897 2924 966 2987 in
1017 2934 1147 2988 tota
1205 2945 1406 3008 prope
1461 2923 1729 2988 historia
1776 2923 2069 2987 Romana
2124 2923 2309 2987 locus
2362 2920 2558 2987 debet
2622 2945 2775 2986 esse
2881 2907 2882 2928 ³

440 3033 726 3098 omnium
773 3031 1004 3096 studiis
1054 3031 1313 3116 dignior
1347 3054 1540 3115 quam
1586 3032 1714 3108 ille,
1758 3053 1887 3114 quo
1922 3030 2187 3095 libertas
2230 3029 2495 3115 antiqua
2534 3031 2607 3094 in
2642 3031 2773 3095 im-

436 3151 804 3226 peratorum
849 3139 1347 3204 dominationem
1391 3139 1663 3204 transire
1710 3139 1951 3224 coepit,
2013 3159 2144 3222 quo
2199 3139 2415 3203 omnia
2469 3149 2530 3202 et
2588 3162 2772 3204 com-
2877 3112 2883 3187 l

439 3248 632 3312 moda
672 3258 734 3312 et
774 3244 1182 3310 incommoda
1218 3246 1452 3310 veteris
1480 3247 1869 3332 reipublicae
1898 3261 2205 3333 apparent
2231 3248 2768 3324 luculentissime,

438 3378 567 3440 quo
635 3354 912 3438 denique
970 3352 1413 3438 imperatoriae
1483 3355 1799 3438 potentiae
1860 3355 2348 3420 constituendae
2409 3357 2764 3422 necessitas

437 3462 862 3548 intelligitur?
941 3463 1074 3544 Qui
1119 3463 1294 3547 quod
1333 3485 1563 3548 parum
1606 3463 1821 3528 adhuc
1858 3473 1991 3528 erat
2028 3463 2411 3540 illustratus,
2452 3464 2755 3528 maxima-

438 3595 584 3636 rum
630 3595 844 3636 rerum
899 3571 980 3636 de
1025 3571 1288 3636 interitu
1330 3571 1644 3635 libertatis
1688 3582 1753 3636 et
1792 3571 1931 3635 iure
1975 3570 2227 3657 imperii
2274 3583 2627 3636 consecuta
2669 3583 2760 3635 est

437 3681 776 3767 ignoratio.
852 3677 987 3745 Sed
1024 3703 1154 3764 quo
1197 3691 1409 3744 tamen
1450 3701 1606 3744 casu
1648 3679 1959 3744 maximae
1999 3702 2189 3765 saepe
2231 3679 2644 3762 quaestiones
2684 3703 2762 3744 ex

439 3788 720 3854 tenebris
780 3787 964 3871 quasi
1028 3787 1289 3851 excitari
1351 3787 1627 3862 soleant,
1696 3786 2029 3852 advertere
2088 3787 2285 3851 iuvat.
2367 3786 2765 3851 Prodierunt

437 3896 642 3982 igitur
700 3895 978 3961 duorum
1039 3892 1559 3958 doctissimorum
1626 3895 1913 3958 virorum
1963 3894 2197 3970 libelli,
2262 3894 2376 3978 qui
2421 3896 2601 3980 quod
2646 3919 2763 3962 nos

440 4015 763 4087 tamquam
821 4003 943 4067 sub
998 4002 1204 4066 alieno
1259 4001 1514 4065 nomine
1566 4003 1826 4088 paucis,
1892 4003 2007 4067 sed
2047 4002 2306 4068 abunde
2351 4013 2565 4068 tamen
2610 4027 2764 4070 con-

439 4112 673 4177 fecisse
732 4109 1134 4185 videremur,
1201 4109 1269 4171 id
1325 4109 1586 4195 propria
1636 4111 2069 4196 disputatione
2130 4109 2253 4176 sibi
2308 4111 2763 4196 explicandum

439 4228 885 4305 proponerent,
928 4239 1093 4302 quae
1137 4216 1319 4300 origo
1360 4216 1513 4282 belli
1553 4217 1761 4282 civilis
1801 4214 2193 4295 Caesariani,
2233 4241 2360 4302 quo
2397 4218 2540 4283 iure
2565 4219 2760 4284 Pom-

440 4328 647 4412 peius,
694 4348 825 4412 quo
867 4322 1129 4400 Caesar,
1173 4322 1384 4388 utrius
1427 4347 1623 4390 causa
1666 4325 1897 4390 iustior
1934 4326 2186 4391 fuisset.
2273 4325 2572 4407 Quorum
2618 4351 2759 4393 sen-

442 4434 674 4498 tentiae
713 4435 834 4499 etsi
869 4435 962 4498 ita
997 4434 1165 4498 inter
1205 4453 1273 4494 se
1315 4430 1700 4518 discrepant,
1737 4444 1811 4497 ut
1848 4455 1980 4498 una
2016 4434 2487 4518 quodammodo
2525 4436 2755 4501 elevari
