2917 5017
417 346 500 411 22
1075 342 1155 391 De
1196 339 1367 391 Gallia
1402 340 1760 389 Romanorum
1805 336 2082 401 provincia.
2105 366 2116 385 .

420 511 777 577 obtinuisse
844 510 1033 594 (nam
1098 503 1277 590 quod
1339 499 1479 566 Cic.
1537 498 1718 563 Brut.
1795 497 1906 571 453
1987 520 2051 582 p.
2115 496 2389 561 Fonteio
2447 494 2522 568 73
2594 489 2740 555 Val.

419 620 598 684 Max.
637 616 823 691 VIII,
870 618 929 693 5,
976 616 1016 681 2
1058 637 1206 679 eum
1256 636 1295 675 a
1336 610 1429 674 M.
1478 606 1775 672 Gratidio
1820 606 2323 690 repetundarum
2366 610 2744 667 accusatum

421 748 565 792 esse
590 734 869 801 narrant,
910 723 993 787 ad
1026 732 1357 786 externam
1380 714 1778 801 provinciam
1809 710 2125 799 pertineat
2147 734 2272 776 non
2299 723 2398 775 est
2422 710 2746 789 necesse),

420 857 533 908 an,
588 843 662 896 ut
720 852 1130 897 successores
1192 828 1365 904 eius,
1422 825 1488 889 in
1534 822 1720 888 Italia
1773 821 2089 886 mansisse
2137 821 2451 883 videatur.
2551 816 2750 880 Anno

420 941 685 1026 quidem
735 939 849 1003 103
870 986 887 1015 ‚
939 960 1068 1022 quo
1103 936 1355 1000 Marius
1411 954 1640 997 rursus
1687 928 1969 995 Galliam
2013 941 2076 993 et
2120 924 2419 992 Cimbros
2481 924 2750 1009 accepit,

391 1048 503 1113 .L.
542 1046 885 1113 Aurelium
924 1043 1261 1121 Orestem,
1322 1042 1634 1127 collegam
1675 1039 1852 1115 eius,
1916 1036 2318 1123 probabilius
2378 1045 2478 1100 est
2520 1033 2754 1098 urbem

424 1179 569 1221 esse
614 1156 941 1231 sortitum3
987 1175 1136 1216 nam
1181 1148 1511 1215 Plutarch.
1558 1169 1616 1211 c.
1669 1146 1744 1210 14
1795 1143 1872 1210 C.
1915 1144 2200 1209 Marium
2246 1154 2462 1207 narrat
2504 1142 2756 1206 instan-

430 1263 605 1330 tibus
650 1262 921 1329 comitiis
962 1283 1110 1325 cum
1133 1258 1383 1341 collega
1424 1255 1814 1319 decessisset
1853 1253 2220 1317 necessario
2249 1252 2316 1316 in
2349 1251 2582 1317 urbem
2609 1272 2757 1314 esse

424 1372 808 1457 profectum,
856 1368 1029 1433 unde
1069 1367 1220 1431 huic
1263 1376 1450 1429 antea
1491 1363 1742 1428 Italiam
1787 1362 2317 1445 comitiorumque
2365 1382 2588 1425 curam
2631 1358 2758 1421 im-

424 1480 701 1566 positam
742 1476 947 1542 fuisse
984 1474 1382 1541 coniicimus.
1471 1473 1562 1535 At
1601 1492 1769 1534 anno
1822 1468 1942 1534 102
1983 1492 2104 1535 nec
2146 1470 2228 1533 de
2278 1466 2355 1534 C.
2401 1467 2612 1532 Mario
2635 1466 2759 1531 IV.

426 1610 547 1652 nec
585 1586 667 1651 de
710 1585 793 1668 Q.
830 1583 1095 1647 Lutatio
1136 1580 1367 1647 Catulo
1410 1578 1762 1643 dubitatur.
1831 1578 1994 1642 Nam
2037 1578 2323 1643 Marium
2363 1562 2762 1640 Plutarchus

432 1717 486 1760 c.
525 1695 607 1759 22
652 1692 845 1758 tradit
894 1691 1121 1777 paucis
1160 1689 1393 1754 diebus
1432 1698 1582 1772 post
1626 1686 1832 1753 victos
1871 1686 1955 1749 ad
2007 1687 2236 1770 Aquas
2279 1684 2538 1751 Sextias
2579 1683 2761 1747 Teu-

433 1813 619 1868 tonos
672 1823 901 1886 parum
953 1820 1297 1885 prosperos
1350 1795 1612 1860 nuntios
1665 1793 1748 1859 de
1802 1791 2038 1861 Catulo
2095 1796 2346 1879 collega
2403 1792 2762 1878 accepisse,

430 1911 543 1994 qui
588 1906 889 1973 Cimbros
952 1907 1019 1971 in
1074 1906 1323 1971 Italiam
1384 1905 1704 1969 irruentes
1767 1904 1850 1969 ad
1911 1903 2208 1967 Athesim
2263 1902 2535 1967 fluvium
2589 1904 2764 1967 ferre

430 2040 561 2081 non
600 2025 915 2100 potuerat,
960 2026 1052 2091 ut,
1102 2014 1259 2079 dum
1302 2014 1411 2077 ille
1446 2013 1516 2076 in
1553 2011 1984 2096 Transalpina
2008 2010 2226 2076 Gallia
2265 2021 2532 2097 pugnat,
2580 2010 2768 2076 hunc

428 2125 496 2189 in
540 2121 872 2207 Cisalpina
916 2121 1257 2185 dimicasse
1300 2122 1658 2186 videamus.
1743 2121 2032 2204 Ideoque
2071 2115 2305 2183 Catulo
2351 2142 2494 2183 cum
2535 2141 2763 2205 proro-

430 2242 653 2317 gatum
702 2240 872 2293 esset
908 2228 1271 2313 imperium,
1310 2251 1537 2314 pugna
1577 2229 1688 2293 illa
1731 2250 1930 2313 prope
1975 2227 2300 2293 Veronam
2344 2229 2602 2293 accidit.
2681 2228 2764 2292 In

430 2340 649 2423 quinto
669 2348 883 2401 autem
920 2336 1259 2400 consulatu
1274 2334 1351 2399 C.
1370 2336 1624 2401 Marius
1651 2336 1964 2421 collegam
1988 2336 2214 2401 habuit
2237 2336 2354 2399 M.’
2373 2336 2762 2420 Aquinium,

430 2446 544 2531 (1111
588 2468 738 2511 cum
780 2445 967 2510 Italia
1008 2444 1161 2508 satis
1198 2466 1237 2507 a
1283 2443 1572 2509 barbaris
1617 2455 1756 2509 tuta
1797 2466 1938 2509 esse
1977 2445 2324 2522 videretur,
2370 2445 2438 2508 in
2461 2441 2764 2508 Siciliam

431 2554 515 2619 ad
560 2553 792 2618 servile
835 2551 1078 2616 bellum
1123 2551 1639 2636 componendum
1677 2552 1917 2616 missus
1959 2567 2058 2617 est
2103 2554 2334 2639 (Diod.
2369 2564 2518 2618 tom.
2554 2552 2632 2615 X
2657 2552 2764 2616 ed.

429 2660 578 2745 Bip.
614 2683 679 2746 p.
734 2658 851 2724 164
868 2665 911 2738 ).
999 2658 1228 2744 Neque
1266 2681 1433 2723 anno
1482 2659 1599 2724 100
1641 2661 1752 2745 qui
1797 2658 1874 2725 C.
1919 2660 2129 2726 Mario
2172 2662 2271 2727 VI
2325 2684 2456 2726 eos.
2509 2661 2765 2747 collega

432 2767 693 2835 additus
737 2779 835 2832 est
870 2767 950 2831 L.
992 2766 1295 2832 Valerius
1338 2766 1650 2842 Flaccus,
1695 2778 2024 2833 externam
2053 2769 2460 2855 ‚provinciam
2501 2769 2766 2834 videtur

432 2876 793 2962 accepisse3
837 2898 986 2941 nam
1034 2897 1149 2959 per
1192 2872 1524 2939 Saturnini
1568 2884 1630 2937 et
1663 2872 1973 2940 Glauciae
2017 2878 2366 2943 seditiones
2415 2901 2566 2943 eum
2611 2902 2764 2943 cum

424 2960 645 3056 Mario
688 2983 756 3048 in
800 2984 963 3050 urbe
1007 2985 1211 3049 fuisse
1252 3005 1332 3045 ex
1376 2979 1517 3047 Cic.
1560 3004 1623 3068 p.
1665 2982 1886 3047 Rabir.
1937 3007 1991 3048 c.
2036 2988 2072 3051 7
2119 2988 2588 3072 cognoscimus.

605 3090 745 3155 Iam
788 3103 1129 3177 postquam
1166 3089 1247 3156 C.
1282 3090 1476 3153 Marii
1517 3091 1892 3156 consulatus
1933 3093 2350 3173 absolvimus,
2385 3097 2766 3163 faciendum

434 3198 695 3263 videtur
740 3222 902 3275 esse,
947 3211 1019 3262 ut
1056 3198 1139 3263 de
1166 3196 1381 3263 Gallia
1417 3197 1628 3282 qualis
1667 3220 1740 3261 eo
1780 3209 2066 3284 tempore
2109 3203 2324 3280 fuerit,
2372 3228 2576 3290 pauca
2615 3205 2768 3271 dis-

432 3317 754 3393 putemus.
840 3306 1036 3369 Multi
1090 3306 1261 3370 enim
1317 3306 1429 3390 qui
1501 3328 1576 3371 ea
1627 3329 1792 3390 quae
1859 3308 2238 3393 scripsimus
2293 3311 2598 3397 legerint,
2665 3315 2766 3381 sic

434 3414 705 3478 fortasse
748 3413 1135 3490 existiment,
1182 3413 1567 3479 coniecturis
1612 3415 1768 3479 solis
1808 3439 1927 3480 nos
1973 3438 2130 3481 usos
2177 3439 2340 3493 esse,
2387 3440 2516 3483 non
2559 3444 2762 3507 argu-

432 3521 697 3587 mentis:
756 3521 1111 3586 institutam
1159 3544 1309 3587 sane
1348 3544 1492 3587 esse
1533 3546 1572 3587 a
1607 3523 1792 3589 nobis
1839 3546 1978 3588 eam
2019 3526 2452 3590 consularium
2490 3531 2761 3613 provin—

434 3630 679 3695 ciarum
722 3629 1125 3705 divisionem,
1185 3652 1315 3714 qua
1356 3641 1628 3714 utraque
1677 3629 1894 3695 Gallia
1940 3654 2020 3696 ex
2063 3656 2284 3699 earum
2331 3658 2600 3701 numero
2647 3610 2781 3701 ex-¹

434 3737 841 3812 cluderetur,
902 3738 1018 3801 sed
1070 3759 1217 3801 cum
1264 3738 1596 3823 superiore
1635 3750 1840 3803 aetate
1894 3762 2022 3805 non
2067 3742 2270 3807 dubia
2315 3742 2567 3809 Galliae
2611 3768 2760 3811 cum

429 3844 619 3910 Italia
662 3844 1037 3909 coniunctae
1080 3844 1357 3929 vestigia
1401 3842 1852 3932 reperirentur,
1899 3851 2056 3914 nihil
2105 3874 2249 3917 esse
2299 3854 2584 3930 allatum,
2627 3877 2760 3938 quo

432 3952 718 4017 virorum
740 3951 1077 4016 doctorum
1104 3951 1319 4036 opinio
1342 3954 1760 4031 refelleretur,
1781 3957 1892 4041 qui
1920 3955 1995 4021 C.
2010 3958 2316 4039 Marium,
2333 3985 2482 4027 cum
2507 3986 2760 4048 semper

430 4081 632 4145 prope
668 4059 737 4123 in
777 4057 1203 4145 Transalpina
1249 4059 1466 4126 Gallia
1501 4074 1796 4129 versatus
1839 4067 1954 4143 sit,
2013 4067 2179 4133 hanc
2224 4082 2546 4156 tamquam
2604 4095 2758 4159 pro-

331 4240 339 4243 ,
428 4165 637 4251 priam
676 4167 1071 4249 provinciam
1118 4168 1497 4246 obtinuisse,
1541 4173 1850 4258 collegam
1891 4186 2106 4241 autem
2146 4177 2286 4242 eius
2313 4178 2398 4261 Q.
2424 4178 2756 4257 Catulum,

429 4273 543 4357 qui
580 4296 696 4359 per
738 4274 1063 4341 biennium
1098 4277 1164 4340 in
1212 4274 1544 4364 Cisalpina
1584 4279 1798 4347 Gallia
1835 4285 2162 4369 pugnarit,
2202 4287 2356 4353 huic
2403 4290 2522 4353 soli
2565 4312 2755 4375 prae-—

428 4381 635 4449 fuisse
697 4384 1082 4453 existimant.
1177 4386 1405 4471 Neque
1469 4403 1720 4476 pugnat
1779 4412 1927 4455 cum
1997 4392 2118 4458 hac
2170 4393 2636 4482 Transalpinas
2691 4411 2756 4464 et
