2917 5017
404 320 527 387 360
1030 320 1116 371 De
1153 319 1525 385 propagatione
1566 318 1787 369 civitatis
1826 318 2115 369 Romanae.

405 509 672 575 gemus;
737 484 986 561 incolae
1047 491 1264 547 autem
1337 490 1507 557 sunt,
1568 480 1941 565 quicunque
1996 479 2269 547 Latinae
2332 482 2565 568 stirpis
2624 500 2755 543 non

408 595 649 682 recepti
701 595 768 659 in
817 592 1026 657 tribus
1077 588 1479 655 domicilium
1524 589 1709 674 quasi
1750 588 2111 653 Romanum
2156 612 2285 654 non
2328 598 2756 675 acceperunt.

577 701 712 768 Sed
763 712 837 767 ut
877 700 962 763 ad
1021 721 1152 775 eos,
1214 698 1326 783 qui
1371 720 1452 762 ex
1506 697 1761 762 Latinis
1808 696 1983 761 domi
2044 710 2377 763 manentes
2423 698 2755 783 privatam

409 811 687 878 civitatis
711 810 1037 875 Romanae
1079 817 1324 893 partem
1370 805 1586 890 adepti
1632 815 1831 881 erant,
1860 804 2209 891 disputatio
2245 808 2471 872 nostra
2496 804 2757 877 redeat,

406 918 644 1006 quibus
673 918 872 983 rebus
911 916 1254 992 caruerint,
1295 914 1763 979 intelleximus:
1809 914 2141 997 quaeritur
2164 915 2314 991 iam,
2360 938 2495 1000 qua
2533 936 2612 1006 re
2650 912 2756 987 iis,

405 1030 516 1115 qui
583 1030 648 1093 in
712 1025 1060 1091 Latinitate
1120 1034 1621 1109 permanserant,
1680 1022 2131 1108 praestiterint.
2223 1022 2515 1088 Necesse
2574 1021 2759 1085 enim

410 1150 510 1203 est
567 1134 810 1220 aliquid
869 1133 1137 1220 praemii
1197 1132 1380 1216 quasi
1439 1130 1799 1195 habuerint.
1886 1130 2035 1195 Non
2086 1132 2363 1195 multum
2415 1131 2487 1195 id
2537 1129 2757 1195 fuisse

412 1246 679 1310 Tacitus
739 1240 914 1307 Ann.
959 1241 1089 1317 XI,
1136 1240 1216 1305 23
1274 1239 1537 1303 videtur
1595 1238 1983 1324 significare,
2040 1239 2154 1303 ubi
2214 1239 2297 1303 de
2352 1238 2759 1303 Aeduorum

411 1352 813 1441 principibus
887 1349 1114 1415 codem
1178 1348 1454 1413 civitatis
1523 1348 1851 1413 Romanae
1916 1370 2151 1431 genere
2214 1348 2475 1413 donatis
2552 1346 2757 1410 dicit:

388 1464 780 1543 fruerentur
829 1482 977 1521 sane
1019 1458 1310 1520 vocabulo
1361 1460 1651 1530 civitatis,
1712 1456 1795 1521 de
1851 1478 1980 1541 quo
2022 1457 2161 1521 loco
2205 1456 2333 1521 iam
2384 1477 2587 1540 supra
2634 1476 2759 1519 ex-

407 1570 692 1657 positum
747 1579 866 1643 est,
925 1565 1040 1631 sed
1097 1565 1374 1629 arbitror
1417 1574 1628 1629 tamen
1674 1564 1875 1641 illum,
1925 1564 2235 1650 quicquid
2281 1564 2521 1649 privati
2570 1566 2756 1628 com-

413 1678 590 1743 modi
634 1686 824 1752 esset,
868 1674 1050 1759 parvi
1109 1673 1358 1750 fecisse,
1409 1670 1602 1758 atque
1649 1697 1723 1738 ea
1760 1683 2029 1749 tantum,
2074 1695 2238 1757 quae
2280 1672 2363 1736 ad
2426 1695 2757 1737 summam

420 1785 884 1872 rempublicam
921 1784 1327 1866 honoresque
1380 1783 1792 1868 pertinerent,
1846 1783 2201 1847 intuentem
2244 1781 2333 1843 ita
2380 1782 2757 1867 scripsisse.

418 1894 828 1978 Quamquam
871 1893 1058 1957 etiam
1102 1890 1363 1976 publice
1415 1890 1661 1975 aliquid
1702 1891 1869 1955 inter
1922 1890 2195 1955 Latinos
2239 1902 2303 1955 et
2346 1890 2520 1955 inter
2572 1890 2759 1953 cives

421 2027 502 2068 ex
559 2003 751 2067 Latio
794 2000 1090 2066 existimo
1132 1998 1596 2075 intercessisse,
1640 2000 1703 2063 in
1752 2000 1974 2084 poenis
2019 1999 2295 2064 maxime
2336 2021 2418 2063 ac
2460 1998 2757 2073 iudiciis,

419 2123 493 2177 ut
534 2111 710 2175 cives
751 2110 842 2173 illi
884 2107 1170 2190 reliquis,
1213 2106 1324 2189 qui
1367 2107 1609 2190 optimo
1645 2108 1785 2173 iure
1832 2118 2066 2184 essent,
2103 2107 2170 2171 in
2214 2107 2524 2172 omnibus
2568 2130 2754 2193 pror-

419 2243 532 2286 sus
573 2216 768 2283 rebus
803 2225 1252 2300 aequarentur,
1301 2215 1427 2279 nisi
1472 2215 1645 2299 quod
1678 2238 1799 2279 nec
1828 2215 1909 2279 ad
1938 2214 2143 2281 tribus
2177 2238 2299 2281 nec
2336 2216 2422 2281 ad
2452 2228 2755 2281 senatum

411 2330 816 2411 honoresque
877 2322 1226 2390 senatorios
1288 2323 1797 2389 admitterentur.
1886 2326 1989 2389 Ac
2036 2324 2117 2389 de
2170 2325 2433 2390 iudiciis
2478 2325 2758 2410 quidem

414 2438 618 2503 multa
659 2444 924 2522 possent
961 2431 1299 2518 disputari,
1347 2431 1463 2497 sed
1490 2431 1847 2497 deducerer
1888 2432 1952 2495 in
1992 2456 2289 2519 campum
2330 2446 2391 2499 et
2434 2458 2761 2521 magnum

413 2557 478 2610 et
531 2545 612 2609 ab
657 2544 778 2607 hac
835 2542 1210 2626 quaestione
1255 2540 1573 2616 alienum3
1631 2541 1839 2626 ipsam
1892 2541 2095 2627 igitur
2151 2565 2287 2607 rem
2340 2543 2761 2628 significasse

417 2652 716 2718 sufficiat.
783 2650 890 2713 De
934 2650 1158 2734 poenis
1203 2660 1440 2725 autem,
1484 2672 1647 2734 quas
1675 2649 1927 2715 Latinis
1962 2649 2255 2735 infligere
2293 2649 2539 2728 liceret,
2589 2652 2760 2717 civi-

413 2761 538 2826 bus
585 2758 894 2825 Romanis
937 2778 1067 2821 non
1113 2757 1354 2833 liceret,
1399 2757 1753 2822 dolendum
1798 2772 1897 2823 est
1938 2759 2243 2844 exiguam
2288 2782 2443 2823 sane
2494 2759 2589 2823 ad
2636 2784 2758 2825 nos

415 2869 786 2935 memoriam
841 2867 1234 2952 pervenisse.
1324 2867 1523 2931 Nihil·
1561 2865 1729 2929 enim
1775 2867 2041 2949 reperio,
2086 2867 2209 2931 nisi
2262 2867 2441 2951 quod
2486 2868 2757 2933 Plutar-

416 2968 576 3041 chus
619 2974 698 3041 C.
724 2975 1004 3042 Gracch.
1047 2998 1102 3041 c.
1135 2976 1174 3041 9
1220 2976 1483 3041 Livium
1517 2975 1813 3039 Drusum
1857 2985 2095 3051 narrat,
2136 2976 2470 3041 tribunum
2514 2978 2755 3063 plebis,

417 3084 794 3151 destruendi
847 3084 1128 3150 Gracchi
1175 3107 1372 3149 causa
1406 3084 1621 3169 legem
1665 3084 1913 3160 tulisse,
1956 3107 2039 3148 ne
2076 3106 2266 3168 quem
2306 3086 2627 3151 Latinum
2674 3110 2753 3151 ne

416 3194 484 3257 in
531 3193 755 3259 militia
816 3193 1078 3278 quidem
1127 3193 1332 3278 virgis
1395 3192 1663 3257 caedere
1723 3193 1945 3257 liceret
1990 3194 2191 3273 (ὅπως
2236 3194 2381 3278 μήδ’
2428 3196 2528 3259 ἐπὶ
2580 3220 2748 3280 στρα-

417 3302 578 3369 τείας
649 3299 760 3386 ἐξῇ
821 3325 954 3365 τινα
1015 3303 1284 3365 Λατίνων
1349 3302 1599 3387 ῥάβδοις
1657 3301 2059 3384 αἰκίσασθαι).
2142 3302 2359 3369 Antea
2412 3303 2623 3389 igitur
2682 3304 2746 3367 in

422 3408 648 3473 militia
689 3409 892 3494 virgis
938 3410 1204 3475 caedere
1240 3410 1531 3485 licuerat,
1576 3421 1754 3475 extra
1794 3411 2057 3474 militam
2106 3434 2235 3476 non
2279 3411 2573 3476 licuerat.
2639 3413 2744 3476 In-

419 3528 662 3583 certum
711 3528 924 3582 tamen
969 3529 1086 3594 cst,
1129 3542 1283 3583 num
1326 3518 1521 3583 Livia
1562 3519 1669 3583 lex
1710 3519 1791 3583 iis
1831 3519 2235 3597 Latinorum,
2274 3520 2385 3605 qui
2420 3520 2743 3585 civitatem

416 3625 744 3703 haberent,
799 3626 1218 3711 praecipuum
1271 3626 1531 3711 aliquod
1578 3626 1681 3691 ius
1736 3650 1891 3713 prae
1933 3628 2198 3712 reliquis
2236 3627 2490 3693 Latinis
2536 3629 2741 3693 tribu-

420 3735 558 3810 erit,
601 3758 779 3811 num,
823 3734 934 3818 qui
978 3734 1217 3820 optimo
1271 3735 1410 3799 iure
1467 3736 1642 3799 cives
1697 3750 1932 3812 essent,
1978 3746 2187 3801 tamen
2228 3736 2353 3801 hoc
2393 3736 2461 3799 in
2508 3758 2741 3823 genere

419 3842 865 3927 praestiterint.
944 3841 1042 3906 Ne
1088 3842 1250 3907 illud
1296 3843 1560 3927 quidem
1610 3854 1877 3920 constat,
1920 3868 2098 3921 num,
2144 3844 2323 3930 quod
2361 3844 2603 3909 Livius
2644 3856 2739 3908 tu·-

417 3951 598 4027 lerat,
637 3952 954 4037 perlatum
999 3974 1076 4016 ac
1107 3961 1557 4016 conservatum
1603 3952 1703 4016 sit.
1768 3953 2027 4017 Etenim
2063 3953 2129 4017 in
2158 3953 2329 4017 bello
2353 3953 2738 4039 Iugurthino

421 4054 768 4123 Sallustius
827 4082 880 4123 c.
924 4061 1004 4125 69
1051 4069 1268 4124 narrat
1321 4060 1401 4124 ab
1457 4059 1541 4141 Q.
1583 4060 1849 4125 Metello
1896 4061 1975 4125 T.
2013 4060 2381 4146 Turpilium
2426 4058 2737 4138 Silanum,

417 4167 812 4252 praefectum
853 4167 1076 4253 oppidi
1123 4166 1202 4232 ab
1248 4166 1547 4233 hostibus
1584 4169 1771 4253 capti,
1810 4169 1982 4253 quod
2011 4169 2284 4255 turpiter
2320 4170 2732 4254 profugisset,

417 4272 823 4339 verberatum
879 4276 1084 4361 capite
1142 4299 1384 4362 poenas
1447 4277 1738 4341 solvisse.
1828 4282 1989 4341 Nam
2060 4283 2132 4353 is,
2193 4278 2421 4361 inquit,
2466 4282 2618 4340 civis
2664 4302 2729 4340 es:

417 4385 609 4445 Latio
650 4393 804 4445 erat.
889 4384 1088 4448 Hunc
1126 4407 1282 4449 num
1320 4383 1539 4447 Latini
1578 4384 1739 4449 iuris
1790 4385 1995 4451 fuisse
2038 4385 2390 4471 putamus?
2454 4384 2603 4449 Non
2644 4386 2729 4449 vi·

2686 4849 2889 5011 ᾼ
