2917 5017
858 353 941 403 De
980 353 1152 403 Gallia
1186 355 1538 404 Romanorum
1582 356 1860 419 provincia.
2438 352 2520 418 59

190 531 325 573 non
368 511 697 599 intelligoz
753 537 1005 600 semper
1042 538 1121 580 ea
1160 516 1230 579 in
1274 516 1528 601 privata
1565 518 1752 601 quasi
1798 519 2093 605 pactione
2137 528 2270 584 erat
2312 518 2524 603 posita

190 639 413 702 neque
462 642 747 706 unquam
796 623 1218 709 sequebatur,
1265 634 1339 688 ut
1374 646 1508 689 una
1547 627 1882 710 provincia
1922 627 2199 691 duorum
2246 627 2520 710 impera-

188 734 414 790 torum
454 740 629 793 esset
680 732 1061 796 communie.
1146 732 1405 796 Deinde
1455 754 1717 811 vereor,
1771 746 1848 799 ut
1903 734 2080 819 quod
2123 732 2518 800 Garatonius

178 833 251 897 in
283 835 492 900 verbo
528 840 1040 905 communicandi
1060 840 1274 906 inesse
1300 840 1461 916 vult,
1509 841 1858 927 significari
1895 865 1970 907 eo
1995 842 2222 927 possit.
2265 841 2522 906 Etenim
2632 832 2638 837 ’

178 946 673 1011 communicare
714 948 907 1024 nihil,
952 948 1181 1034 opinor
1196 996 1215 1024 ,
1254 948 1429 1011 aliud
1479 961 1608 1025 est,
1648 951 1848 1034 'quam
1891 972 2230 1016 commune
2271 948 2514 1034 aliquid

178 1074 339 1117 cum
382 1052 607 1137 aliquo
647 1056 879 1132 facere,
921 1078 1116 1140 quare
1146 1054 1375 1121 Cicero
1417 1078 1566 1121 cum
1611 1080 1680 1123 se
1727 1057 2006 1124 Galliam
2047 1082 2194 1124 cum
2231 1056 2521 1121 Antonio

178 1161 709 1228 communicasse
748 1163 925 1239 dicit,
977 1148 1099 1228 hoc
1140 1164 1247 1239 ait,
1290 1186 1359 1229 se
1404 1164 1471 1227 in
1515 1163 1749 1243 Gallia,
1791 1190 1984 1251 quam
2026 1166 2348 1252 propriam
2389 1163 2516 1229 sibi

182 1269 601 1353 provinciam
650 1270 975 1347 habuerit,
1031 1272 1321 1337 Antonio
1378 1294 1636 1357 quoque
1695 1296 1916 1339 secum
1963 1274 2304 1360 imperium
2367 1294 2520 1337 con-

188 1376 501 1443 cessisse.
586 1378 772 1461 Quae
818 1402 967 1444 cum
1010 1379 1100 1444 ita
1144 1381 1289 1456 sint,
1334 1379 1666 1465 probanda
1709 1382 1932 1467 utique
1965 1393 2065 1447 est
2105 1380 2380 1448 Ferratii
2419 1382 2520 1445 in-

184 1486 593 1571 terpretatiO,
637 1488 749 1572 qui
788 1488 967 1573 quod
992 1472 1223 1552 Cicero
1252 1510 1488 1573 passus
1527 1490 1611 1553 sit
1635 1491 1952 1556 adversus
1980 1488 2324 1554 Catilinam
2371 1512 2519 1555 cum

184 1594 483 1659 exercitu
532 1590 613 1658 C.
653 1596 1008 1661 Antonium
1060 1595 1221 1659 mitti
1264 1606 1445 1661 extra
1487 1598 1774 1663 ordinem
1830 1599 2026 1682 (nam
2072 1595 2148 1663 C.
2197 1598 2520 1662 Antonius

193 1703 381 1768 illum
440 1704 527 1768 ad
570 1704 883 1770 Pistoiam
924 1704 1238 1789 devicit),
1293 1704 1441 1769 ideo
1497 1716 1668 1771 recte
1715 1704 1992 1771 Galliam
2047 1729 2200 1769 cum
2237 1706 2520 1771 Antonio

206 1813 739 1879 communicatam
784 1813 915 1879 dici
952 1814 1060 1879 ait.
1149 1812 1242 1877 At
1282 1834 1472 1877 nemo
1515 1814 1679 1878 alius
1734 1814 1856 1879 hoc
1901 1814 2116 1879 tradit.
2199 1814 2521 1879 Nimirum

198 1942 329 1984 nec
372 1922 575 1987 omnia
618 1920 699 1987 ab
750 1921 1048 1986 omnibus
1087 1921 1331 1985 narrari
1369 1944 1535 2007 opus
1579 1934 1678 1987 est
1719 1933 1784 1987 et
1828 1920 2058 1987 Cicero
2103 1943 2218 2007 per
2263 1943 2334 1985 se
2379 1920 2520 2005 ipse

186 2027 345 2093 satis
390 2028 677 2093 idoneus
720 2040 944 2093 auctor
988 2039 1085 2093 est
1124 2039 1187 2093 et
1230 2050 1333 2092 res
1378 2028 1522 2113 ipsa
1564 2030 1922 2095 certissima
1977 2039 2106 2105 est3
2171 2052 2321 2094 nam
2369 2051 2519 2094 cum

178 2137 527 2202 Antonius
570 2159 717 2202 cum
759 2134 1039 2202 Catilina
1081 2137 1385 2223 pugnarit
1404 2184 1421 2211 ,
1475 2138 1542 2201 in
1583 2160 1662 2203 ea
1699 2148 1878 2225 parte
1918 2137 2139 2203 Italiae
2179 2136 2520 2223 imperium

177 2268 215 2308 a
256 2255 504 2310 senatu
546 2234 919 2309 mandatum
963 2244 1263 2309 habuerit
1304 2266 1567 2309 necesse
1601 2257 1718 2311 est.
1805 2246 1994 2329 Quae
2037 2258 2252 2312 autem
2299 2254 2522 2310 contra

177 2354 351 2417 hanc
397 2352 715 2417 rationem
762 2352 1157 2419 Garatonius
1200 2352 1522 2437 disputat,
1581 2356 1810 2440 partim
1860 2356 1944 2421 ad
1987 2354 2328 2441 imperium
2374 2352 2520 2417 Me-

182 2463 347 2539 telli,
396 2462 486 2527 de
524 2483 655 2547 quo
690 2462 883 2548 paulo
928 2474 1072 2548 post
1116 2462 1427 2538 dicemus,
1481 2463 1655 2547 quod
1699 2464 1808 2528 ille
1857 2461 2107 2528 Galliae
2151 2458 2520 2546 Cisalpinae

176 2571 435 2637 ratione
460 2592 595 2635 non
617 2582 955 2656 perspecta
974 2571 1161 2655 quale
1187 2570 1421 2635 fuisset
1452 2568 1812 2654 intelligere
1847 2593 1974 2635 non
2015 2570 2242 2657 potuit,
2287 2568 2520 2655 partim

185 2680 269 2745 ad
311 2691 615 2764 tempora
669 2678 1006 2763 pertinent.
1090 2678 1257 2743 Nam
1309 2678 1464 2763 quia
1503 2678 1862 2743 Antonium
1899 2680 2109 2744 Roma
2155 2679 2520 2765 profectum

192 2810 333 2852 esse
376 2796 636 2852 constat
680 2786 943 2851 demum
982 2798 1326 2873 postquam
1374 2783 1654 2851 Catilina
1697 2786 1860 2853 urbe
1903 2786 2178 2852 emissus
2223 2797 2358 2862 est,
2405 2782 2519 2849 Ci-

216 2917 359 2959 cero
392 2906 601 2959 autem
658 2906 999 2979 antequam
1036 2892 1379 2960 Catilinam
1428 2895 1634 2971 eiecit,
1676 2894 2071 2980 provinciam
2109 2904 2172 2957 et
2218 2893 2541 2978 deposuit-

192 3015 255 3068 et
300 3002 384 3085 Q.
435 3003 709 3068 Metello
772 3003 1051 3087 praetori
1105 3002 1576 3067 decernendam
1639 3003 1922 3079 curavit,
1981 3001 2376 3067 Garatonius
2425 3000 2521 3065 sic

184 3112 557 3188 existimat,
611 3134 741 3176 non
785 3112 951 3175 inter
993 3108 1373 3177 Ciceronem
1430 3123 1490 3175 et
1535 3112 1701 3175 inter
1743 3111 2094 3175 Antonium
2117 3158 2134 3187 ,
2197 3109 2312 3174 sed
2355 3108 2519 3173 inter

178 3221 539 3287 Metellum
586 3229 651 3285 et
686 3219 1043 3284 Antonium
1080 3218 1385 3285 debuisse
1424 3219 1556 3283 dici
1601 3219 2133 3285 communicatam
2167 3240 2312 3283 esse
2351 3214 2512 3282 Gal-

177 3331 363 3395 liam.
460 3328 555 3393 At
597 3327 775 3393 aliud
814 3338 913 3393 est
954 3328 1295 3412 imperium
1334 3327 1701 3413 provinciae
1743 3327 2054 3413 accipere,
2093 3324 2270 3390 aliud
2310 3324 2521 3388 Roma

182 3437 541 3526 proficisci,
581 3458 701 3503 nec
744 3436 801 3501 si
841 3436 1167 3501 Antonius
1210 3436 1473 3501 demum
1519 3447 1662 3520 post
1706 3459 1762 3500 a.
1806 3435 1870 3498 d.
1899 3434 2000 3502 VI
2029 3434 2131 3499 Id.
2153 3432 2341 3509 Nov.‚
2395 3452 2522 3515 qua

180 3558 377 3613 nocte
422 3543 709 3611 Catilina
752 3543 915 3609 urbe
952 3544 1249 3619 excessit,
1295 3544 1361 3607 in
1403 3544 1647 3610 bellum
1693 3542 1869 3620 abiit,
1915 3542 2226 3617 efficitur,
2271 3552 2344 3605 ut
2391 3562 2520 3605 non

196 3668 333 3721 ante
382 3655 518 3719 iam
562 3652 905 3738 imperium
932 3664 995 3717 et
1037 3650 1367 3717 decretum
1406 3676 1445 3717 a
1482 3661 1707 3717 senatu
1734 3650 2032 3715 habuerit
2055 3661 2118 3715 et
2155 3671 2304 3714 vere
2333 3670 2519 3713 exer-

208 3762 417 3827 cuerit.
508 3760 721 3845 quue
764 3782 912 3824 cum
952 3760 1017 3823 in
1060 3760 1202 3825 aliis
1246 3758 1596 3845 provinciis
1633 3759 1724 3824 ita
1765 3780 1908 3824 esse
1952 3768 2220 3844 poterat,
2275 3772 2413 3823 tum
2453 3757 2521 3821 in

196 3870 411 3937 Gallia
438 3866 793 3953 Cisalpina,
834 3868 1021 3934 cuius
1065 3867 1397 3955 praesides
1442 3866 1858 3932 consuevisse
1903 3865 2252 3932 didicimus
2280 3866 2522 3931 Romae

192 3979 444 4046 versari
490 3989 683 4063 atque
729 3977 881 4042 inde
922 3976 1287 4041 universam
1311 3974 1562 4040 Italiam
1593 3975 2016 4041 communiter
2053 3973 2523 4039 administrare.

187 4090 383 4155 Duas
429 4086 637 4173 igitur
676 4084 805 4151 iam
845 4095 1140 4150 tenemus
1184 4106 1287 4149 res
1312 4083 1728 4159 certissimas,
1775 4084 2054 4168 primum
2093 4093 2522 4149 commutasse
2633 4166 2645 4178 ,

190 4196 587 4263 Ciceronem
630 4193 1081 4261 Macedoniam
1122 4190 1379 4268 Gallia,
1425 4191 1692 4269 deinde,
1745 4213 1893 4257 cum
1935 4190 2218 4257 Galliam
2257 4200 2522 4265 teneret,

194 4328 345 4373 eum
396 4306 466 4370 in
509 4303 635 4369 hac
691 4302 835 4389 ipsa
887 4311 1067 4367 extra
1112 4300 1404 4365 ordinem
1452 4296 1530 4365 C.
1576 4301 1861 4366 Antonio
1923 4320 2258 4367 commune
2303 4318 2524 4363 secum

194 4414 543 4502 imperium
610 4409 1091 4477 decernendum
1150 4430 1431 4475 curasse.
1529 4405 1662 4473 Sed
1730 4408 1933 4497 quid?
2027 4408 2204 4475 Num
2264 4404 2524 4473 tandem
