<?xml version="1.0" encoding="UTF-8"?>
<!DOCTYPE html PUBLIC "-//W3C//DTD XHTML 1.0 Transitional//EN"
    "http://www.w3.org/TR/xhtml1/DTD/xhtml1-transitional.dtd">
<html xmlns="http://www.w3.org/1999/xhtml" xml:lang="en" lang="en">
 <head>
  <title>
</title>
<meta http-equiv="Content-Type" content="text/html;charset=utf-8" />
  <meta name='ocr-system' content='tesseract 3.04.00' />
  <meta name='ocr-capabilities' content='ocr_page ocr_carea ocr_par ocr_line ocrx_word'/>
</head>
<body>
  <div class='ocr_page' id='page_1' title='image "augustiwilhelmi01unkngoog_0188.png"; bbox 0 0 2917 5017; ppageno 0'>
   <div class='ocr_carea' id='block_1_1' title="bbox 657 332 2457 402">
    <p class='ocr_par' dir='ltr' id='par_1_1' title="bbox 657 332 2457 402">
     <span class='ocr_line' id='line_1_1' title="bbox 657 332 2457 402; baseline 0.003 -14"><span class='ocrx_word' id='word_1_1' title='bbox 657 339 740 388; x_wconf 81' lang='lat' dir='ltr'><strong>De</strong></span> <span class='ocrx_word' id='word_1_2' title='bbox 775 335 947 388; x_wconf 81' lang='lat' dir='ltr'><strong>Gallia</strong></span> <span class='ocrx_word' id='word_1_3' title='bbox 975 336 1326 386; x_wconf 80' lang='lat' dir='ltr'><strong>Romanorum</strong></span> <span class='ocrx_word' id='word_1_4' title='bbox 1367 336 1629 400; x_wconf 76' lang='lat' dir='ltr'><strong>provincia</strong></span> <span class='ocrx_word' id='word_1_5' title='bbox 1668 338 1945 402; x_wconf 76' lang='lat' dir='ltr'><strong>appendix.</strong></span> <span class='ocrx_word' id='word_1_6' title='bbox 2338 332 2457 398; x_wconf 80' lang='grc'><strong>173</strong></span> 
     </span>
    </p>
   </div>
   <div class='ocr_carea' id='block_1_2' title="bbox 72 499 2473 4476">
    <p class='ocr_par' dir='ltr' id='par_1_2' title="bbox 72 499 2473 4476">
     <span class='ocr_line' id='line_1_2' title="bbox 181 499 2458 588; baseline -0.001 -21"><span class='ocrx_word' id='word_1_7' title='bbox 181 503 468 588; x_wconf 74' lang='lat' dir='ltr'><strong>pei-iorum</strong></span> <span class='ocrx_word' id='word_1_8' title='bbox 505 511 571 565; x_wconf 88' lang='lat' dir='ltr'><strong>et</strong></span> <span class='ocrx_word' id='word_1_9' title='bbox 613 499 874 566; x_wconf 77' lang='lat' dir='ltr'><strong>ambitio</strong></span> <span class='ocrx_word' id='word_1_10' title='bbox 915 499 1312 564; x_wconf 86' lang='lat' dir='ltr'><strong>minueretur</strong></span> <span class='ocrx_word' id='word_1_11' title='bbox 1372 509 1435 564; x_wconf 89' lang='lat' dir='ltr'><strong>et</strong></span> <span class='ocrx_word' id='word_1_12' title='bbox 1489 499 1693 565; x_wconf 89' lang='lat' dir='ltr'><strong>libido</strong></span> <span class='ocrx_word' id='word_1_13' title='bbox 1745 501 2237 584; x_wconf 78' lang='lat' dir='ltr'><strong>magistratuum</strong></span> <span class='ocrx_word' id='word_1_14' title='bbox 2278 521 2458 564; x_wconf 87' lang='lat' dir='ltr'><strong>coer-</strong></span> 
     </span>
     <span class='ocr_line' id='line_1_3' title="bbox 183 607 2460 694; baseline -0.001 -19"><span class='ocrx_word' id='word_1_15' title='bbox 183 620 417 676; x_wconf 83' lang='lat' dir='ltr'><strong>ceretur.</strong></span> <span class='ocrx_word' id='word_1_16' title='bbox 504 609 730 693; x_wconf 88' lang='lat' dir='ltr'><strong>Itaque</strong></span> <span class='ocrx_word' id='word_1_17' title='bbox 780 619 854 671; x_wconf 89' lang='lat' dir='ltr'><strong>ut</strong></span> <span class='ocrx_word' id='word_1_18' title='bbox 893 607 1060 671; x_wconf 90' lang='lat' dir='ltr'><strong>inter</strong></span> <span class='ocrx_word' id='word_1_19' title='bbox 1111 607 1511 672; x_wconf 84' lang='lat' dir='ltr'><strong>consulatum</strong></span> <span class='ocrx_word' id='word_1_20' title='bbox 1552 618 2041 692; x_wconf 86' lang='lat' dir='ltr'><strong>praeturamque</strong></span> <span class='ocrx_word' id='word_1_21' title='bbox 2096 621 2159 673; x_wconf 89' lang='lat' dir='ltr'><strong>et</strong></span> <span class='ocrx_word' id='word_1_22' title='bbox 2199 609 2460 694; x_wconf 87' lang='lat' dir='ltr'><strong>provin-</strong></span> 
     </span>
     <span class='ocr_line' id='line_1_4' title="bbox 181 715 2459 801; baseline -0.001 -17"><span class='ocrx_word' id='word_1_23' title='bbox 181 720 388 784; x_wconf 86' lang='lat' dir='ltr'><strong>ciarum</strong></span> <span class='ocrx_word' id='word_1_24' title='bbox 433 717 830 782; x_wconf 85' lang='lat' dir='ltr'><strong>sortitionem</strong></span> <span class='ocrx_word' id='word_1_25' title='bbox 874 715 1152 801; x_wconf 83' lang='lat' dir='ltr'><strong>spatium</strong></span> <span class='ocrx_word' id='word_1_26' title='bbox 1195 715 1463 801; x_wconf 89' lang='lat' dir='ltr'><strong>imperio</strong></span> <span class='ocrx_word' id='word_1_27' title='bbox 1510 737 1781 780; x_wconf 87' lang='lat' dir='ltr'><strong>vacuum</strong></span> <span class='ocrx_word' id='word_1_28' title='bbox 1827 716 2137 782; x_wconf 81' lang='lat' dir='ltr'><strong>interesse</strong></span> <span class='ocrx_word' id='word_1_29' title='bbox 2176 717 2459 793; x_wconf 86' lang='lat' dir='ltr'><strong>iubebat,</strong></span> 
     </span>
     <span class='ocr_line' id='line_1_5' title="bbox 175 823 2460 910; baseline -0.001 -20"><span class='ocrx_word' id='word_1_30' title='bbox 175 829 250 891; x_wconf 88' lang='lat' dir='ltr'><strong>ita</strong></span> <span class='ocrx_word' id='word_1_31' title='bbox 287 825 516 910; x_wconf 88' lang='lat' dir='ltr'><strong>aliquid</strong></span> <span class='ocrx_word' id='word_1_32' title='bbox 565 825 752 890; x_wconf 83' lang='lat' dir='ltr'><strong>etiam</strong></span> <span class='ocrx_word' id='word_1_33' title='bbox 777 824 944 886; x_wconf 84' lang='lat' dir='ltr'><strong>inter</strong></span> <span class='ocrx_word' id='word_1_34' title='bbox 962 823 1328 908; x_wconf 87' lang='lat' dir='ltr'><strong>provincias</strong></span> <span class='ocrx_word' id='word_1_35' title='bbox 1357 837 1420 890; x_wconf 91' lang='lat' dir='ltr'><strong>et</strong></span> <span class='ocrx_word' id='word_1_36' title='bbox 1442 847 1646 890; x_wconf 86' lang='lat' dir='ltr'><strong>novos</strong></span> <span class='ocrx_word' id='word_1_37' title='bbox 1669 825 1945 889; x_wconf 88' lang='lat' dir='ltr'><strong>honores</strong></span> <span class='ocrx_word' id='word_1_38' title='bbox 1968 824 2243 888; x_wconf 89' lang='lat' dir='ltr'><strong>interiici</strong></span> <span class='ocrx_word' id='word_1_39' title='bbox 2268 847 2460 909; x_wconf 87' lang='lat' dir='ltr'><strong>opor-</strong></span> 
     </span>
     <span class='ocr_line' id='line_1_6' title="bbox 177 931 2460 1018; baseline -0.002 -18"><span class='ocrx_word' id='word_1_40' title='bbox 177 937 343 1011; x_wconf 84' lang='lat' dir='ltr'><strong>tebat,</strong></span> <span class='ocrx_word' id='word_1_41' title='bbox 381 957 462 999; x_wconf 88' lang='lat' dir='ltr'><strong>ne</strong></span> <span class='ocrx_word' id='word_1_42' title='bbox 493 935 548 999; x_wconf 90' lang='lat' dir='ltr'><strong>si</strong></span> <span class='ocrx_word' id='word_1_43' title='bbox 569 933 715 1018; x_wconf 88' lang='lat' dir='ltr'><strong>quis</strong></span> <span class='ocrx_word' id='word_1_44' title='bbox 744 931 1138 1016; x_wconf 85' lang='lat' dir='ltr'><strong>provinciam</strong></span> <span class='ocrx_word' id='word_1_45' title='bbox 1173 953 1318 997; x_wconf 89' lang='lat' dir='ltr'><strong>cum</strong></span> <span class='ocrx_word' id='word_1_46' title='bbox 1353 934 1689 998; x_wconf 79' lang='lat' dir='ltr'><strong>consulatu</strong></span> <span class='ocrx_word' id='word_1_47' title='bbox 1718 932 2177 1008; x_wconf 84' lang='lat' dir='ltr'><strong>coniunxisset,</strong></span> <span class='ocrx_word' id='word_1_48' title='bbox 2212 933 2460 996; x_wconf 89' lang='lat' dir='ltr'><strong>nullum</strong></span> 
     </span>
     <span class='ocr_line' id='line_1_7' title="bbox 177 1040 2463 1125; baseline -0.001 -18"><span class='ocrx_word' id='word_1_49' title='bbox 177 1044 294 1108; x_wconf 89' lang='lat' dir='ltr'><strong>eius</strong></span> <span class='ocrx_word' id='word_1_50' title='bbox 329 1041 673 1108; x_wconf 83' lang='lat' dir='ltr'><strong>accusandi</strong></span> <span class='ocrx_word' id='word_1_51' title='bbox 719 1040 996 1125; x_wconf 87' lang='lat' dir='ltr'><strong>spatium</strong></span> <span class='ocrx_word' id='word_1_52' title='bbox 1057 1040 1545 1124; x_wconf 79' lang='lat' dir='ltr'><strong>relinqueret-ur.</strong></span> <span class='ocrx_word' id='word_1_53' title='bbox 1630 1041 1837 1124; x_wconf 90' lang='lat' dir='ltr'><strong>quue</strong></span> <span class='ocrx_word' id='word_1_54' title='bbox 1882 1040 2181 1105; x_wconf 81' lang='lat' dir='ltr'><strong>facillime</strong></span> <span class='ocrx_word' id='word_1_55' title='bbox 2238 1042 2363 1114; x_wconf 86' lang='lat' dir='ltr'><strong>lex,</strong></span> <span class='ocrx_word' id='word_1_56' title='bbox 2408 1042 2463 1105; x_wconf 90' lang='lat' dir='ltr'><strong>si</strong></span> 
     </span>
     <span class='ocr_line' id='line_1_8' title="bbox 173 1148 2461 1234; baseline -0.002 -18"><span class='ocrx_word' id='word_1_57' title='bbox 173 1151 436 1216; x_wconf 81' lang='lat' dir='ltr'><strong>absentes</strong></span> <span class='ocrx_word' id='word_1_58' title='bbox 503 1148 875 1214; x_wconf 84' lang='lat' dir='ltr'><strong>candidatos</strong></span> <span class='ocrx_word' id='word_1_59' title='bbox 929 1149 1129 1231; x_wconf 81' lang='lat' dir='ltr'><strong>recipi</strong></span> <span class='ocrx_word' id='word_1_60' title='bbox 1181 1158 1456 1224; x_wconf 85' lang='lat' dir='ltr'><strong>vetaret,</strong></span> <span class='ocrx_word' id='word_1_61' title='bbox 1523 1149 2003 1232; x_wconf 85' lang='lat' dir='ltr'><strong>assequebatur.</strong></span> <span class='ocrx_word' id='word_1_62' title='bbox 2088 1149 2241 1234; x_wconf 88' lang='lat' dir='ltr'><strong>Ipsa</strong></span> <span class='ocrx_word' id='word_1_63' title='bbox 2296 1149 2461 1234; x_wconf 89' lang='lat' dir='ltr'><strong>legis</strong></span> 
     </span>
     <span class='ocr_line' id='line_1_9' title="bbox 172 1255 2463 1342; baseline -0.001 -20"><span class='ocrx_word' id='word_1_64' title='bbox 172 1259 344 1324; x_wconf 88' lang='lat' dir='ltr'><strong>verba</strong></span> <span class='ocrx_word' id='word_1_65' title='bbox 387 1281 550 1342; x_wconf 88' lang='lat' dir='ltr'><strong>quae</strong></span> <span class='ocrx_word' id='word_1_66' title='bbox 590 1258 830 1322; x_wconf 82' lang='lat' dir='ltr'><strong>fuerint</strong></span> <span class='ocrx_word' id='word_1_67' title='bbox 869 1255 1226 1320; x_wconf 85' lang='lat' dir='ltr'><strong>nescimus:</strong></span> <span class='ocrx_word' id='word_1_68' title='bbox 1273 1255 1385 1320; x_wconf 83' lang='lat' dir='ltr'><strong>sed</strong></span> <span class='ocrx_word' id='word_1_69' title='bbox 1432 1257 1571 1320; x_wconf 86' lang='lat' dir='ltr'><strong>sive</strong></span> <span class='ocrx_word' id='word_1_70' title='bbox 1604 1257 1671 1319; x_wconf 90' lang='lat' dir='ltr'><strong>in</strong></span> <span class='ocrx_word' id='word_1_71' title='bbox 1720 1280 1795 1320; x_wconf 83' lang='lat' dir='ltr'><strong>ea</strong></span> <span class='ocrx_word' id='word_1_72' title='bbox 1832 1280 1961 1322; x_wconf 87' lang='lat' dir='ltr'><strong>una</strong></span> <span class='ocrx_word' id='word_1_73' title='bbox 2004 1257 2289 1320; x_wconf 85' lang='lat' dir='ltr'><strong>absentis</strong></span> <span class='ocrx_word' id='word_1_74' title='bbox 2336 1279 2463 1322; x_wconf 86' lang='lat' dir='ltr'><strong>vox</strong></span> 
     </span>
     <span class='ocr_line' id='line_1_10' title="bbox 171 1363 2461 1448; baseline -0.001 -17"><span class='ocrx_word' id='word_1_75' title='bbox 171 1379 285 1432; x_wconf 82' lang='lat' dir='ltr'><strong>erat</strong></span> <span class='ocrx_word' id='word_1_76' title='bbox 323 1367 456 1430; x_wconf 87' lang='lat' dir='ltr'><strong>sive</strong></span> <span class='ocrx_word' id='word_1_77' title='bbox 504 1366 600 1448; x_wconf 86' lang='lat' dir='ltr'><strong>(id</strong></span> <span class='ocrx_word' id='word_1_78' title='bbox 645 1365 819 1448; x_wconf 90' lang='lat' dir='ltr'><strong>quod</strong></span> <span class='ocrx_word' id='word_1_79' title='bbox 855 1363 1062 1448; x_wconf 87' lang='lat' dir='ltr'><strong>magis</strong></span> <span class='ocrx_word' id='word_1_80' title='bbox 1103 1363 1326 1444; x_wconf 84' lang='lat' dir='ltr'><strong>credo)</strong></span> <span class='ocrx_word' id='word_1_81' title='bbox 1371 1365 1765 1448; x_wconf 79' lang='lat' dir='ltr'><strong>provinciam</strong></span> <span class='ocrx_word' id='word_1_82' title='bbox 1808 1377 1921 1430; x_wconf 89' lang='lat' dir='ltr'><strong>aut</strong></span> <span class='ocrx_word' id='word_1_83' title='bbox 1952 1387 2191 1430; x_wconf 87' lang='lat' dir='ltr'><strong>munus</strong></span> <span class='ocrx_word' id='word_1_84' title='bbox 2221 1363 2461 1428; x_wconf 83' lang='lat' dir='ltr'><strong>haben-</strong></span> 
     </span>
     <span class='ocr_line' id='line_1_11' title="bbox 170 1471 2463 1558; baseline -0 -21"><span class='ocrx_word' id='word_1_85' title='bbox 170 1477 236 1539; x_wconf 86' lang='lat' dir='ltr'><strong>tis</strong></span> <span class='ocrx_word' id='word_1_86' title='bbox 269 1475 364 1538; x_wconf 86' lang='lat' dir='ltr'><strong>vel</strong></span> <span class='ocrx_word' id='word_1_87' title='bbox 411 1475 620 1538; x_wconf 87' lang='lat' dir='ltr'><strong>simile</strong></span> <span class='ocrx_word' id='word_1_88' title='bbox 665 1473 825 1556; x_wconf 87' lang='lat' dir='ltr'><strong>quid</strong></span> <span class='ocrx_word' id='word_1_89' title='bbox 873 1471 1192 1536; x_wconf 87' lang='lat' dir='ltr'><strong>adiectum</strong></span> <span class='ocrx_word' id='word_1_90' title='bbox 1236 1471 1701 1549; x_wconf 81' lang='lat' dir='ltr'><strong>inveniebatur,</strong></span> <span class='ocrx_word' id='word_1_91' title='bbox 1748 1474 2123 1558; x_wconf 85' lang='lat' dir='ltr'><strong>scriptores,</strong></span> <span class='ocrx_word' id='word_1_92' title='bbox 2166 1473 2277 1556; x_wconf 89' lang='lat' dir='ltr'><strong>qui</strong></span> <span class='ocrx_word' id='word_1_93' title='bbox 2320 1471 2463 1536; x_wconf 89' lang='lat' dir='ltr'><strong>bre-</strong></span> 
     </span>
     <span class='ocr_line' id='line_1_12' title="bbox 171 1577 2463 1666; baseline 0 -20"><span class='ocrx_word' id='word_1_94' title='bbox 171 1584 398 1646; x_wconf 79' lang='lat' dir='ltr'><strong>vitatem</strong></span> <span class='ocrx_word' id='word_1_95' title='bbox 447 1593 890 1666; x_wconf 83' lang='lat' dir='ltr'><strong>sequerentur,</strong></span> <span class='ocrx_word' id='word_1_96' title='bbox 933 1577 1230 1642; x_wconf 83' lang='lat' dir='ltr'><strong>absentes</strong></span> <span class='ocrx_word' id='word_1_97' title='bbox 1273 1589 1521 1642; x_wconf 88' lang='lat' dir='ltr'><strong>tantum</strong></span> <span class='ocrx_word' id='word_1_98' title='bbox 1568 1581 1889 1664; x_wconf 87' lang='lat' dir='ltr'><strong>appellare</strong></span> <span class='ocrx_word' id='word_1_99' title='bbox 1928 1581 2083 1644; x_wconf 83' lang='lat' dir='ltr'><strong>satis</strong></span> <span class='ocrx_word' id='word_1_100' title='bbox 2109 1594 2263 1644; x_wconf 88' lang='lat' dir='ltr'><strong>erat.</strong></span> <span class='ocrx_word' id='word_1_101' title='bbox 2320 1581 2463 1646; x_wconf 93' lang='lat' dir='ltr'><strong>Ab-</strong></span> 
     </span>
     <span class='ocr_line' id='line_1_13' title="bbox 173 1685 2467 1774; baseline 0 -22"><span class='ocrx_word' id='word_1_102' title='bbox 173 1713 286 1754; x_wconf 84' lang='lat' dir='ltr'><strong>esse</strong></span> <span class='ocrx_word' id='word_1_103' title='bbox 325 1691 494 1769; x_wconf 85' lang='lat' dir='ltr'><strong>enim</strong></span> <span class='ocrx_word' id='word_1_104' title='bbox 537 1689 937 1774; x_wconf 83' lang='lat' dir='ltr'><strong>intelligitur,</strong></span> <span class='ocrx_word' id='word_1_105' title='bbox 985 1687 1096 1770; x_wconf 91' lang='lat' dir='ltr'><strong>qui</strong></span> <span class='ocrx_word' id='word_1_106' title='bbox 1123 1685 1382 1772; x_wconf 88' lang='lat' dir='ltr'><strong>publice</strong></span> <span class='ocrx_word' id='word_1_107' title='bbox 1418 1687 1621 1751; x_wconf 87' lang='lat' dir='ltr'><strong>abest.</strong></span> <span class='ocrx_word' id='word_1_108' title='bbox 1684 1685 1985 1754; x_wconf 79' lang='lat' dir='ltr'><strong>Caesaris</strong></span> <span class='ocrx_word' id='word_1_109' title='bbox 2020 1710 2173 1752; x_wconf 89' lang='lat' dir='ltr'><strong>vero</strong></span> <span class='ocrx_word' id='word_1_110' title='bbox 2200 1688 2467 1754; x_wconf 86' lang='lat' dir='ltr'><strong>historia</strong></span> 
     </span>
     <span class='ocr_line' id='line_1_14' title="bbox 177 1790 2466 1878; baseline 0 -18"><span class='ocrx_word' id='word_1_111' title='bbox 177 1797 408 1862; x_wconf 79' lang='lat' dir='ltr'><strong>eandem</strong></span> <span class='ocrx_word' id='word_1_112' title='bbox 453 1822 593 1864; x_wconf 88' lang='lat' dir='ltr'><strong>rem</strong></span> <span class='ocrx_word' id='word_1_113' title='bbox 635 1797 984 1878; x_wconf 81' lang='lat' dir='ltr'><strong>clarissime</strong></span> <span class='ocrx_word' id='word_1_114' title='bbox 1023 1798 1436 1860; x_wconf 83' lang='lat' dir='ltr'><strong>demonstrat.</strong></span> <span class='ocrx_word' id='word_1_115' title='bbox 1524 1795 1719 1860; x_wconf 90' lang='lat' dir='ltr'><strong>Anno</strong></span> <span class='ocrx_word' id='word_1_116' title='bbox 1762 1797 1933 1860; x_wconf 90' lang='lat' dir='ltr'><strong>enim</strong></span> <span class='ocrx_word' id='word_1_117' title='bbox 1975 1796 2054 1860; x_wconf 78' lang='lat'><strong>52</strong></span> <span class='ocrx_word' id='word_1_118' title='bbox 2102 1797 2167 1860; x_wconf 90' lang='lat' dir='ltr'><strong>in</strong></span> <span class='ocrx_word' id='word_1_119' title='bbox 2218 1790 2466 1862; x_wconf 84' lang='lat' dir='ltr'><strong>summa</strong></span> 
     </span>
     <span class='ocr_line' id='line_1_15' title="bbox 171 1900 2464 1990; baseline 0.001 -24"><span class='ocrx_word' id='word_1_120' title='bbox 171 1906 540 1990; x_wconf 85' lang='lat' dir='ltr'><strong>reipublicae</strong></span> <span class='ocrx_word' id='word_1_121' title='bbox 597 1905 1072 1990; x_wconf 83' lang='lat' dir='ltr'><strong>perturbatione</strong></span> <span class='ocrx_word' id='word_1_122' title='bbox 1123 1925 1273 1968; x_wconf 88' lang='lat' dir='ltr'><strong>cum</strong></span> <span class='ocrx_word' id='word_1_123' title='bbox 1329 1900 1449 1966; x_wconf 88' lang='lat' dir='ltr'><strong>Cn.</strong></span> <span class='ocrx_word' id='word_1_124' title='bbox 1499 1903 1849 1988; x_wconf 87' lang='lat' dir='ltr'><strong>Pompeius</strong></span> <span class='ocrx_word' id='word_1_125' title='bbox 1892 1905 2071 1968; x_wconf 88' lang='lat' dir='ltr'><strong>solus</strong></span> <span class='ocrx_word' id='word_1_126' title='bbox 2120 1915 2464 1980; x_wconf 86' lang='lat' dir='ltr'><strong>crearetur,</strong></span> 
     </span>
     <span class='ocr_line' id='line_1_16' title="bbox 173 2009 2466 2099; baseline 0 -24"><span class='ocrx_word' id='word_1_127' title='bbox 173 2013 386 2078; x_wconf 83' lang='lat' dir='ltr'><strong>tribuni</strong></span> <span class='ocrx_word' id='word_1_128' title='bbox 445 2013 654 2099; x_wconf 83' lang='lat' dir='ltr'><strong>plebis</strong></span> <span class='ocrx_word' id='word_1_129' title='bbox 718 2013 954 2098; x_wconf 88' lang='lat' dir='ltr'><strong>aliique</strong></span> <span class='ocrx_word' id='word_1_130' title='bbox 999 2012 1184 2076; x_wconf 86' lang='lat' dir='ltr'><strong>amici</strong></span> <span class='ocrx_word' id='word_1_131' title='bbox 1229 2009 1529 2076; x_wconf 84' lang='lat' dir='ltr'><strong>Caesaris</strong></span> <span class='ocrx_word' id='word_1_132' title='bbox 1582 2011 1652 2074; x_wconf 87' lang='lat' dir='ltr'><strong>id</strong></span> <span class='ocrx_word' id='word_1_133' title='bbox 1706 2033 1899 2096; x_wconf 86' lang='lat' dir='ltr'><strong>agere</strong></span> <span class='ocrx_word' id='word_1_134' title='bbox 1958 2026 2299 2097; x_wconf 86' lang='lat' dir='ltr'><strong>coeperant</strong></span> <span class='ocrx_word' id='word_1_135' title='bbox 2316 2061 2335 2088; x_wconf 92' lang='lat'>‚</span> <span class='ocrx_word' id='word_1_136' title='bbox 2393 2023 2466 2076; x_wconf 87' lang='lat' dir='ltr'><strong>ut</strong></span> 
     </span>
     <span class='ocr_line' id='line_1_17' title="bbox 173 2117 2465 2207; baseline 0.001 -25"><span class='ocrx_word' id='word_1_137' title='bbox 173 2143 296 2184; x_wconf 86' lang='lat' dir='ltr'><strong>eum</strong></span> <span class='ocrx_word' id='word_1_138' title='bbox 331 2123 423 2186; x_wconf 90' lang='lat' dir='ltr'><strong>illi</strong></span> <span class='ocrx_word' id='word_1_139' title='bbox 471 2123 786 2207; x_wconf 85' lang='lat' dir='ltr'><strong>collegam</strong></span> <span class='ocrx_word' id='word_1_140' title='bbox 831 2121 1145 2190; x_wconf 85' lang='lat' dir='ltr'><strong>adderent</strong></span> <span class='ocrx_word' id='word_1_141' title='bbox 1198 2118 1497 2202; x_wconf 86' lang='lat' dir='ltr'><strong>(Sueton.</strong></span> <span class='ocrx_word' id='word_1_142' title='bbox 1555 2117 1743 2187; x_wconf 88' lang='lat' dir='ltr'><strong>Caes.</strong></span> <span class='ocrx_word' id='word_1_143' title='bbox 1808 2143 1863 2183; x_wconf 87' lang='lat' dir='ltr'><strong>c.</strong></span> <span class='ocrx_word' id='word_1_144' title='bbox 1910 2121 2027 2196; x_wconf 77' lang='lat'><strong>26,</strong></span> <span class='ocrx_word' id='word_1_145' title='bbox 2088 2121 2215 2184; x_wconf 92' lang='lat' dir='ltr'><strong>Dio</strong></span> <span class='ocrx_word' id='word_1_146' title='bbox 2278 2117 2465 2190; x_wconf 88' lang='lat' dir='ltr'><strong>Cass.</strong></span> 
     </span>
     <span class='ocr_line' id='line_1_18' title="bbox 166 2228 2465 2312; baseline 0.001 -22"><span class='ocrx_word' id='word_1_147' title='bbox 166 2229 301 2305; x_wconf 89' lang='lat' dir='ltr'><strong>XL,</strong></span> <span class='ocrx_word' id='word_1_148' title='bbox 334 2231 406 2294; x_wconf 83' lang='lat'><strong>51</strong></span> <span class='ocrx_word' id='word_1_149' title='bbox 445 2239 512 2294; x_wconf 85' lang='lat' dir='ltr'><strong>et</strong></span> <span class='ocrx_word' id='word_1_150' title='bbox 543 2230 676 2311; x_wconf 71' lang='lat'><strong>56).</strong></span> <span class='ocrx_word' id='word_1_151' title='bbox 738 2229 1054 2294; x_wconf 86' lang='lat' dir='ltr'><strong>Nimirum</strong></span> <span class='ocrx_word' id='word_1_152' title='bbox 1099 2251 1178 2292; x_wconf 86' lang='lat' dir='ltr'><strong>ex</strong></span> <span class='ocrx_word' id='word_1_153' title='bbox 1221 2228 1559 2292; x_wconf 85' lang='lat' dir='ltr'><strong>consulatu</strong></span> <span class='ocrx_word' id='word_1_154' title='bbox 1600 2238 1749 2312; x_wconf 87' lang='lat' dir='ltr'><strong>apta</strong></span> <span class='ocrx_word' id='word_1_155' title='bbox 1786 2240 1923 2294; x_wconf 87' lang='lat' dir='ltr'><strong>erat</strong></span> <span class='ocrx_word' id='word_1_156' title='bbox 1967 2228 2069 2292; x_wconf 84' lang='lat' dir='ltr'><strong>vel</strong></span> <span class='ocrx_word' id='word_1_157' title='bbox 2106 2250 2275 2291; x_wconf 89' lang='lat' dir='ltr'><strong>nova</strong></span> <span class='ocrx_word' id='word_1_158' title='bbox 2313 2249 2465 2312; x_wconf 86' lang='lat' dir='ltr'><strong>pro-</strong></span> 
     </span>
     <span class='ocr_line' id='line_1_19' title="bbox 168 2335 2465 2422; baseline 0 -23"><span class='ocrx_word' id='word_1_159' title='bbox 168 2337 356 2402; x_wconf 86' lang='lat' dir='ltr'><strong>vincia</strong></span> <span class='ocrx_word' id='word_1_160' title='bbox 402 2337 515 2402; x_wconf 86' lang='lat' dir='ltr'><strong>vel</strong></span> <span class='ocrx_word' id='word_1_161' title='bbox 550 2337 788 2402; x_wconf 86' lang='lat' dir='ltr'><strong>veteris</strong></span> <span class='ocrx_word' id='word_1_162' title='bbox 825 2336 1194 2422; x_wconf 87' lang='lat' dir='ltr'><strong>prorogatio</strong></span> <span class='ocrx_word' id='word_1_163' title='bbox 1213 2382 1230 2411; x_wconf 95' lang='lat'><strong>,</strong></span> <span class='ocrx_word' id='word_1_164' title='bbox 1293 2346 1513 2421; x_wconf 89' lang='lat' dir='ltr'><strong>aptum</strong></span> <span class='ocrx_word' id='word_1_165' title='bbox 1570 2358 1811 2400; x_wconf 86' lang='lat' dir='ltr'><strong>novum</strong></span> <span class='ocrx_word' id='word_1_166' title='bbox 1861 2335 2231 2420; x_wconf 87' lang='lat' dir='ltr'><strong>imperium,</strong></span> <span class='ocrx_word' id='word_1_167' title='bbox 2290 2335 2465 2418; x_wconf 88' lang='lat' dir='ltr'><strong>quod</strong></span> 
     </span>
     <span class='ocr_line' id='line_1_20' title="bbox 165 2439 2469 2531; baseline 0 -25"><span class='ocrx_word' id='word_1_168' title='bbox 165 2467 296 2508; x_wconf 84' lang='lat' dir='ltr'><strong>cum</strong></span> <span class='ocrx_word' id='word_1_169' title='bbox 315 2445 627 2531; x_wconf 79' lang='lat' dir='ltr'><strong>Pompeio</strong></span> <span class='ocrx_word' id='word_1_170' title='bbox 670 2445 959 2510; x_wconf 85' lang='lat' dir='ltr'><strong>futurum</strong></span> <span class='ocrx_word' id='word_1_171' title='bbox 1003 2467 1144 2509; x_wconf 89' lang='lat' dir='ltr'><strong>esse</strong></span> <span class='ocrx_word' id='word_1_172' title='bbox 1173 2444 1489 2520; x_wconf 85' lang='lat' dir='ltr'><strong>viderent,</strong></span> <span class='ocrx_word' id='word_1_173' title='bbox 1526 2439 1790 2508; x_wconf 87' lang='lat' dir='ltr'><strong>Caesari</strong></span> <span class='ocrx_word' id='word_1_174' title='bbox 1818 2466 2075 2526; x_wconf 89' lang='lat' dir='ltr'><strong>quoque</strong></span> <span class='ocrx_word' id='word_1_175' title='bbox 2098 2443 2469 2526; x_wconf 87' lang='lat' dir='ltr'><strong>contingere</strong></span> 
     </span>
     <span class='ocr_line' id='line_1_21' title="bbox 166 2550 2469 2624; baseline -0 -10"><span class='ocrx_word' id='word_1_176' title='bbox 166 2553 464 2618; x_wconf 87' lang='lat' dir='ltr'><strong>volebant.</strong></span> <span class='ocrx_word' id='word_1_177' title='bbox 537 2552 670 2618; x_wconf 90' lang='lat' dir='ltr'><strong>Sed</strong></span> <span class='ocrx_word' id='word_1_178' title='bbox 711 2553 818 2618; x_wconf 89' lang='lat' dir='ltr'><strong>ille</strong></span> <span class='ocrx_word' id='word_1_179' title='bbox 861 2575 1012 2618; x_wconf 85' lang='lat' dir='ltr'><strong>cum</strong></span> <span class='ocrx_word' id='word_1_180' title='bbox 1051 2577 1090 2615; x_wconf 92' lang='lat' dir='ltr'><strong>a</strong></span> <span class='ocrx_word' id='word_1_181' title='bbox 1133 2551 1302 2618; x_wconf 92' lang='lat' dir='ltr'><strong>bello</strong></span> <span class='ocrx_word' id='word_1_182' title='bbox 1347 2550 1601 2618; x_wconf 88' lang='lat' dir='ltr'><strong>Gallico</strong></span> <span class='ocrx_word' id='word_1_183' title='bbox 1646 2551 1979 2616; x_wconf 86' lang='lat' dir='ltr'><strong>discedere</strong></span> <span class='ocrx_word' id='word_1_184' title='bbox 2022 2551 2239 2624; x_wconf 86' lang='lat' dir='ltr'><strong>nollet,</strong></span> <span class='ocrx_word' id='word_1_185' title='bbox 2286 2551 2341 2614; x_wconf 90' lang='lat' dir='ltr'><strong>si</strong></span> <span class='ocrx_word' id='word_1_186' title='bbox 2374 2551 2469 2614; x_wconf 84' lang='lat' dir='ltr'><strong>al-</strong></span> 
     </span>
     <span class='ocr_line' id='line_1_22' title="bbox 169 2658 2470 2746; baseline -0.001 -23"><span class='ocrx_word' id='word_1_187' title='bbox 169 2661 347 2726; x_wconf 85' lang='lat' dir='ltr'><strong>terius</strong></span> <span class='ocrx_word' id='word_1_188' title='bbox 391 2661 766 2726; x_wconf 85' lang='lat' dir='ltr'><strong>consulatus</strong></span> <span class='ocrx_word' id='word_1_189' title='bbox 813 2661 1036 2746; x_wconf 90' lang='lat' dir='ltr'><strong>petitio</strong></span> <span class='ocrx_word' id='word_1_190' title='bbox 1083 2661 1333 2724; x_wconf 87' lang='lat' dir='ltr'><strong>absenti</strong></span> <span class='ocrx_word' id='word_1_191' title='bbox 1393 2659 1519 2724; x_wconf 89' lang='lat' dir='ltr'><strong>sibi</strong></span> <span class='ocrx_word' id='word_1_192' title='bbox 1572 2658 1835 2724; x_wconf 89' lang='lat' dir='ltr'><strong>daretur</strong></span> <span class='ocrx_word' id='word_1_193' title='bbox 1854 2707 1871 2736; x_wconf 95' lang='lat'><strong>,</strong></span> <span class='ocrx_word' id='word_1_194' title='bbox 1928 2671 2263 2726; x_wconf 82' lang='lat' dir='ltr'><strong>contentus</strong></span> <span class='ocrx_word' id='word_1_195' title='bbox 2316 2668 2470 2734; x_wconf 87' lang='lat' dir='ltr'><strong>erat,</strong></span> 
     </span>
     <span class='ocr_line' id='line_1_23' title="bbox 72 2765 2471 2854; baseline -0.001 -22"><span class='ocrx_word' id='word_1_196' title='bbox 72 2811 74 2822; x_wconf 43' lang='grc' dir='ltr'>ι</span> <span class='ocrx_word' id='word_1_197' title='bbox 166 2781 218 2832; x_wconf 87' lang='lat' dir='ltr'><strong>et</strong></span> <span class='ocrx_word' id='word_1_198' title='bbox 252 2769 512 2852; x_wconf 87' lang='lat' dir='ltr'><strong>quidem</strong></span> <span class='ocrx_word' id='word_1_199' title='bbox 549 2769 836 2854; x_wconf 86' lang='lat' dir='ltr'><strong>legitimo</strong></span> <span class='ocrx_word' id='word_1_200' title='bbox 879 2791 1000 2833; x_wconf 89' lang='lat' dir='ltr'><strong>suo</strong></span> <span class='ocrx_word' id='word_1_201' title='bbox 1035 2790 1200 2834; x_wconf 87' lang='lat' dir='ltr'><strong>anno</strong></span> <span class='ocrx_word' id='word_1_202' title='bbox 1234 2769 1277 2831; x_wconf 81' lang='lat' dir='ltr'><strong>i.</strong></span> <span class='ocrx_word' id='word_1_203' title='bbox 1319 2790 1374 2832; x_wconf 88' lang='lat' dir='ltr'><strong>e.</strong></span> <span class='ocrx_word' id='word_1_204' title='bbox 1417 2767 1499 2833; x_wconf 76' lang='lat'><strong>48</strong></span> <span class='ocrx_word' id='word_1_205' title='bbox 1545 2791 1601 2832; x_wconf 89' lang='lat' dir='ltr'><strong>a.</strong></span> <span class='ocrx_word' id='word_1_206' title='bbox 1646 2765 1815 2842; x_wconf 83' lang='lat' dir='ltr'><strong>Chr3</strong></span> <span class='ocrx_word' id='word_1_207' title='bbox 1860 2790 2007 2831; x_wconf 88' lang='lat' dir='ltr'><strong>nam</strong></span> <span class='ocrx_word' id='word_1_208' title='bbox 2050 2767 2117 2830; x_wconf 89' lang='lat' dir='ltr'><strong>id</strong></span> <span class='ocrx_word' id='word_1_209' title='bbox 2158 2767 2247 2830; x_wconf 87' lang='lat' dir='ltr'><strong>ita</strong></span> <span class='ocrx_word' id='word_1_210' title='bbox 2270 2766 2471 2830; x_wconf 85' lang='lat' dir='ltr'><strong>latum</strong></span> 
     </span>
     <span class='ocr_line' id='line_1_24' title="bbox 163 2873 2470 2961; baseline -0.002 -22"><span class='ocrx_word' id='word_1_211' title='bbox 163 2898 287 2940; x_wconf 86' lang='lat' dir='ltr'><strong>esse</strong></span> <span class='ocrx_word' id='word_1_212' title='bbox 327 2889 390 2942; x_wconf 90' lang='lat' dir='ltr'><strong>et</strong></span> <span class='ocrx_word' id='word_1_213' title='bbox 416 2888 714 2942; x_wconf 84' lang='lat' dir='ltr'><strong>auctores</strong></span> <span class='ocrx_word' id='word_1_214' title='bbox 743 2877 1006 2941; x_wconf 87' lang='lat' dir='ltr'><strong>tradunt</strong></span> <span class='ocrx_word' id='word_1_215' title='bbox 1043 2887 1106 2944; x_wconf 88' lang='lat' dir='ltr'><strong>et</strong></span> <span class='ocrx_word' id='word_1_216' title='bbox 1132 2899 1252 2942; x_wconf 87' lang='lat' dir='ltr'><strong>nos</strong></span> <span class='ocrx_word' id='word_1_217' title='bbox 1274 2877 1444 2942; x_wconf 84' lang='lat' dir='ltr'><strong>infra</strong></span> <span class='ocrx_word' id='word_1_218' title='bbox 1466 2873 1949 2961; x_wconf 82' lang='lat' dir='ltr'><strong>explicabimus.</strong></span> <span class='ocrx_word' id='word_1_219' title='bbox 2016 2873 2199 2954; x_wconf 81' lang='lat' dir='ltr'><strong>Quid</strong></span> <span class='ocrx_word' id='word_1_220' title='bbox 2227 2873 2470 2959; x_wconf 84' lang='lat' dir='ltr'><strong>igitur?</strong></span> 
     </span>
     <span class='ocr_line' id='line_1_25' title="bbox 162 2982 2471 3070; baseline -0.002 -22"><span class='ocrx_word' id='word_1_221' title='bbox 162 2985 316 3050; x_wconf 87' lang='lat' dir='ltr'><strong>Num</strong></span> <span class='ocrx_word' id='word_1_222' title='bbox 343 3009 495 3050; x_wconf 85' lang='lat' dir='ltr'><strong>eum</strong></span> <span class='ocrx_word' id='word_1_223' title='bbox 541 2985 812 3070; x_wconf 88' lang='lat' dir='ltr'><strong>imperio</strong></span> <span class='ocrx_word' id='word_1_224' title='bbox 852 2984 1174 3050; x_wconf 83' lang='lat' dir='ltr'><strong>consulari</strong></span> <span class='ocrx_word' id='word_1_225' title='bbox 1199 2995 1264 3048; x_wconf 89' lang='lat' dir='ltr'><strong>et</strong></span> <span class='ocrx_word' id='word_1_226' title='bbox 1295 2982 1778 3069; x_wconf 79' lang='lat' dir='ltr'><strong>proconsulari,</strong></span> <span class='ocrx_word' id='word_1_227' title='bbox 1803 2982 1979 3066; x_wconf 90' lang='lat' dir='ltr'><strong>quod</strong></span> <span class='ocrx_word' id='word_1_228' title='bbox 2010 3003 2263 3067; x_wconf 90' lang='lat' dir='ltr'><strong>sperare</strong></span> <span class='ocrx_word' id='word_1_229' title='bbox 2300 2989 2471 3044; x_wconf 86' lang='lat' dir='ltr'><strong>certo</strong></span> 
     </span>
     <span class='ocr_line' id='line_1_26' title="bbox 163 3089 2469 3178; baseline -0.002 -22"><span class='ocrx_word' id='word_1_230' title='bbox 163 3106 391 3176; x_wconf 86' lang='lat' dir='ltr'><strong>posset,</strong></span> <span class='ocrx_word' id='word_1_231' title='bbox 454 3093 578 3158; x_wconf 89' lang='lat' dir='ltr'><strong>hoc</strong></span> <span class='ocrx_word' id='word_1_232' title='bbox 619 3104 904 3160; x_wconf 80' lang='lat' dir='ltr'><strong>mutasse</strong></span> <span class='ocrx_word' id='word_1_233' title='bbox 949 3103 1252 3178; x_wconf 84' lang='lat' dir='ltr'><strong>putamus</strong></span> <span class='ocrx_word' id='word_1_234' title='bbox 1271 3137 1288 3167; x_wconf 93' lang='lat'><strong>,</strong></span> <span class='ocrx_word' id='word_1_235' title='bbox 1353 3102 1426 3155; x_wconf 92' lang='lat' dir='ltr'><strong>ut</strong></span> <span class='ocrx_word' id='word_1_236' title='bbox 1467 3092 1689 3156; x_wconf 87' lang='lat' dir='ltr'><strong>liceret</strong></span> <span class='ocrx_word' id='word_1_237' title='bbox 1733 3091 1857 3156; x_wconf 92' lang='lat' dir='ltr'><strong>sibi</strong></span> <span class='ocrx_word' id='word_1_238' title='bbox 1898 3111 2011 3175; x_wconf 88' lang='lat' dir='ltr'><strong>per</strong></span> <span class='ocrx_word' id='word_1_239' title='bbox 2056 3113 2207 3153; x_wconf 90' lang='lat' dir='ltr'><strong>rura</strong></span> <span class='ocrx_word' id='word_1_240' title='bbox 2248 3089 2469 3154; x_wconf 85' lang='lat' dir='ltr'><strong>Italiae</strong></span> 
     </span>
     <span class='ocr_line' id='line_1_27' title="bbox 163 3197 2467 3285; baseline 0 -24"><span class='ocrx_word' id='word_1_241' title='bbox 163 3202 403 3285; x_wconf 82' lang='lat' dir='ltr'><strong>vaganti</strong></span> <span class='ocrx_word' id='word_1_242' title='bbox 443 3223 616 3266; x_wconf 85' lang='lat' dir='ltr'><strong>anno</strong></span> <span class='ocrx_word' id='word_1_243' title='bbox 659 3201 740 3267; x_wconf 76' lang='lat'><strong>49</strong></span> <span class='ocrx_word' id='word_1_244' title='bbox 789 3200 1190 3265; x_wconf 83' lang='lat' dir='ltr'><strong>consulatum</strong></span> <span class='ocrx_word' id='word_1_245' title='bbox 1233 3199 1493 3284; x_wconf 84' lang='lat' dir='ltr'><strong>petere?</strong></span> <span class='ocrx_word' id='word_1_246' title='bbox 1580 3198 1961 3264; x_wconf 89' lang='lat' dir='ltr'><strong>Absurdum</strong></span> <span class='ocrx_word' id='word_1_247' title='bbox 2004 3197 2167 3262; x_wconf 90' lang='lat' dir='ltr'><strong>illud</strong></span> <span class='ocrx_word' id='word_1_248' title='bbox 2208 3197 2467 3281; x_wconf 91' lang='lat' dir='ltr'><strong>quidem</strong></span> 
     </span>
     <span class='ocr_line' id='line_1_28' title="bbox 159 3305 2470 3394; baseline 0 -25"><span class='ocrx_word' id='word_1_249' title='bbox 159 3320 263 3372; x_wconf 83' lang='lat' dir='ltr'><strong>est.</strong></span> <span class='ocrx_word' id='word_1_250' title='bbox 321 3307 461 3374; x_wconf 86' lang='lat' dir='ltr'><strong>Sed</strong></span> <span class='ocrx_word' id='word_1_251' title='bbox 505 3308 656 3394; x_wconf 85' lang='lat' dir='ltr'><strong>plus</strong></span> <span class='ocrx_word' id='word_1_252' title='bbox 701 3308 760 3372; x_wconf 91' lang='lat' dir='ltr'><strong>ei</strong></span> <span class='ocrx_word' id='word_1_253' title='bbox 791 3309 1015 3372; x_wconf 87' lang='lat' dir='ltr'><strong>datum</strong></span> <span class='ocrx_word' id='word_1_254' title='bbox 1057 3330 1202 3372; x_wconf 89' lang='lat' dir='ltr'><strong>esse</strong></span> <span class='ocrx_word' id='word_1_255' title='bbox 1244 3307 1577 3383; x_wconf 87' lang='lat' dir='ltr'><strong>faciamus,</strong></span> <span class='ocrx_word' id='word_1_256' title='bbox 1619 3318 1691 3372; x_wconf 87' lang='lat' dir='ltr'><strong>ut</strong></span> <span class='ocrx_word' id='word_1_257' title='bbox 1730 3307 1953 3372; x_wconf 86' lang='lat' dir='ltr'><strong>liceret</strong></span> <span class='ocrx_word' id='word_1_258' title='bbox 1988 3306 2048 3370; x_wconf 90' lang='lat' dir='ltr'><strong>ei</strong></span> <span class='ocrx_word' id='word_1_259' title='bbox 2076 3305 2470 3390; x_wconf 87' lang='lat' dir='ltr'><strong>provinciam</strong></span> 
     </span>
     <span class='ocr_line' id='line_1_29' title="bbox 168 3412 2471 3500; baseline 0 -24"><span class='ocrx_word' id='word_1_260' title='bbox 168 3437 360 3499; x_wconf 89' lang='lat' dir='ltr'><strong>usque</strong></span> <span class='ocrx_word' id='word_1_261' title='bbox 405 3416 492 3482; x_wconf 85' lang='lat' dir='ltr'><strong>ad</strong></span> <span class='ocrx_word' id='word_1_262' title='bbox 533 3416 798 3482; x_wconf 73' lang='lat' dir='ltr'><strong>comitia</strong></span> <span class='ocrx_word' id='word_1_263' title='bbox 835 3417 984 3482; x_wconf 85' lang='lat' dir='ltr'><strong>anni</strong></span> <span class='ocrx_word' id='word_1_264' title='bbox 1031 3415 1108 3479; x_wconf 81' lang='lat'><strong>49</strong></span> <span class='ocrx_word' id='word_1_265' title='bbox 1133 3415 1408 3479; x_wconf 88' lang='lat' dir='ltr'><strong>retinere</strong></span> <span class='ocrx_word' id='word_1_266' title='bbox 1433 3427 1625 3500; x_wconf 87' lang='lat' dir='ltr'><strong>atque</strong></span> <span class='ocrx_word' id='word_1_267' title='bbox 1650 3415 1741 3479; x_wconf 89' lang='lat' dir='ltr'><strong>ita</strong></span> <span class='ocrx_word' id='word_1_268' title='bbox 1768 3416 2039 3480; x_wconf 82' lang='lat' dir='ltr'><strong>alterum</strong></span> <span class='ocrx_word' id='word_1_269' title='bbox 2068 3412 2471 3488; x_wconf 87' lang='lat' dir='ltr'><strong>consulatum</strong></span> 
     </span>
     <span class='ocr_line' id='line_1_30' title="bbox 159 3517 2470 3607; baseline 0.001 -21"><span class='ocrx_word' id='word_1_270' title='bbox 159 3531 394 3607; x_wconf 53' lang='lat' dir='ltr'><strong>petere.</strong></span> <span class='ocrx_word' id='word_1_271' title='bbox 440 3525 618 3590; x_wconf 85' lang='lat' dir='ltr'><strong>Num</strong></span> <span class='ocrx_word' id='word_1_272' title='bbox 662 3524 732 3588; x_wconf 90' lang='lat' dir='ltr'><strong>id</strong></span> <span class='ocrx_word' id='word_1_273' title='bbox 779 3525 932 3590; x_wconf 86' lang='lat' dir='ltr'><strong>satis</strong></span> <span class='ocrx_word' id='word_1_274' title='bbox 977 3524 1119 3588; x_wconf 78' lang='lat' dir='ltr'><strong>est?</strong></span> <span class='ocrx_word' id='word_1_275' title='bbox 1163 3523 1306 3588; x_wconf 88' lang='lat' dir='ltr'><strong>Non</strong></span> <span class='ocrx_word' id='word_1_276' title='bbox 1348 3522 1636 3598; x_wconf 81' lang='lat' dir='ltr'><strong>videtur3</strong></span> <span class='ocrx_word' id='word_1_277' title='bbox 1680 3524 1771 3588; x_wconf 87' lang='lat' dir='ltr'><strong>ita</strong></span> <span class='ocrx_word' id='word_1_278' title='bbox 1810 3523 1975 3586; x_wconf 88' lang='lat' dir='ltr'><strong>enim</strong></span> <span class='ocrx_word' id='word_1_279' title='bbox 2022 3533 2197 3589; x_wconf 88' lang='lat' dir='ltr'><strong>totus</strong></span> <span class='ocrx_word' id='word_1_280' title='bbox 2240 3517 2323 3586; x_wconf 86' lang='lat' dir='ltr'><strong>ex</strong></span> <span class='ocrx_word' id='word_1_281' title='bbox 2368 3544 2470 3588; x_wconf 84' lang='lat' dir='ltr'><strong>se-</strong></span> 
     </span>
     <span class='ocr_line' id='line_1_31' title="bbox 72 3620 2469 3722; baseline 0 -29"><span class='ocrx_word' id='word_1_282' title='bbox 72 3683 75 3722; x_wconf 49' lang='lat'><strong>4</strong></span> <span class='ocrx_word' id='word_1_283' title='bbox 161 3643 298 3694; x_wconf 87' lang='lat' dir='ltr'><strong>natu</strong></span> <span class='ocrx_word' id='word_1_284' title='bbox 345 3620 694 3718; x_wconf 80' lang='lat' dir='ltr'><strong>pendebat,</strong></span> <span class='ocrx_word' id='word_1_285' title='bbox 733 3654 927 3715; x_wconf 88' lang='lat' dir='ltr'><strong>quem</strong></span> <span class='ocrx_word' id='word_1_286' title='bbox 965 3632 1091 3697; x_wconf 88' lang='lat' dir='ltr'><strong>sibi</strong></span> <span class='ocrx_word' id='word_1_287' title='bbox 1141 3632 1489 3716; x_wconf 83' lang='lat' dir='ltr'><strong>adversum</strong></span> <span class='ocrx_word' id='word_1_288' title='bbox 1528 3653 1671 3696; x_wconf 88' lang='lat' dir='ltr'><strong>esse</strong></span> <span class='ocrx_word' id='word_1_289' title='bbox 1714 3628 2181 3715; x_wconf 89' lang='lat' dir='ltr'><strong>suspicabatur.</strong></span> <span class='ocrx_word' id='word_1_290' title='bbox 2246 3629 2469 3710; x_wconf 80' lang='lat' dir='ltr'><strong>Quare</strong></span> 
     </span>
     <span class='ocr_line' id='line_1_32' title="bbox 159 3736 2471 3821; baseline 0.001 -21"><span class='ocrx_word' id='word_1_291' title='bbox 159 3761 410 3804; x_wconf 86' lang='lat' dir='ltr'><strong>necesse</strong></span> <span class='ocrx_word' id='word_1_292' title='bbox 447 3753 550 3806; x_wconf 88' lang='lat' dir='ltr'><strong>est</strong></span> <span class='ocrx_word' id='word_1_293' title='bbox 581 3740 805 3805; x_wconf 84' lang='lat' dir='ltr'><strong>decem</strong></span> <span class='ocrx_word' id='word_1_294' title='bbox 847 3739 1250 3804; x_wconf 88' lang='lat' dir='ltr'><strong>tribunorum</strong></span> <span class='ocrx_word' id='word_1_295' title='bbox 1289 3739 1450 3804; x_wconf 86' lang='lat' dir='ltr'><strong>haec</strong></span> <span class='ocrx_word' id='word_1_296' title='bbox 1488 3739 1593 3803; x_wconf 87' lang='lat' dir='ltr'><strong>lex</strong></span> <span class='ocrx_word' id='word_1_297' title='bbox 1631 3739 1847 3814; x_wconf 87' lang='lat' dir='ltr'><strong>fuerit,</strong></span> <span class='ocrx_word' id='word_1_298' title='bbox 1889 3751 1963 3802; x_wconf 86' lang='lat' dir='ltr'><strong>ut</strong></span> <span class='ocrx_word' id='word_1_299' title='bbox 1986 3736 2229 3803; x_wconf 87' lang='lat' dir='ltr'><strong>Caesar</strong></span> <span class='ocrx_word' id='word_1_300' title='bbox 2264 3759 2471 3821; x_wconf 88' lang='lat' dir='ltr'><strong>usque</strong></span> 
     </span>
     <span class='ocr_line' id='line_1_33' title="bbox 161 3846 2470 3932; baseline 0 -22"><span class='ocrx_word' id='word_1_301' title='bbox 161 3848 234 3910; x_wconf 86' lang='lat' dir='ltr'><strong>ad</strong></span> <span class='ocrx_word' id='word_1_302' title='bbox 275 3850 536 3916; x_wconf 84' lang='lat' dir='ltr'><strong>comitia</strong></span> <span class='ocrx_word' id='word_1_303' title='bbox 571 3849 723 3914; x_wconf 81' lang='lat' dir='ltr'><strong>anni</strong></span> <span class='ocrx_word' id='word_1_304' title='bbox 769 3848 848 3914; x_wconf 75' lang='lat'><strong>49</strong></span> <span class='ocrx_word' id='word_1_305' title='bbox 893 3847 1284 3932; x_wconf 87' lang='lat' dir='ltr'><strong>provinciam</strong></span> <span class='ocrx_word' id='word_1_306' title='bbox 1329 3846 1633 3912; x_wconf 79' lang='lat' dir='ltr'><strong>retineret</strong></span> <span class='ocrx_word' id='word_1_307' title='bbox 1672 3858 1863 3931; x_wconf 88' lang='lat' dir='ltr'><strong>atque</strong></span> <span class='ocrx_word' id='word_1_308' title='bbox 1906 3847 1997 3912; x_wconf 85' lang='lat' dir='ltr'><strong>ita</strong></span> <span class='ocrx_word' id='word_1_309' title='bbox 2042 3847 2276 3912; x_wconf 84' lang='lat' dir='ltr'><strong>absens</strong></span> <span class='ocrx_word' id='word_1_310' title='bbox 2320 3867 2470 3930; x_wconf 82' lang='lat' dir='ltr'><strong>pro-</strong></span> 
     </span>
     <span class='ocr_line' id='line_1_34' title="bbox 165 3953 2471 4041; baseline 0.001 -25"><span class='ocrx_word' id='word_1_311' title='bbox 165 3956 556 4041; x_wconf 86' lang='lat' dir='ltr'><strong>vinciamque</strong></span> <span class='ocrx_word' id='word_1_312' title='bbox 599 3956 880 4022; x_wconf 83' lang='lat' dir='ltr'><strong>retinens</strong></span> <span class='ocrx_word' id='word_1_313' title='bbox 927 3957 1194 4022; x_wconf 87' lang='lat' dir='ltr'><strong>alterum</strong></span> <span class='ocrx_word' id='word_1_314' title='bbox 1233 3955 1638 4019; x_wconf 85' lang='lat' dir='ltr'><strong>consulatum</strong></span> <span class='ocrx_word' id='word_1_315' title='bbox 1677 3967 1939 4040; x_wconf 88' lang='lat' dir='ltr'><strong>peteret.</strong></span> <span class='ocrx_word' id='word_1_316' title='bbox 2000 3955 2147 4020; x_wconf 90' lang='lat' dir='ltr'><strong>Hoc</strong></span> <span class='ocrx_word' id='word_1_317' title='bbox 2186 3964 2285 4018; x_wconf 84' lang='lat' dir='ltr'><strong>est</strong></span> <span class='ocrx_word' id='word_1_318' title='bbox 2308 3953 2471 4018; x_wconf 85' lang='lat' dir='ltr'><strong>illud</strong></span> 
     </span>
     <span class='ocr_line' id='line_1_35' title="bbox 165 4060 2473 4150; baseline -0.001 -21"><span class='ocrx_word' id='word_1_319' title='bbox 165 4066 366 4150; x_wconf 83' lang='lat' dir='ltr'><strong>populi</strong></span> <span class='ocrx_word' id='word_1_320' title='bbox 427 4065 812 4132; x_wconf 86' lang='lat' dir='ltr'><strong>beneficium</strong></span> <span class='ocrx_word' id='word_1_321' title='bbox 833 4111 850 4140; x_wconf 93' lang='lat'><strong>,</strong></span> <span class='ocrx_word' id='word_1_322' title='bbox 907 4063 1085 4148; x_wconf 88' lang='lat' dir='ltr'><strong>quod</strong></span> <span class='ocrx_word' id='word_1_323' title='bbox 1148 4060 1392 4128; x_wconf 84' lang='lat' dir='ltr'><strong>Caesar</strong></span> <span class='ocrx_word' id='word_1_324' title='bbox 1439 4062 1579 4147; x_wconf 87' lang='lat' dir='ltr'><strong>ipse</strong></span> <span class='ocrx_word' id='word_1_325' title='bbox 1627 4063 1775 4128; x_wconf 89' lang='lat' dir='ltr'><strong>bell.</strong></span> <span class='ocrx_word' id='word_1_326' title='bbox 1822 4063 1945 4128; x_wconf 88' lang='lat' dir='ltr'><strong>civ.</strong></span> <span class='ocrx_word' id='word_1_327' title='bbox 1994 4064 2061 4140; x_wconf 89' lang='lat'><strong>1,</strong></span> <span class='ocrx_word' id='word_1_328' title='bbox 2106 4065 2145 4127; x_wconf 81' lang='lat'>9</span> <span class='ocrx_word' id='word_1_329' title='bbox 2190 4061 2315 4127; x_wconf 88' lang='lat' dir='ltr'><strong>sibi</strong></span> <span class='ocrx_word' id='word_1_330' title='bbox 2356 4083 2473 4146; x_wconf 84' lang='lat' dir='ltr'><strong>per</strong></span> 
     </span>
     <span class='ocr_line' id='line_1_36' title="bbox 85 4169 2471 4255; baseline -0.001 -19"><span class='ocrx_word' id='word_1_331' title='bbox 85 4179 90 4184; x_wconf 84' lang='lat'>&#39;</span> <span class='ocrx_word' id='word_1_332' title='bbox 169 4173 606 4238; x_wconf 82' lang='lat' dir='ltr'><strong>contumeliam</strong></span> <span class='ocrx_word' id='word_1_333' title='bbox 639 4172 724 4238; x_wconf 86' lang='lat' dir='ltr'><strong>ab</strong></span> <span class='ocrx_word' id='word_1_334' title='bbox 753 4171 1032 4238; x_wconf 85' lang='lat' dir='ltr'><strong>inimicis</strong></span> <span class='ocrx_word' id='word_1_335' title='bbox 1055 4170 1426 4254; x_wconf 86' lang='lat' dir='ltr'><strong>extorqueri</strong></span> <span class='ocrx_word' id='word_1_336' title='bbox 1447 4170 1739 4254; x_wconf 87' lang='lat' dir='ltr'><strong>queritur</strong></span> <span class='ocrx_word' id='word_1_337' title='bbox 1768 4173 1879 4255; x_wconf 87' lang='lat' dir='ltr'><strong>(cf.</strong></span> <span class='ocrx_word' id='word_1_338' title='bbox 1914 4172 2096 4236; x_wconf 81' lang='lat' dir='ltr'><strong>Suet.</strong></span> <span class='ocrx_word' id='word_1_339' title='bbox 2123 4169 2311 4236; x_wconf 84' lang='lat' dir='ltr'><strong>Caes.</strong></span> <span class='ocrx_word' id='word_1_340' title='bbox 2338 4169 2471 4251; x_wconf 83' lang='lat'><strong>29),</strong></span> 
     </span>
     <span class='ocr_line' id='line_1_37' title="bbox 167 4277 2470 4364; baseline -0.002 -20"><span class='ocrx_word' id='word_1_341' title='bbox 167 4281 328 4360; x_wconf 82' lang='lat' dir='ltr'><strong>quod</strong></span> <span class='ocrx_word' id='word_1_342' title='bbox 365 4303 499 4346; x_wconf 83' lang='lat' dir='ltr'><strong>non</strong></span> <span class='ocrx_word' id='word_1_343' title='bbox 539 4282 608 4346; x_wconf 83' lang='lat' dir='ltr'><strong>in</strong></span> <span class='ocrx_word' id='word_1_344' title='bbox 650 4280 1024 4348; x_wconf 85' lang='lat' dir='ltr'><strong>consulatus</strong></span> <span class='ocrx_word' id='word_1_345' title='bbox 1069 4289 1317 4344; x_wconf 86' lang='lat' dir='ltr'><strong>tantum</strong></span> <span class='ocrx_word' id='word_1_346' title='bbox 1361 4278 1685 4364; x_wconf 80' lang='lat' dir='ltr'><strong>petitione,</strong></span> <span class='ocrx_word' id='word_1_347' title='bbox 1730 4301 1958 4344; x_wconf 86' lang='lat' dir='ltr'><strong>verum</strong></span> <span class='ocrx_word' id='word_1_348' title='bbox 1998 4279 2185 4342; x_wconf 88' lang='lat' dir='ltr'><strong>etiam</strong></span> <span class='ocrx_word' id='word_1_349' title='bbox 2223 4277 2292 4340; x_wconf 91' lang='lat' dir='ltr'><strong>in</strong></span> <span class='ocrx_word' id='word_1_350' title='bbox 2319 4297 2470 4360; x_wconf 85' lang='lat' dir='ltr'><strong>pro-</strong></span> 
     </span>
     <span class='ocr_line' id='line_1_38' title="bbox 170 4385 2469 4476; baseline -0 -27"><span class='ocrx_word' id='word_1_351' title='bbox 170 4389 398 4454; x_wconf 86' lang='lat' dir='ltr'><strong>vinciae</strong></span> <span class='ocrx_word' id='word_1_352' title='bbox 440 4389 894 4475; x_wconf 80' lang='lat' dir='ltr'><strong>prorogatione</strong></span> <span class='ocrx_word' id='word_1_353' title='bbox 935 4388 1130 4453; x_wconf 81' lang='lat' dir='ltr'><strong>situm</strong></span> <span class='ocrx_word' id='word_1_354' title='bbox 1175 4399 1293 4450; x_wconf 86' lang='lat' dir='ltr'><strong>est.</strong></span> <span class='ocrx_word' id='word_1_355' title='bbox 1381 4386 1600 4469; x_wconf 77' lang='lat' dir='ltr'><strong>Atque</strong></span> <span class='ocrx_word' id='word_1_356' title='bbox 1656 4386 1831 4452; x_wconf 91' lang='lat' dir='ltr'><strong>idem</strong></span> <span class='ocrx_word' id='word_1_357' title='bbox 1876 4385 2001 4450; x_wconf 85' lang='lat' dir='ltr'><strong>alia</strong></span> <span class='ocrx_word' id='word_1_358' title='bbox 2044 4385 2323 4476; x_wconf 74' lang='lat' dir='ltr'><strong>quadam</strong></span> <span class='ocrx_word' id='word_1_359' title='bbox 2364 4405 2469 4449; x_wconf 82' lang='lat' dir='ltr'><strong>ra-</strong></span> 
     </span>
    </p>
   </div>
  </div>
 </body>
</html>
