2917 5017
459 338 584 405 286
1071 342 1150 390 Dc
1183 342 1384 404 legibus
1423 342 1814 405 municipalibus
1852 342 2164 407 Hispanicis.

460 528 608 571 cum
664 504 790 568 loci
855 514 1044 587 atque
1113 502 1300 565 etiam
1367 508 1559 586 saepe
1621 503 1966 573 universae.
2020 502 2416 588 reipublicae
2478 506 2769 569 societate

459 614 1038 699 coniungerentur,
1095 612 1184 675 ita
1238 622 1450 675 tamen
1507 610 1809 675 videntur
1861 610 2121 675 diversa
2170 611 2406 685 fuisse,
2463 624 2540 675 ut
2594 636 2771 676 suam

459 744 752 806 quaeque
795 743 946 806 pars
980 720 1164 804 quasi
1203 718 1570 783 interiorem
1616 720 1939 803 quandam
1978 718 2443 804 rempublicam
2470 720 2771 795 efficeret,

421 824 434 831 ’
459 829 542 895 de
591 852 718 913 quo
753 828 1148 893 coloniarum
1192 850 1426 913 genere
1466 828 1751 891 diximus
1792 826 1834 889 l.
1876 827 1921 890 1.
1965 848 2027 910 p.
2068 826 2191 891 466
2236 848 2329 910 sq.
2414 826 2553 895 Sed
2596 850 2773 892 acce-

459 937 654 1003 debat
706 937 790 1001 ad
849 937 1008 1001 haec
1059 938 1246 1001 etiam
1303 936 1465 1000 iuris
1524 934 1885 1001 diversitas.
1974 932 2173 997 Velut
2217 935 2283 997 in
2328 934 2773 1021 Tergestinam

459 1047 773 1111 coloniam
841 1044 1240 1109 contributae
1299 1054 1479 1107 erant
1528 1042 1857 1127 Inalpinas
1914 1041 2227 1125 quaedam
2284 1055 2515 1127 gentes
2540 1092 2557 1116 ,
2616 1068 2775 1129 quae

459 1165 628 1219 certe
671 1153 928 1218 civitate
971 1154 1262 1218 Romana
1307 1152 1627 1225 carebant,
1672 1149 1909 1233 quibus
1965 1150 2047 1215 ab
2090 1150 2473 1235 imperatore
2518 1151 2775 1215 demum

461 1263 790 1327 Antonino
834 1262 953 1325 Pio
989 1260 1213 1325 datum
1259 1272 1377 1336 est,
1424 1272 1499 1324 ut
1524 1258 1847 1323 aedilitate
1891 1258 1955 1320 in
1982 1258 2229 1321 c‘olonia
2255 1286 2260 1291 ·
2270 1259 2566 1343 gerenda
2612 1269 2675 1322 et
2715 1260 2773 1322 in

458 1373 699 1437 curiam
758 1370 1192 1454 allegerentur
1233 1380 1294 1432 et
1339 1367 1659 1433 civitatem
1700 1367 2055 1431 Romanam
2093 1378 2620 1451 assequerentur.
2696 1367 2774 1430 Hi
2866 1380 2868 1429 ξ

456 1480 702 1544 incolae
743 1478 1110 1563 Tergestini
1152 1499 1281 1541 non
1325 1487 1539 1552 erant3
1596 1486 1909 1561 perpetuo
1950 1474 2121 1563 enirn
2160 1474 2249 1539 ibi
2292 1474 2775 1541 commoraban-
2866 1482 2868 1497 '

459 1598 565 1651 tur
613 1610 880 1671 eamque
937 1586 1250 1671 originem
1296 1609 1372 1649 ac
1433 1586 1649 1649 sedem
1672 1663 1678 1668 ,
1703 1582 2057 1659 habebant3
2120 1570 2419 1669 prospici·
2455 1582 2667 1666 igitur
2705 1583 2777 1645 iis

459 1694 736 1760 debebat
789 1694 936 1779 lege
994 1693 1385 1778 municipali,
1443 1715 1575 1776 qua
1621 1691 2157 1777 Tergestinorum
2212 1690 2593 1776 respublica
2634 1714 2779 1755 con-

459 1802 862 1878 stituebatur,
907 1814 968 1865 et
1020 1824 1166 1867 cum
1213 1800 1516 1866 carebant
1558 1822 1829 1884 prorsus
1876 1799 2133 1873 civitate
2176 1798 2469 1863 Romana
2520 1811 2586 1863 et
2636 1822 2777 1864 cum

457 1912 806 1976 Latinitate
868 1911 1206 1995 impetrata
1259 1909 1452 1991 (hanc
1511 1909 1680 1972 enim
1740 1908 1821 1971 iis
1876 1906 1957 1971 ab
2013 1906 2341 1971 Antonino
2396 1908 2521 1972 Pio
2570 1908 2777 1972 datam

459 2042 602 2085 esse
642 2022 828 2104 puto)
878 2018 943 2082 in
987 2019 1497 2083 communionem
1542 2016 1821 2081 civitatis
1864 2014 2130 2079 admissi
2174 2026 2373 2079 erant..
2460 2015 2693 2097 Quare
2730 2016 2777 2079 si

455 2128 522 2191 in
567 2128 712 2213 lege
761 2126 1148 2213 Tergestina
1193 2127 1286 2190 sic
1338 2126 1650 2211 scriptum
1695 2124 2153 2199 inveniremus,
2201 2123 2256 2187 si
2301 2124 2449 2208 quis
2494 2125 2616 2209 qui
2656 2124 2777 2187 La-

455 2236 629 2300 tinus
671 2247 861 2311 esset,
909 2257 1165 2300 servum
1217 2236 1388 2320 apud
1431 2235 1679 2299 IIviros
1722 2232 2221 2307 manumisisset,
2274 2231 2331 2295 is
2375 2254 2615 2296 servus
2654 2232 2777 2297 La·

457 2345 629 2409 tinus
679 2355 870 2421 esset,
914 2344 1018 2408 vel
1065 2343 1358 2408 similiter
1403 2342 1485 2407 de
1530 2344 1668 2407 aliis
1713 2342 1931 2418 rebus,
1979 2362 2135 2404 num
2182 2350 2353 2403 recte
2398 2340 2559 2405 hinc
2602 2342 2775 2405 colli-

455 2474 776 2537 geremus,
838 2454 1040 2516 fuisse
1092 2451 1424 2516 Antonino
1468 2451 1818 2537 imperante
1865 2448 2171 2523 colonias,
2223 2470 2387 2530 quae
2427 2448 2776 2515 Latinitate
2863 2526 2866 2547 1

459 2560 835 2623 uterentur?
880 2559 1018 2623 Nec
1062 2559 1284 2644 dispar
1305 2560 1429 2623 fuit
1464 2560 1531 2622 in
1564 2558 1776 2625 Gallia
1798 2555 2201 2621 Narbonensi
2233 2554 2293 2619 N
2297 2556 2773 2620 emausensium
2864 2548 2866 2571 ³

453 2668 636 2743 ratic,
695 2666 762 2731 in
817 2689 1092 2751 quorum
1145 2667 1605 2752 rempublicam
1662 2666 1891 2751 viginti
1942 2676 2244 2749 quattuor
2303 2664 2551 2749 oppida
2592 2665 2773 2749 igno-

454 2775 700 2851 biliora,
747 2786 892 2861 post.
931 2775 1122 2839 etiam
1164 2787 1390 2859 gentes
1429 2774 1743 2859 quasdam
1791 2774 2118 2859 Inalpinas
2162 2773 2533 2838 contributa
2576 2774 2771 2837 fuisse

455 2884 714 2948 scimus.
792 2884 928 2968 Ipsi
970 2894 1115 2947 ante
1160 2882 1567 2947 Hadrianum
1614 2882 2047 2957 Latinitatem,
2094 2894 2229 2945 tum
2278 2882 2609 2947 civitatem
2649 2883 2771 2945 Ro-

451 3014 702 3055 manam
758 2990 1097 3067 habebant,
1143 3013 1272 3075 quo
1315 2992 1541 3056 eodem
1594 3003 1881 3075 tempore
1927 2988 2265 3053 universae
2308 2989 2566 3055 Galliae
2611 2992 2771 3056 Nar-

452 3100 722 3164 bonensi
786 3100 891 3163 ius
954 3099 1127 3163 Latii
1193 3099 1416 3163 datum
1474 3120 1615 3164 esse
1673 3098 2005 3183 probabile
2060 3108 2191 3163 est:
2246 3120 2375 3182 quo
2428 3100 2605 3165 facto
2650 3102 2769 3165 iam

451 3206 984 3271 Nemausensium
1022 3228 1172 3291 pars
1217 3206 1473 3271 civitate
1518 3205 1827 3281 Romana,
1870 3228 2019 3291 pars
2062 3206 2407 3271 Latinitate
2449 3208 2765 3284 utebatur,

451 3314 725 3399 legeque
769 3335 990 3377 corum
1035 3314 1408 3399 municipali
1453 3327 1516 3378 et
1560 3313 1813 3378 civibus
1853 3312 2159 3378 Romanis
2204 3325 2267 3379 et
2314 3314 2575 3380 Latinis
2622 3338 2765 3381 con·

455 3423 579 3487 suli
641 3421 996 3507 oportebat,
1050 3422 1224 3487 unde
1289 3422 1344 3486 si
1402 3423 1547 3506 quis
1606 3422 1688 3487 de
1743 3422 2028 3507 ipsorum
2084 3422 2455 3486 colonorum
2516 3424 2765 3489 civitate

453 3552 638 3595 secus
685 3540 1011 3607 statueret,
1067 3554 1106 3595 a
1149 3552 1302 3595 vero
1339 3531 1534 3616 longe
1585 3529 1929 3595 aberraret.
2005 3531 2224 3614 Atque
2278 3532 2471 3595 etiam
2519 3533 2591 3596 in
2637 3534 2769 3618 ipsa

451 3638 771 3724 Hispania
819 3638 1080 3704 Baetica
1133 3639 1436 3703 simillimi
1481 3638 1641 3703 iuris
1700 3638 1823 3702 fuit
1878 3638 2127 3703 colonia
2174 3638 2597 3705 Romulensis
2652 3640 2767 3705 Hi-

451 3745 668 3831 spalis,
717 3747 798 3809 de
845 3768 974 3830 qua
1015 3746 1359 3811 diximus
1341 3771 1408 3810 m
1457 3756 1796 3811 comment.
1844 3746 1879 3811 1
1920 3768 1984 3831 p.
2032 3746 2174 3823 310,
2220 3748 2405 3813 cuius
2470 3749 2589 3812 diu
2634 3751 2769 3813 fue-

448 3865 599 3918 runt
645 3865 858 3940 partes
897 3854 1087 3930 duae,
1131 3876 1262 3918 una
1307 3855 1563 3919 civitate
1602 3854 1911 3929 Romana,
1954 3854 2153 3920 altera
2194 3856 2371 3920 Latii
2406 3857 2551 3922 iure
2589 3880 2769 3943 prae-

451 3960 604 4039 dita,
643 3984 917 4047 quarum
965 3984 1096 4026 una
1151 3962 1412 4027 videtur
1455 3963 1661 4028 fuisse
1703 3962 2087 4049 respublica,
2129 3986 2301 4029 unus
2347 3964 2769 4031 decurionum

451 4068 630 4144 ordo,
677 4070 792 4133 uni
838 4070 1271 4155 magistratus.
1343 4072 1529 4135 Haec
1566 4092 1775 4157 pauca
1814 4071 2131 4155 quaedam
2176 4073 2511 4139 attulimus
2556 4098 2771 4140 exem-

448 4177 558 4262 pla
615 4199 694 4241 ex
744 4200 980 4263 magna
1023 4179 1239 4265 copia,
1281 4200 1476 4263 quam
1534 4179 1683 4244 olim
1734 4179 1803 4243 in
1846 4179 2494 4247 commentationibus
2536 4184 2769 4249 nostris

447 4284 612 4361 locO,
654 4284 767 4369 qui
805 4285 1034 4351 citatus
1061 4300 1180 4363 est,
1215 4287 1597 4373 collegimus
1624 4298 1815 4372 atque
1843 4288 2326 4373 explicavimus.
2392 4290 2764 4355 Secundum

449 4412 614 4475 quae
670 4392 816 4476 quis
870 4406 1083 4479 potest
1133 4393 1464 4471 dubitare,
1513 4396 1694 4479 quin,
1750 4395 1805 4461 si
1858 4418 1987 4480 quo
2029 4397 2097 4461 in
2156 4399 2513 4485 municipio
2557 4398 2761 4464 Latini
