<?xml version="1.0" encoding="UTF-8"?>
<!DOCTYPE html PUBLIC "-//W3C//DTD XHTML 1.0 Transitional//EN"
    "http://www.w3.org/TR/xhtml1/DTD/xhtml1-transitional.dtd">
<html xmlns="http://www.w3.org/1999/xhtml" xml:lang="en" lang="en">
 <head>
  <title>
</title>
<meta http-equiv="Content-Type" content="text/html;charset=utf-8" />
  <meta name='ocr-system' content='tesseract 3.04.00' />
  <meta name='ocr-capabilities' content='ocr_page ocr_carea ocr_par ocr_line ocrx_word'/>
</head>
<body>
  <div class='ocr_page' id='page_1' title='image "augustiwilhelmi01unkngoog_0333.png"; bbox 0 0 2917 5017; ppageno 0'>
   <div class='ocr_carea' id='block_1_1' title="bbox 517 331 2221 398">
    <p class='ocr_par' dir='ltr' id='par_1_1' title="bbox 517 331 2221 398">
     <span class='ocr_line' id='line_1_1' title="bbox 517 331 2221 398; baseline -0.009 -1"><span class='ocrx_word' id='word_1_1' title='bbox 517 331 641 398; x_wconf 84' lang='lat'><strong>318</strong></span> <span class='ocrx_word' id='word_1_2' title='bbox 1129 335 1208 384; x_wconf 78' lang='lat' dir='ltr'><strong>ne</strong></span> <span class='ocrx_word' id='word_1_3' title='bbox 1239 334 1441 398; x_wconf 73' lang='lat' dir='ltr'><strong>legibus</strong></span> <span class='ocrx_word' id='word_1_4' title='bbox 1480 333 1869 396; x_wconf 64' lang='lat' dir='ltr'><strong>municipalibus</strong></span> <span class='ocrx_word' id='word_1_5' title='bbox 1908 332 2221 396; x_wconf 60' lang='lat' dir='ltr'><strong>mamacas.</strong></span> 
     </span>
    </p>
   </div>
   <div class='ocr_carea' id='block_1_2' title="bbox 489 493 2796 4476">
    <p class='ocr_par' dir='ltr' id='par_1_2' title="bbox 489 493 2796 4476">
     <span class='ocr_line' id='line_1_2' title="bbox 513 493 2789 579; baseline -0.003 -17"><span class='ocrx_word' id='word_1_6' title='bbox 513 496 790 562; x_wconf 80' lang='lat' dir='ltr'>urbibus</span> <span class='ocrx_word' id='word_1_7' title='bbox 847 495 1169 560; x_wconf 85' lang='lat' dir='ltr'><strong>civitatem</strong></span> <span class='ocrx_word' id='word_1_8' title='bbox 1207 493 1487 559; x_wconf 82' lang='lat' dir='ltr'><strong>oblatam</strong></span> <span class='ocrx_word' id='word_1_9' title='bbox 1532 516 1679 558; x_wconf 87' lang='lat' dir='ltr'><strong>esse</strong></span> <span class='ocrx_word' id='word_1_10' title='bbox 1720 505 1925 579; x_wconf 87' lang='lat' dir='ltr'><strong>putet,</strong></span> <span class='ocrx_word' id='word_1_11' title='bbox 1966 493 2083 557; x_wconf 90' lang='lat' dir='ltr'><strong>sed</strong></span> <span class='ocrx_word' id='word_1_12' title='bbox 2126 515 2265 557; x_wconf 90' lang='lat' dir='ltr'><strong>eam</strong></span> <span class='ocrx_word' id='word_1_13' title='bbox 2304 495 2383 558; x_wconf 90' lang='lat' dir='ltr'><strong>iis</strong></span> <span class='ocrx_word' id='word_1_14' title='bbox 2426 494 2635 559; x_wconf 83' lang='lat' dir='ltr'><strong>datam</strong></span> <span class='ocrx_word' id='word_1_15' title='bbox 2670 515 2789 558; x_wconf 87' lang='lat' dir='ltr'><strong>con-</strong></span> 
     </span>
     <span class='ocr_line' id='line_1_3' title="bbox 515 601 2790 688; baseline -0.002 -20"><span class='ocrx_word' id='word_1_16' title='bbox 515 604 902 680; x_wconf 77' lang='lat' dir='ltr'><strong>dicionibus,</strong></span> <span class='ocrx_word' id='word_1_17' title='bbox 947 625 1110 688; x_wconf 88' lang='lat' dir='ltr'><strong>quas</strong></span> <span class='ocrx_word' id='word_1_18' title='bbox 1151 603 1298 667; x_wconf 88' lang='lat' dir='ltr'><strong>illae</strong></span> <span class='ocrx_word' id='word_1_19' title='bbox 1340 603 1495 687; x_wconf 89' lang='lat' dir='ltr'><strong>quia</strong></span> <span class='ocrx_word' id='word_1_20' title='bbox 1540 601 1835 687; x_wconf 89' lang='lat' dir='ltr'><strong>accipere</strong></span> <span class='ocrx_word' id='word_1_21' title='bbox 1875 602 2153 677; x_wconf 90' lang='lat' dir='ltr'><strong>nollent,</strong></span> <span class='ocrx_word' id='word_1_22' title='bbox 2198 624 2281 666; x_wconf 91' lang='lat' dir='ltr'><strong>ne</strong></span> <span class='ocrx_word' id='word_1_23' title='bbox 2324 602 2641 667; x_wconf 85' lang='lat' dir='ltr'><strong>civitatem</strong></span> <span class='ocrx_word' id='word_1_24' title='bbox 2680 603 2790 686; x_wconf 89' lang='lat' dir='ltr'><strong>qui·</strong></span> 
     </span>
     <span class='ocr_line' id='line_1_4' title="bbox 515 709 2791 798; baseline -0.003 -22"><span class='ocrx_word' id='word_1_25' title='bbox 515 713 662 776; x_wconf 89' lang='lat' dir='ltr'><strong>dem</strong></span> <span class='ocrx_word' id='word_1_26' title='bbox 707 712 1109 798; x_wconf 86' lang='lat' dir='ltr'><strong>petiverunt,</strong></span> <span class='ocrx_word' id='word_1_27' title='bbox 1153 734 1280 774; x_wconf 88' lang='lat' dir='ltr'><strong>non</strong></span> <span class='ocrx_word' id='word_1_28' title='bbox 1325 710 1541 774; x_wconf 89' lang='lat' dir='ltr'><strong>hercle</strong></span> <span class='ocrx_word' id='word_1_29' title='bbox 1585 709 1887 795; x_wconf 84' lang='lat' dir='ltr'><strong>equidem</strong></span> <span class='ocrx_word' id='word_1_30' title='bbox 1926 723 2149 774; x_wconf 84' lang='lat' dir='ltr'><strong>contra</strong></span> <span class='ocrx_word' id='word_1_31' title='bbox 2194 709 2442 774; x_wconf 74' lang='lat' dir='ltr'><strong>dicamt</strong></span> <span class='ocrx_word' id='word_1_32' title='bbox 2516 711 2625 774; x_wconf 87' lang='lat' dir='ltr'><strong>sed</strong></span> <span class='ocrx_word' id='word_1_33' title='bbox 2664 709 2791 773; x_wconf 88' lang='lat' dir='ltr'><strong>illud</strong></span> 
     </span>
     <span class='ocr_line' id='line_1_5' title="bbox 515 817 2791 904; baseline -0.003 -18"><span class='ocrx_word' id='word_1_34' title='bbox 515 831 808 886; x_wconf 75' lang='lat' dir='ltr'><strong>constare</strong></span> <span class='ocrx_word' id='word_1_35' title='bbox 861 819 1110 894; x_wconf 81' lang='lat' dir='ltr'><strong>iudicO,</strong></span> <span class='ocrx_word' id='word_1_36' title='bbox 1169 842 1208 882; x_wconf 84' lang='lat' dir='ltr'><strong>a</strong></span> <span class='ocrx_word' id='word_1_37' title='bbox 1245 818 1647 904; x_wconf 78' lang='lat' dir='ltr'><strong>Vespasiano</strong></span> <span class='ocrx_word' id='word_1_38' title='bbox 1700 818 1783 882; x_wconf 91' lang='lat' dir='ltr'><strong>iis</strong></span> <span class='ocrx_word' id='word_1_39' title='bbox 1824 818 1937 901; x_wconf 84' lang='lat' dir='ltr'><strong>qui</strong></span> <span class='ocrx_word' id='word_1_40' title='bbox 1990 819 2225 882; x_wconf 87' lang='lat' dir='ltr'><strong>vellent</strong></span> <span class='ocrx_word' id='word_1_41' title='bbox 2266 817 2548 884; x_wconf 86' lang='lat' dir='ltr'><strong>oblatam</strong></span> <span class='ocrx_word' id='word_1_42' title='bbox 2587 819 2791 882; x_wconf 87' lang='lat' dir='ltr'><strong>Latini-</strong></span> 
     </span>
     <span class='ocr_line' id='line_1_6' title="bbox 513 924 2791 1004; baseline -0.002 -11"><span class='ocrx_word' id='word_1_43' title='bbox 513 941 742 1004; x_wconf 87' lang='lat' dir='ltr'><strong>tatem,</strong></span> <span class='ocrx_word' id='word_1_44' title='bbox 809 952 848 993; x_wconf 86' lang='lat' dir='ltr'><strong>a</strong></span> <span class='ocrx_word' id='word_1_45' title='bbox 899 927 1270 992; x_wconf 86' lang='lat' dir='ltr'><strong>Domitiano</strong></span> <span class='ocrx_word' id='word_1_46' title='bbox 1325 924 1675 990; x_wconf 87' lang='lat' dir='ltr'><strong>foederatis</strong></span> <span class='ocrx_word' id='word_1_47' title='bbox 1732 925 2005 990; x_wconf 77' lang='lat' dir='ltr'><strong>urbibus</strong></span> <span class='ocrx_word' id='word_1_48' title='bbox 2074 926 2397 990; x_wconf 87' lang='lat' dir='ltr'><strong>civitatem</strong></span> <span class='ocrx_word' id='word_1_49' title='bbox 2457 927 2791 991; x_wconf 79' lang='lat' dir='ltr'><strong>Romanam.</strong></span> 
     </span>
     <span class='ocr_line' id='line_1_7' title="bbox 514 1033 2792 1120; baseline -0.001 -19"><span class='ocrx_word' id='word_1_50' title='bbox 514 1033 724 1102; x_wconf 86' lang='lat' dir='ltr'><strong>Cuius</strong></span> <span class='ocrx_word' id='word_1_51' title='bbox 767 1036 1034 1120; x_wconf 87' lang='lat' dir='ltr'><strong>quidem</strong></span> <span class='ocrx_word' id='word_1_52' title='bbox 1069 1036 1162 1098; x_wconf 88' lang='lat' dir='ltr'><strong>rei</strong></span> <span class='ocrx_word' id='word_1_53' title='bbox 1201 1045 1657 1120; x_wconf 71' lang='lat' dir='ltr'><strong>argumentum</strong></span> <span class='ocrx_word' id='word_1_54' title='bbox 1692 1058 1821 1100; x_wconf 89' lang='lat' dir='ltr'><strong>non</strong></span> <span class='ocrx_word' id='word_1_55' title='bbox 1858 1035 2135 1099; x_wconf 86' lang='lat' dir='ltr'><strong>dubium</strong></span> <span class='ocrx_word' id='word_1_56' title='bbox 2170 1033 2355 1099; x_wconf 87' lang='lat' dir='ltr'><strong>nobis</strong></span> <span class='ocrx_word' id='word_1_57' title='bbox 2396 1035 2653 1099; x_wconf 87' lang='lat' dir='ltr'><strong>videtur</strong></span> <span class='ocrx_word' id='word_1_58' title='bbox 2682 1058 2792 1099; x_wconf 86' lang='lat' dir='ltr'><strong>esse</strong></span> 
     </span>
     <span class='ocr_line' id='line_1_8' title="bbox 509 1142 2794 1230; baseline -0.002 -20"><span class='ocrx_word' id='word_1_59' title='bbox 509 1147 580 1210; x_wconf 89' lang='lat' dir='ltr'><strong>in</strong></span> <span class='ocrx_word' id='word_1_60' title='bbox 613 1145 780 1230; x_wconf 86' lang='lat' dir='ltr'><strong>legis</strong></span> <span class='ocrx_word' id='word_1_61' title='bbox 813 1142 1248 1229; x_wconf 84' lang='lat' dir='ltr'><strong>Salpensanae</strong></span> <span class='ocrx_word' id='word_1_62' title='bbox 1291 1143 1468 1208; x_wconf 87' lang='lat' dir='ltr'><strong>rubr.</strong></span> <span class='ocrx_word' id='word_1_63' title='bbox 1493 1144 1763 1219; x_wconf 75' lang='lat' dir='ltr'><strong>XXIV,</strong></span> <span class='ocrx_word' id='word_1_64' title='bbox 1800 1167 1933 1228; x_wconf 85' lang='lat' dir='ltr'><strong>qua</strong></span> <span class='ocrx_word' id='word_1_65' title='bbox 1956 1143 2363 1228; x_wconf 85' lang='lat' dir='ltr'><strong>praecipitur,</strong></span> <span class='ocrx_word' id='word_1_66' title='bbox 2408 1145 2463 1207; x_wconf 88' lang='lat' dir='ltr'><strong>si</strong></span> <span class='ocrx_word' id='word_1_67' title='bbox 2494 1144 2794 1228; x_wconf 86' lang='lat' dir='ltr'><strong>imperator</strong></span> 
     </span>
     <span class='ocr_line' id='line_1_9' title="bbox 509 1248 2787 1336; baseline -0.003 -18"><span class='ocrx_word' id='word_1_68' title='bbox 509 1253 920 1318; x_wconf 86' lang='lat' dir='ltr'><strong>Domitianus</strong></span> <span class='ocrx_word' id='word_1_69' title='bbox 967 1252 1314 1316; x_wconf 86' lang='lat' dir='ltr'><strong>IIviratum</strong></span> <span class='ocrx_word' id='word_1_70' title='bbox 1367 1251 1643 1315; x_wconf 84' lang='lat' dir='ltr'><strong>civitatis</strong></span> <span class='ocrx_word' id='word_1_71' title='bbox 1689 1248 2125 1336; x_wconf 87' lang='lat' dir='ltr'><strong>Salpensauae</strong></span> <span class='ocrx_word' id='word_1_72' title='bbox 2176 1252 2527 1336; x_wconf 78' lang='lat' dir='ltr'><strong>recepisset</strong></span> <span class='ocrx_word' id='word_1_73' title='bbox 2580 1273 2787 1334; x_wconf 87' lang='lat' dir='ltr'><strong>suoque</strong></span> 
     </span>
     <span class='ocr_line' id='line_1_10' title="bbox 509 1359 2792 1446; baseline -0.002 -22"><span class='ocrx_word' id='word_1_74' title='bbox 509 1361 654 1426; x_wconf 87' lang='lat' dir='ltr'><strong>loco</strong></span> <span class='ocrx_word' id='word_1_75' title='bbox 691 1361 1088 1446; x_wconf 89' lang='lat' dir='ltr'><strong>praefectum</strong></span> <span class='ocrx_word' id='word_1_76' title='bbox 1131 1382 1322 1444; x_wconf 88' lang='lat' dir='ltr'><strong>quem</strong></span> <span class='ocrx_word' id='word_1_77' title='bbox 1357 1381 1503 1423; x_wconf 89' lang='lat' dir='ltr'><strong>esse</strong></span> <span class='ocrx_word' id='word_1_78' title='bbox 1548 1359 1882 1435; x_wconf 87' lang='lat' dir='ltr'><strong>iussisset,</strong></span> <span class='ocrx_word' id='word_1_79' title='bbox 1925 1371 1999 1422; x_wconf 91' lang='lat' dir='ltr'><strong>ut</strong></span> <span class='ocrx_word' id='word_1_80' title='bbox 2050 1359 2109 1424; x_wconf 89' lang='lat' dir='ltr'><strong>is</strong></span> <span class='ocrx_word' id='word_1_81' title='bbox 2156 1361 2526 1445; x_wconf 81' lang='lat' dir='ltr'><strong>praefectus</strong></span> <span class='ocrx_word' id='word_1_82' title='bbox 2576 1381 2647 1423; x_wconf 89' lang='lat' dir='ltr'><strong>eo</strong></span> <span class='ocrx_word' id='word_1_83' title='bbox 2686 1359 2792 1421; x_wconf 83' lang='lat' dir='ltr'><strong>iure</strong></span> 
     </span>
     <span class='ocr_line' id='line_1_11' title="bbox 511 1467 2793 1552; baseline -0.003 -18"><span class='ocrx_word' id='word_1_84' title='bbox 511 1480 706 1544; x_wconf 85' lang='lat' dir='ltr'><strong>esset,</strong></span> <span class='ocrx_word' id='word_1_85' title='bbox 747 1490 874 1552; x_wconf 91' lang='lat' dir='ltr'><strong>quo</strong></span> <span class='ocrx_word' id='word_1_86' title='bbox 913 1479 1104 1543; x_wconf 88' lang='lat' dir='ltr'><strong>esset,</strong></span> <span class='ocrx_word' id='word_1_87' title='bbox 1149 1468 1202 1531; x_wconf 91' lang='lat' dir='ltr'><strong>si</strong></span> <span class='ocrx_word' id='word_1_88' title='bbox 1249 1490 1398 1532; x_wconf 85' lang='lat' dir='ltr'><strong>eum</strong></span> <span class='ocrx_word' id='word_1_89' title='bbox 1429 1468 1712 1532; x_wconf 87' lang='lat' dir='ltr'><strong>Ilvirum</strong></span> <span class='ocrx_word' id='word_1_90' title='bbox 1754 1469 1963 1532; x_wconf 87' lang='lat' dir='ltr'><strong>solum</strong></span> <span class='ocrx_word' id='word_1_91' title='bbox 1996 1467 2199 1531; x_wconf 84' lang='lat' dir='ltr'><strong>creari</strong></span> <span class='ocrx_word' id='word_1_92' title='bbox 2230 1470 2621 1552; x_wconf 81' lang='lat' dir='ltr'><strong>oportuisset</strong></span> <span class='ocrx_word' id='word_1_93' title='bbox 2646 1469 2793 1550; x_wconf 82' lang='lat' dir='ltr'><strong>isque</strong></span> 
     </span>
     <span class='ocr_line' id='line_1_12' title="bbox 511 1574 2793 1661; baseline -0.002 -19"><span class='ocrx_word' id='word_1_94' title='bbox 511 1579 690 1642; x_wconf 87' lang='lat' dir='ltr'><strong>solus</strong></span> <span class='ocrx_word' id='word_1_95' title='bbox 733 1577 904 1642; x_wconf 86' lang='lat' dir='ltr'><strong>IIvir</strong></span> <span class='ocrx_word' id='word_1_96' title='bbox 961 1587 1214 1640; x_wconf 84' lang='lat' dir='ltr'><strong>creatus</strong></span> <span class='ocrx_word' id='word_1_97' title='bbox 1271 1588 1464 1640; x_wconf 87' lang='lat' dir='ltr'><strong>esset.</strong></span> <span class='ocrx_word' id='word_1_98' title='bbox 1560 1574 1863 1640; x_wconf 85' lang='lat' dir='ltr'><strong>Diximus</strong></span> <span class='ocrx_word' id='word_1_99' title='bbox 1914 1577 1997 1641; x_wconf 91' lang='lat' dir='ltr'><strong>de</strong></span> <span class='ocrx_word' id='word_1_100' title='bbox 2040 1577 2165 1641; x_wconf 90' lang='lat' dir='ltr'><strong>hoc</strong></span> <span class='ocrx_word' id='word_1_101' title='bbox 2208 1578 2675 1661; x_wconf 82' lang='lat' dir='ltr'><strong>praefectorum</strong></span> <span class='ocrx_word' id='word_1_102' title='bbox 2706 1597 2793 1660; x_wconf 87' lang='lat' dir='ltr'><strong>ge-</strong></span> 
     </span>
     <span class='ocr_line' id='line_1_13' title="bbox 508 1683 2796 1770; baseline -0.002 -20"><span class='ocrx_word' id='word_1_103' title='bbox 508 1707 683 1761; x_wconf 87' lang='lat' dir='ltr'><strong>nere,</strong></span> <span class='ocrx_word' id='word_1_104' title='bbox 729 1697 804 1748; x_wconf 91' lang='lat' dir='ltr'><strong>ut</strong></span> <span class='ocrx_word' id='word_1_105' title='bbox 843 1685 926 1748; x_wconf 90' lang='lat' dir='ltr'><strong>de</strong></span> <span class='ocrx_word' id='word_1_106' title='bbox 967 1684 1252 1768; x_wconf 87' lang='lat' dir='ltr'><strong>reliquis,</strong></span> <span class='ocrx_word' id='word_1_107' title='bbox 1296 1684 1360 1748; x_wconf 88' lang='lat' dir='ltr'><strong>in</strong></span> <span class='ocrx_word' id='word_1_108' title='bbox 1405 1694 1743 1748; x_wconf 82' lang='lat' dir='ltr'><strong>comment.</strong></span> <span class='ocrx_word' id='word_1_109' title='bbox 1786 1684 2114 1769; x_wconf 84' lang='lat' dir='ltr'><strong>epigraph.</strong></span> <span class='ocrx_word' id='word_1_110' title='bbox 2152 1684 2186 1747; x_wconf 94' lang='lat' dir='ltr'>I</span> <span class='ocrx_word' id='word_1_111' title='bbox 2224 1708 2285 1770; x_wconf 92' lang='lat' dir='ltr'><strong>p.</strong></span> <span class='ocrx_word' id='word_1_112' title='bbox 2312 1686 2391 1750; x_wconf 76' lang='lat'><strong>54</strong></span> <span class='ocrx_word' id='word_1_113' title='bbox 2434 1697 2500 1749; x_wconf 92' lang='lat' dir='ltr'><strong>et</strong></span> <span class='ocrx_word' id='word_1_114' title='bbox 2540 1686 2627 1748; x_wconf 83' lang='lat' dir='ltr'><strong>ita</strong></span> <span class='ocrx_word' id='word_1_115' title='bbox 2661 1683 2796 1746; x_wconf 83' lang='lat' dir='ltr'><strong>dixi-</strong></span> 
     </span>
     <span class='ocr_line' id='line_1_14' title="bbox 509 1791 2795 1878; baseline -0.001 -21"><span class='ocrx_word' id='word_1_116' title='bbox 509 1817 688 1871; x_wconf 88' lang='lat' dir='ltr'><strong>mus,</strong></span> <span class='ocrx_word' id='word_1_117' title='bbox 745 1807 820 1858; x_wconf 87' lang='lat' dir='ltr'><strong>ut</strong></span> <span class='ocrx_word' id='word_1_118' title='bbox 863 1814 1038 1857; x_wconf 90' lang='lat' dir='ltr'><strong>nunc</strong></span> <span class='ocrx_word' id='word_1_119' title='bbox 1083 1813 1210 1855; x_wconf 90' lang='lat' dir='ltr'><strong>non</strong></span> <span class='ocrx_word' id='word_1_120' title='bbox 1252 1793 1606 1877; x_wconf 80' lang='lat' dir='ltr'><strong>poeniteat3</strong></span> <span class='ocrx_word' id='word_1_121' title='bbox 1668 1791 1833 1855; x_wconf 88' lang='lat' dir='ltr'><strong>illud</strong></span> <span class='ocrx_word' id='word_1_122' title='bbox 1878 1792 2047 1856; x_wconf 88' lang='lat' dir='ltr'><strong>enim</strong></span> <span class='ocrx_word' id='word_1_123' title='bbox 2096 1815 2297 1856; x_wconf 90' lang='lat' dir='ltr'><strong>unum</strong></span> <span class='ocrx_word' id='word_1_124' title='bbox 2351 1815 2599 1878; x_wconf 84' lang='lat' dir='ltr'><strong>genus,</strong></span> <span class='ocrx_word' id='word_1_125' title='bbox 2652 1791 2795 1876; x_wconf 87' lang='lat' dir='ltr'><strong>quod</strong></span> 
     </span>
     <span class='ocr_line' id='line_1_15' title="bbox 507 1899 2795 1986; baseline -0.002 -20"><span class='ocrx_word' id='word_1_126' title='bbox 507 1903 868 1976; x_wconf 88' lang='lat' dir='ltr'><strong>omisimus,</strong></span> <span class='ocrx_word' id='word_1_127' title='bbox 918 1923 1064 1965; x_wconf 90' lang='lat' dir='ltr'><strong>cum</strong></span> <span class='ocrx_word' id='word_1_128' title='bbox 1107 1900 1277 1964; x_wconf 88' lang='lat' dir='ltr'><strong>IIvir</strong></span> <span class='ocrx_word' id='word_1_129' title='bbox 1317 1924 1400 1964; x_wconf 86' lang='lat' dir='ltr'><strong>ex</strong></span> <span class='ocrx_word' id='word_1_130' title='bbox 1435 1899 1599 1964; x_wconf 88' lang='lat' dir='ltr'><strong>urbe</strong></span> <span class='ocrx_word' id='word_1_131' title='bbox 1645 1900 2061 1984; x_wconf 88' lang='lat' dir='ltr'><strong>proficiscens</strong></span> <span class='ocrx_word' id='word_1_132' title='bbox 2102 1922 2223 1964; x_wconf 89' lang='lat' dir='ltr'><strong>suo</strong></span> <span class='ocrx_word' id='word_1_133' title='bbox 2262 1900 2405 1964; x_wconf 93' lang='lat' dir='ltr'><strong>loco</strong></span> <span class='ocrx_word' id='word_1_134' title='bbox 2440 1901 2795 1986; x_wconf 86' lang='lat' dir='ltr'><strong>praefectum</strong></span> 
     </span>
     <span class='ocr_line' id='line_1_16' title="bbox 505 2007 2794 2095; baseline -0.002 -21"><span class='ocrx_word' id='word_1_135' title='bbox 505 2011 846 2095; x_wconf 87' lang='lat' dir='ltr'><strong>relinquit,</strong></span> <span class='ocrx_word' id='word_1_136' title='bbox 898 2010 1074 2094; x_wconf 89' lang='lat' dir='ltr'><strong>quod</strong></span> <span class='ocrx_word' id='word_1_137' title='bbox 1118 2010 1308 2093; x_wconf 88' lang='lat' dir='ltr'><strong>quale</strong></span> <span class='ocrx_word' id='word_1_138' title='bbox 1351 2009 1547 2072; x_wconf 84' lang='lat' dir='ltr'><strong>fuerit</strong></span> <span class='ocrx_word' id='word_1_139' title='bbox 1586 2031 1667 2072; x_wconf 84' lang='lat' dir='ltr'><strong>ex</strong></span> <span class='ocrx_word' id='word_1_140' title='bbox 1710 2009 1857 2092; x_wconf 89' lang='lat' dir='ltr'><strong>lege</strong></span> <span class='ocrx_word' id='word_1_141' title='bbox 1904 2008 2163 2073; x_wconf 88' lang='lat' dir='ltr'><strong>demum</strong></span> <span class='ocrx_word' id='word_1_142' title='bbox 2207 2007 2609 2093; x_wconf 87' lang='lat' dir='ltr'><strong>Salpensana</strong></span> <span class='ocrx_word' id='word_1_143' title='bbox 2650 2009 2794 2072; x_wconf 86' lang='lat' dir='ltr'><strong>rubr.</strong></span> 
     </span>
     <span class='ocr_line' id='line_1_17' title="bbox 505 2116 2793 2204; baseline -0.002 -22"><span class='ocrx_word' id='word_1_144' title='bbox 505 2118 716 2184; x_wconf 89' lang='lat' dir='ltr'><strong>XXV</strong></span> <span class='ocrx_word' id='word_1_145' title='bbox 755 2118 1190 2204; x_wconf 85' lang='lat' dir='ltr'><strong>cognoscitur,</strong></span> <span class='ocrx_word' id='word_1_146' title='bbox 1229 2118 1689 2182; x_wconf 80' lang='lat' dir='ltr'><strong>excusabimur</strong></span> <span class='ocrx_word' id='word_1_147' title='bbox 1708 2118 1885 2201; x_wconf 90' lang='lat' dir='ltr'><strong>quod</strong></span> <span class='ocrx_word' id='word_1_148' title='bbox 1911 2127 2067 2182; x_wconf 87' lang='lat' dir='ltr'><strong>tunc</strong></span> <span class='ocrx_word' id='word_1_149' title='bbox 2094 2118 2576 2202; x_wconf 82' lang='lat' dir='ltr'><strong>ignorabamus.</strong></span> <span class='ocrx_word' id='word_1_150' title='bbox 2642 2116 2793 2182; x_wconf 74' lang='lat' dir='ltr'><strong>Dixit</strong></span> 
     </span>
     <span class='ocr_line' id='line_1_18' title="bbox 505 2225 2793 2310; baseline -0.002 -18"><span class='ocrx_word' id='word_1_151' title='bbox 505 2228 588 2292; x_wconf 88' lang='lat' dir='ltr'><strong>de</strong></span> <span class='ocrx_word' id='word_1_152' title='bbox 643 2226 870 2293; x_wconf 87' lang='lat' dir='ltr'><strong>eadem</strong></span> <span class='ocrx_word' id='word_1_153' title='bbox 921 2249 992 2291; x_wconf 89' lang='lat' dir='ltr'><strong>re</strong></span> <span class='ocrx_word' id='word_1_154' title='bbox 1039 2226 1507 2292; x_wconf 86' lang='lat' dir='ltr'><strong>Mommsenius</strong></span> <span class='ocrx_word' id='word_1_155' title='bbox 1556 2227 1623 2289; x_wconf 86' lang='lat' dir='ltr'><strong>in</strong></span> <span class='ocrx_word' id='word_1_156' title='bbox 1679 2226 2115 2310; x_wconf 84' lang='lat' dir='ltr'><strong>disputatione</strong></span> <span class='ocrx_word' id='word_1_157' title='bbox 2170 2225 2253 2290; x_wconf 87' lang='lat' dir='ltr'><strong>de</strong></span> <span class='ocrx_word' id='word_1_158' title='bbox 2302 2226 2544 2291; x_wconf 86' lang='lat' dir='ltr'><strong>tabulis</strong></span> <span class='ocrx_word' id='word_1_159' title='bbox 2588 2227 2793 2310; x_wconf 78' lang='lat' dir='ltr'><strong>Hispa-</strong></span> 
     </span>
     <span class='ocr_line' id='line_1_19' title="bbox 503 2334 2791 2422; baseline -0.002 -23"><span class='ocrx_word' id='word_1_160' title='bbox 503 2337 668 2401; x_wconf 89' lang='lat' dir='ltr'><strong>nicis</strong></span> <span class='ocrx_word' id='word_1_161' title='bbox 712 2359 775 2422; x_wconf 91' lang='lat' dir='ltr'><strong>p.</strong></span> <span class='ocrx_word' id='word_1_162' title='bbox 817 2337 960 2411; x_wconf 81' lang='lat'><strong>447,</strong></span> <span class='ocrx_word' id='word_1_163' title='bbox 1015 2336 1124 2419; x_wconf 89' lang='lat' dir='ltr'><strong>qui</strong></span> <span class='ocrx_word' id='word_1_164' title='bbox 1165 2335 1340 2419; x_wconf 90' lang='lat' dir='ltr'><strong>quod</strong></span> <span class='ocrx_word' id='word_1_165' title='bbox 1385 2357 1587 2398; x_wconf 88' lang='lat' dir='ltr'><strong>unum</strong></span> <span class='ocrx_word' id='word_1_166' title='bbox 1626 2334 1839 2408; x_wconf 85' lang='lat' dir='ltr'><strong>addit,</strong></span> <span class='ocrx_word' id='word_1_167' title='bbox 1900 2335 2256 2419; x_wconf 78' lang='lat' dir='ltr'><strong>praefectos</strong></span> <span class='ocrx_word' id='word_1_168' title='bbox 2298 2358 2423 2400; x_wconf 88' lang='lat' dir='ltr'><strong>non</strong></span> <span class='ocrx_word' id='word_1_169' title='bbox 2468 2336 2662 2400; x_wconf 87' lang='lat' dir='ltr'><strong>modo</strong></span> <span class='ocrx_word' id='word_1_170' title='bbox 2700 2334 2791 2396; x_wconf 88' lang='lat' dir='ltr'><strong>hoc</strong></span> 
     </span>
     <span class='ocr_line' id='line_1_20' title="bbox 504 2442 2791 2530; baseline -0.002 -21"><span class='ocrx_word' id='word_1_171' title='bbox 504 2445 973 2530; x_wconf 79' lang='lat' dir='ltr'><strong>praefectorum</strong></span> <span class='ocrx_word' id='word_1_172' title='bbox 1016 2443 1268 2508; x_wconf 88' lang='lat' dir='ltr'><strong>nomine</strong></span> <span class='ocrx_word' id='word_1_173' title='bbox 1309 2443 1637 2528; x_wconf 84' lang='lat' dir='ltr'><strong>appellari,</strong></span> <span class='ocrx_word' id='word_1_174' title='bbox 1686 2442 1803 2506; x_wconf 88' lang='lat' dir='ltr'><strong>sed</strong></span> <span class='ocrx_word' id='word_1_175' title='bbox 1850 2442 2037 2506; x_wconf 88' lang='lat' dir='ltr'><strong>etiam</strong></span> <span class='ocrx_word' id='word_1_176' title='bbox 2068 2443 2311 2508; x_wconf 85' lang='lat' dir='ltr'><strong>IIviros</strong></span> <span class='ocrx_word' id='word_1_177' title='bbox 2343 2446 2445 2509; x_wconf 87' lang='lat' dir='ltr'><strong>vel</strong></span> <span class='ocrx_word' id='word_1_178' title='bbox 2482 2444 2791 2515; x_wconf 68' lang='lat' dir='ltr'><strong>IIIIvirOS,</strong></span> 
     </span>
     <span class='ocr_line' id='line_1_21' title="bbox 503 2549 2790 2637; baseline -0.002 -22"><span class='ocrx_word' id='word_1_179' title='bbox 503 2553 717 2615; x_wconf 88' lang='lat' dir='ltr'><strong>minus</strong></span> <span class='ocrx_word' id='word_1_180' title='bbox 779 2552 995 2614; x_wconf 90' lang='lat' dir='ltr'><strong>credo.</strong></span> <span class='ocrx_word' id='word_1_181' title='bbox 1091 2551 1214 2614; x_wconf 87' lang='lat' dir='ltr'><strong>Est</strong></span> <span class='ocrx_word' id='word_1_182' title='bbox 1269 2551 1438 2615; x_wconf 88' lang='lat' dir='ltr'><strong>enim</strong></span> <span class='ocrx_word' id='word_1_183' title='bbox 1502 2563 1723 2616; x_wconf 87' lang='lat' dir='ltr'><strong>contra</strong></span> <span class='ocrx_word' id='word_1_184' title='bbox 1780 2551 2089 2616; x_wconf 85' lang='lat' dir='ltr'><strong>rationem</strong></span> <span class='ocrx_word' id='word_1_185' title='bbox 2148 2565 2339 2637; x_wconf 72' lang='lat' dir='ltr'><strong>atquo.</strong></span> <span class='ocrx_word' id='word_1_186' title='bbox 2394 2577 2605 2618; x_wconf 89' lang='lat' dir='ltr'><strong>unum</strong></span> <span class='ocrx_word' id='word_1_187' title='bbox 2662 2549 2790 2615; x_wconf 89' lang='lat' dir='ltr'><strong>illud</strong></span> 
     </span>
     <span class='ocr_line' id='line_1_22' title="bbox 505 2658 2790 2748; baseline -0.001 -25"><span class='ocrx_word' id='word_1_188' title='bbox 505 2659 902 2744; x_wconf 85' lang='lat' dir='ltr'><strong>exemplum,</strong></span> <span class='ocrx_word' id='word_1_189' title='bbox 946 2658 1121 2741; x_wconf 89' lang='lat' dir='ltr'><strong>quod</strong></span> <span class='ocrx_word' id='word_1_190' title='bbox 1167 2681 1248 2722; x_wconf 84' lang='lat' dir='ltr'><strong>ex</strong></span> <span class='ocrx_word' id='word_1_191' title='bbox 1289 2659 1579 2744; x_wconf 85' lang='lat' dir='ltr'><strong>inscript.</strong></span> <span class='ocrx_word' id='word_1_192' title='bbox 1620 2659 1885 2745; x_wconf 86' lang='lat' dir='ltr'><strong>Neapol.</strong></span> <span class='ocrx_word' id='word_1_193' title='bbox 1930 2683 1992 2744; x_wconf 90' lang='lat' dir='ltr'><strong>p.</strong></span> <span class='ocrx_word' id='word_1_194' title='bbox 2033 2660 2154 2724; x_wconf 68' lang='lat'><strong>480</strong></span> <span class='ocrx_word' id='word_1_195' title='bbox 2194 2661 2377 2735; x_wconf 87' lang='lat' dir='ltr'><strong>citat,</strong></span> <span class='ocrx_word' id='word_1_196' title='bbox 2438 2663 2566 2726; x_wconf 90' lang='lat' dir='ltr'><strong>alio</strong></span> <span class='ocrx_word' id='word_1_197' title='bbox 2608 2660 2790 2748; x_wconf 81' lang='lat' dir='ltr'><strong>potius</strong></span> 
     </span>
     <span class='ocr_line' id='line_1_23' title="bbox 501 2765 2790 2853; baseline -0.001 -23"><span class='ocrx_word' id='word_1_198' title='bbox 501 2767 688 2830; x_wconf 91' lang='lat' dir='ltr'><strong>modo</strong></span> <span class='ocrx_word' id='word_1_199' title='bbox 735 2765 992 2831; x_wconf 87' lang='lat' dir='ltr'><strong>videtur</strong></span> <span class='ocrx_word' id='word_1_200' title='bbox 1027 2789 1170 2832; x_wconf 89' lang='lat' dir='ltr'><strong>esse</strong></span> <span class='ocrx_word' id='word_1_201' title='bbox 1210 2768 1684 2853; x_wconf 83' lang='lat' dir='ltr'><strong>explicandum.</strong></span> <span class='ocrx_word' id='word_1_202' title='bbox 1758 2769 1923 2832; x_wconf 87' lang='lat' dir='ltr'><strong>Nam</strong></span> <span class='ocrx_word' id='word_1_203' title='bbox 1962 2768 2058 2831; x_wconf 89' lang='lat' dir='ltr'><strong>M.</strong></span> <span class='ocrx_word' id='word_1_204' title='bbox 2088 2769 2341 2836; x_wconf 88' lang='lat' dir='ltr'><strong>Alleius</strong></span> <span class='ocrx_word' id='word_1_205' title='bbox 2376 2770 2667 2836; x_wconf 89' lang='lat' dir='ltr'><strong>Luccius</strong></span> <span class='ocrx_word' id='word_1_206' title='bbox 2704 2766 2790 2830; x_wconf 86' lang='lat' dir='ltr'><strong>Li-</strong></span> 
     </span>
     <span class='ocr_line' id='line_1_24' title="bbox 501 2875 2788 2965; baseline -0.001 -25"><span class='ocrx_word' id='word_1_207' title='bbox 501 2875 672 2941; x_wconf 89' lang='lat' dir='ltr'><strong>bella</strong></span> <span class='ocrx_word' id='word_1_208' title='bbox 710 2899 857 2941; x_wconf 90' lang='lat' dir='ltr'><strong>cum</strong></span> <span class='ocrx_word' id='word_1_209' title='bbox 903 2881 1060 2939; x_wconf 82' lang='lat' dir='ltr'><strong>Ilm&#39;r</strong></span> <span class='ocrx_word' id='word_1_210' title='bbox 1090 2883 1301 2959; x_wconf 77' lang='lat' dir='ltr'><strong>praes.</strong></span> <span class='ocrx_word' id='word_1_211' title='bbox 1343 2883 1555 2958; x_wconf 78' lang='lat' dir='ltr'><strong>quinq.</strong></span> <span class='ocrx_word' id='word_1_212' title='bbox 1598 2877 1957 2962; x_wconf 86' lang='lat' dir='ltr'><strong>appelletur</strong></span> <span class='ocrx_word' id='word_1_213' title='bbox 1982 2877 2050 2940; x_wconf 89' lang='lat' dir='ltr'><strong>in</strong></span> <span class='ocrx_word' id='word_1_214' title='bbox 2070 2877 2277 2942; x_wconf 88' lang='lat' dir='ltr'><strong>Inscr.</strong></span> <span class='ocrx_word' id='word_1_215' title='bbox 2302 2879 2502 2965; x_wconf 88' lang='lat' dir='ltr'><strong>Neap.</strong></span> <span class='ocrx_word' id='word_1_216' title='bbox 2546 2904 2609 2943; x_wconf 91' lang='lat' dir='ltr'><strong>n.</strong></span> <span class='ocrx_word' id='word_1_217' title='bbox 2637 2875 2788 2948; x_wconf 77' lang='lat'><strong>2350,</strong></span> 
     </span>
     <span class='ocr_line' id='line_1_25' title="bbox 501 2984 2789 3071; baseline -0.002 -23"><span class='ocrx_word' id='word_1_218' title='bbox 501 3006 628 3048; x_wconf 88' lang='lat' dir='ltr'><strong>non</strong></span> <span class='ocrx_word' id='word_1_219' title='bbox 681 3006 946 3049; x_wconf 87' lang='lat' dir='ltr'><strong>necesse</strong></span> <span class='ocrx_word' id='word_1_220' title='bbox 1001 2996 1102 3049; x_wconf 88' lang='lat' dir='ltr'><strong>est</strong></span> <span class='ocrx_word' id='word_1_221' title='bbox 1155 3007 1326 3049; x_wconf 89' lang='lat' dir='ltr'><strong>unus</strong></span> <span class='ocrx_word' id='word_1_222' title='bbox 1381 2985 1585 3050; x_wconf 88' lang='lat' dir='ltr'><strong>honos</strong></span> <span class='ocrx_word' id='word_1_223' title='bbox 1644 2985 2070 3070; x_wconf 81' lang='lat' dir='ltr'><strong>intelligatur3</strong></span> <span class='ocrx_word' id='word_1_224' title='bbox 2135 2999 2407 3071; x_wconf 86' lang='lat' dir='ltr'><strong>possunt</strong></span> <span class='ocrx_word' id='word_1_225' title='bbox 2450 2989 2641 3054; x_wconf 84' lang='lat' dir='ltr'><strong>etiam</strong></span> <span class='ocrx_word' id='word_1_226' title='bbox 2683 2984 2789 3047; x_wconf 91' lang='lat' dir='ltr'><strong>duo</strong></span> 
     </span>
     <span class='ocr_line' id='line_1_26' title="bbox 499 3093 2785 3178; baseline -0.002 -22"><span class='ocrx_word' id='word_1_227' title='bbox 499 3104 798 3178; x_wconf 87' lang='lat' dir='ltr'><strong>recteque</strong></span> <span class='ocrx_word' id='word_1_228' title='bbox 857 3094 924 3157; x_wconf 90' lang='lat' dir='ltr'><strong>in</strong></span> <span class='ocrx_word' id='word_1_229' title='bbox 981 3093 1108 3157; x_wconf 85' lang='lat' dir='ltr'><strong>alio</strong></span> <span class='ocrx_word' id='word_1_230' title='bbox 1165 3093 1352 3157; x_wconf 89' lang='lat' dir='ltr'><strong>titulo</strong></span> <span class='ocrx_word' id='word_1_231' title='bbox 1408 3094 1501 3177; x_wconf 88' lang='lat' dir='ltr'><strong>(n.</strong></span> <span class='ocrx_word' id='word_1_232' title='bbox 1545 3093 1741 3175; x_wconf 71' lang='lat'>2267)</span> <span class='ocrx_word' id='word_1_233' title='bbox 1797 3099 1953 3157; x_wconf 81' lang='lat' dir='ltr'><strong>Ilvir</strong></span> <span class='ocrx_word' id='word_1_234' title='bbox 2006 3098 2049 3156; x_wconf 81' lang='grc' dir='ltr'><strong>ι’.</strong></span> <span class='ocrx_word' id='word_1_235' title='bbox 2099 3097 2155 3156; x_wconf 85' lang='lat' dir='ltr'><strong>d.</strong></span> <span class='ocrx_word' id='word_1_236' title='bbox 2198 3101 2405 3176; x_wconf 76' lang='lat' dir='ltr'><strong>quinq.</strong></span> <span class='ocrx_word' id='word_1_237' title='bbox 2464 3095 2785 3160; x_wconf 86' lang='lat' dir='ltr'><strong>vocabitur.</strong></span> 
     </span>
     <span class='ocr_line' id='line_1_27' title="bbox 501 3199 2785 3286; baseline -0.002 -22"><span class='ocrx_word' id='word_1_238' title='bbox 501 3199 638 3264; x_wconf 87' lang='lat' dir='ltr'><strong>Sed</strong></span> <span class='ocrx_word' id='word_1_239' title='bbox 683 3201 804 3264; x_wconf 88' lang='lat' dir='ltr'><strong>hoc</strong></span> <span class='ocrx_word' id='word_1_240' title='bbox 847 3201 1002 3284; x_wconf 88' lang='lat' dir='ltr'><strong>quia</strong></span> <span class='ocrx_word' id='word_1_241' title='bbox 1045 3201 1258 3264; x_wconf 89' lang='lat' dir='ltr'><strong>minus</strong></span> <span class='ocrx_word' id='word_1_242' title='bbox 1302 3201 1432 3265; x_wconf 89' lang='lat' dir='ltr'><strong>huc</strong></span> <span class='ocrx_word' id='word_1_243' title='bbox 1473 3201 1750 3286; x_wconf 84' lang='lat' dir='ltr'><strong>pertinet</strong></span> <span class='ocrx_word' id='word_1_244' title='bbox 1775 3222 1904 3264; x_wconf 89' lang='lat' dir='ltr'><strong>non</strong></span> <span class='ocrx_word' id='word_1_245' title='bbox 1932 3223 2421 3285; x_wconf 82' lang='lat' dir='ltr'><strong>persequemur3</strong></span> <span class='ocrx_word' id='word_1_246' title='bbox 2460 3203 2623 3268; x_wconf 89' lang='lat' dir='ltr'><strong>illud</strong></span> <span class='ocrx_word' id='word_1_247' title='bbox 2650 3199 2785 3265; x_wconf 89' lang='lat' dir='ltr'><strong>enim</strong></span> 
     </span>
     <span class='ocr_line' id='line_1_28' title="bbox 498 3307 2783 3396; baseline 0 -27"><span class='ocrx_word' id='word_1_248' title='bbox 498 3307 673 3389; x_wconf 89' lang='lat' dir='ltr'><strong>quod</strong></span> <span class='ocrx_word' id='word_1_249' title='bbox 727 3307 944 3391; x_wconf 88' lang='lat' dir='ltr'><strong>agitur</strong></span> <span class='ocrx_word' id='word_1_250' title='bbox 995 3319 1262 3392; x_wconf 84' lang='lat' dir='ltr'><strong>apparet</strong></span> <span class='ocrx_word' id='word_1_251' title='bbox 1281 3355 1298 3384; x_wconf 92' lang='lat'><strong><em>‚</em></strong></span> <span class='ocrx_word' id='word_1_252' title='bbox 1356 3309 1687 3373; x_wconf 88' lang='lat' dir='ltr'><strong>insolitum</strong></span> <span class='ocrx_word' id='word_1_253' title='bbox 1746 3331 2011 3394; x_wconf 88' lang='lat' dir='ltr'><strong>prorsus</strong></span> <span class='ocrx_word' id='word_1_254' title='bbox 2057 3309 2365 3374; x_wconf 89' lang='lat' dir='ltr'><strong>honorem</strong></span> <span class='ocrx_word' id='word_1_255' title='bbox 2417 3311 2501 3376; x_wconf 92' lang='lat' dir='ltr'><strong>ab</strong></span> <span class='ocrx_word' id='word_1_256' title='bbox 2551 3309 2783 3396; x_wconf 82' lang='lat' dir='ltr'><strong>Salpen-</strong></span> 
     </span>
     <span class='ocr_line' id='line_1_29' title="bbox 499 3415 2783 3502; baseline -0.001 -22"><span class='ocrx_word' id='word_1_257' title='bbox 499 3417 672 3480; x_wconf 87' lang='lat' dir='ltr'><strong>sanis</strong></span> <span class='ocrx_word' id='word_1_258' title='bbox 715 3415 910 3479; x_wconf 86' lang='lat' dir='ltr'><strong>tribui</strong></span> <span class='ocrx_word' id='word_1_259' title='bbox 947 3415 1336 3492; x_wconf 88' lang='lat' dir='ltr'><strong>Domitiano,</strong></span> <span class='ocrx_word' id='word_1_260' title='bbox 1381 3439 1527 3480; x_wconf 86' lang='lat' dir='ltr'><strong>cum</strong></span> <span class='ocrx_word' id='word_1_261' title='bbox 1573 3419 1939 3502; x_wconf 87' lang='lat' dir='ltr'><strong>praefectus</strong></span> <span class='ocrx_word' id='word_1_262' title='bbox 1976 3418 2117 3482; x_wconf 89' lang='lat' dir='ltr'><strong>eius</strong></span> <span class='ocrx_word' id='word_1_263' title='bbox 2160 3419 2337 3483; x_wconf 89' lang='lat' dir='ltr'><strong>solus</strong></span> <span class='ocrx_word' id='word_1_264' title='bbox 2378 3418 2641 3484; x_wconf 86' lang='lat' dir='ltr'><strong>iubetur</strong></span> <span class='ocrx_word' id='word_1_265' title='bbox 2671 3433 2783 3479; x_wconf 81' lang='lat' dir='ltr'><strong>esse</strong></span> 
     </span>
     <span class='ocr_line' id='line_1_30' title="bbox 495 3523 2780 3612; baseline -0 -27"><span class='ocrx_word' id='word_1_266' title='bbox 495 3545 612 3608; x_wconf 88' lang='lat' dir='ltr'><strong>pro</strong></span> <span class='ocrx_word' id='word_1_267' title='bbox 673 3523 920 3588; x_wconf 87' lang='lat' dir='ltr'><strong>IIviris.</strong></span> <span class='ocrx_word' id='word_1_268' title='bbox 1001 3523 1186 3588; x_wconf 89' lang='lat' dir='ltr'><strong>Idem</strong></span> <span class='ocrx_word' id='word_1_269' title='bbox 1227 3547 1380 3588; x_wconf 89' lang='lat' dir='ltr'><strong>num</strong></span> <span class='ocrx_word' id='word_1_270' title='bbox 1439 3524 1785 3608; x_wconf 85' lang='lat' dir='ltr'><strong>aliquando</strong></span> <span class='ocrx_word' id='word_1_271' title='bbox 1844 3526 1987 3589; x_wconf 85' lang='lat' dir='ltr'><strong>aliis</strong></span> <span class='ocrx_word' id='word_1_272' title='bbox 2042 3526 2535 3612; x_wconf 80' lang='lat' dir='ltr'><strong>imperatoribus</strong></span> <span class='ocrx_word' id='word_1_273' title='bbox 2596 3528 2780 3592; x_wconf 80' lang='lat' dir='ltr'><strong>datum</strong></span> 
     </span>
     <span class='ocr_line' id='line_1_31' title="bbox 497 3630 2782 3711; baseline -0 -16"><span class='ocrx_word' id='word_1_274' title='bbox 497 3630 599 3708; x_wconf 88' lang='lat' dir='ltr'><strong>sit,</strong></span> <span class='ocrx_word' id='word_1_275' title='bbox 645 3633 992 3709; x_wconf 77' lang='lat' dir='ltr'><strong>nescimuS,</strong></span> <span class='ocrx_word' id='word_1_276' title='bbox 1041 3633 1156 3696; x_wconf 89' lang='lat' dir='ltr'><strong>sed</strong></span> <span class='ocrx_word' id='word_1_277' title='bbox 1199 3654 1329 3697; x_wconf 91' lang='lat' dir='ltr'><strong>non</strong></span> <span class='ocrx_word' id='word_1_278' title='bbox 1376 3635 1793 3700; x_wconf 88' lang='lat' dir='ltr'><strong>consuevisse</strong></span> <span class='ocrx_word' id='word_1_279' title='bbox 1842 3635 1983 3699; x_wconf 87' lang='lat' dir='ltr'><strong>fieri</strong></span> <span class='ocrx_word' id='word_1_280' title='bbox 2027 3634 2360 3711; x_wconf 83' lang='lat' dir='ltr'><strong>videmus3</strong></span> <span class='ocrx_word' id='word_1_281' title='bbox 2422 3634 2587 3698; x_wconf 88' lang='lat' dir='ltr'><strong>illud</strong></span> <span class='ocrx_word' id='word_1_282' title='bbox 2628 3632 2782 3698; x_wconf 85' lang='lat' dir='ltr'><strong>etism</strong></span> 
     </span>
     <span class='ocr_line' id='line_1_32' title="bbox 493 3739 2776 3828; baseline -0.001 -25"><span class='ocrx_word' id='word_1_283' title='bbox 493 3739 914 3825; x_wconf 87' lang='lat' dir='ltr'><strong>intelligimus</strong></span> <span class='ocrx_word' id='word_1_284' title='bbox 975 3741 1088 3804; x_wconf 90' lang='lat' dir='ltr'><strong>uni</strong></span> <span class='ocrx_word' id='word_1_285' title='bbox 1143 3741 1212 3804; x_wconf 91' lang='lat' dir='ltr'><strong>id</strong></span> <span class='ocrx_word' id='word_1_286' title='bbox 1257 3741 1396 3806; x_wconf 88' lang='lat' dir='ltr'><strong>dari</strong></span> <span class='ocrx_word' id='word_1_287' title='bbox 1439 3742 1843 3818; x_wconf 81' lang='lat' dir='ltr'><strong>DomitianO,</strong></span> <span class='ocrx_word' id='word_1_288' title='bbox 1903 3755 1975 3807; x_wconf 84' lang='lat' dir='ltr'><strong>ut</strong></span> <span class='ocrx_word' id='word_1_289' title='bbox 2020 3743 2077 3808; x_wconf 87' lang='lat' dir='ltr'><strong>si</strong></span> <span class='ocrx_word' id='word_1_290' title='bbox 2117 3740 2500 3828; x_wconf 87' lang='lat' dir='ltr'><strong>Salpensani</strong></span> <span class='ocrx_word' id='word_1_291' title='bbox 2540 3739 2776 3806; x_wconf 87' lang='lat' dir='ltr'><strong>eundem</strong></span> 
     </span>
     <span class='ocr_line' id='line_1_33' title="bbox 492 3846 2778 3935; baseline -0.002 -23"><span class='ocrx_word' id='word_1_292' title='bbox 492 3846 796 3913; x_wconf 88' lang='lat' dir='ltr'><strong>honorem</strong></span> <span class='ocrx_word' id='word_1_293' title='bbox 841 3849 948 3914; x_wconf 86' lang='lat' dir='ltr'><strong>alii</strong></span> <span class='ocrx_word' id='word_1_294' title='bbox 983 3850 1352 3935; x_wconf 83' lang='lat' dir='ltr'><strong>imperatori</strong></span> <span class='ocrx_word' id='word_1_295' title='bbox 1388 3849 1624 3915; x_wconf 84' lang='lat' dir='ltr'><strong>habere</strong></span> <span class='ocrx_word' id='word_1_296' title='bbox 1669 3851 1925 3926; x_wconf 86' lang='lat' dir='ltr'><strong>vellent,</strong></span> <span class='ocrx_word' id='word_1_297' title='bbox 1966 3852 2277 3916; x_wconf 87' lang='lat' dir='ltr'><strong>mutanda</strong></span> <span class='ocrx_word' id='word_1_298' title='bbox 2316 3863 2489 3916; x_wconf 89' lang='lat' dir='ltr'><strong>esset</strong></span> <span class='ocrx_word' id='word_1_299' title='bbox 2528 3851 2633 3916; x_wconf 86' lang='lat' dir='ltr'><strong>lex</strong></span> <span class='ocrx_word' id='word_1_300' title='bbox 2664 3867 2778 3912; x_wconf 90' lang='lat' dir='ltr'><strong>mu-</strong></span> 
     </span>
     <span class='ocr_line' id='line_1_34' title="bbox 493 3951 2778 4042; baseline -0.002 -22"><span class='ocrx_word' id='word_1_301' title='bbox 493 3956 806 4041; x_wconf 88' lang='lat' dir='ltr'><strong>nicipalis.</strong></span> <span class='ocrx_word' id='word_1_302' title='bbox 905 3957 1085 4038; x_wconf 81' lang='lat' dir='ltr'><strong>Quid</strong></span> <span class='ocrx_word' id='word_1_303' title='bbox 1147 3957 1390 4042; x_wconf 81' lang='lat' dir='ltr'><strong>igitur?</strong></span> <span class='ocrx_word' id='word_1_304' title='bbox 1478 3958 1653 4023; x_wconf 90' lang='lat' dir='ltr'><strong>Num</strong></span> <span class='ocrx_word' id='word_1_305' title='bbox 1713 3980 1927 4024; x_wconf 90' lang='lat' dir='ltr'><strong>errore</strong></span> <span class='ocrx_word' id='word_1_306' title='bbox 1988 3958 2109 4023; x_wconf 89' lang='lat' dir='ltr'><strong>hoc</strong></span> <span class='ocrx_word' id='word_1_307' title='bbox 2175 3960 2267 4025; x_wconf 89' lang='lat' dir='ltr'><strong>ita</strong></span> <span class='ocrx_word' id='word_1_308' title='bbox 2318 3960 2401 4024; x_wconf 91' lang='lat' dir='ltr'><strong>de</strong></span> <span class='ocrx_word' id='word_1_309' title='bbox 2466 3951 2778 4024; x_wconf 83' lang='lat' dir='ltr'><strong>Domitiani</strong></span> 
     </span>
     <span class='ocr_line' id='line_1_35' title="bbox 490 4060 2773 4153; baseline -0.002 -22"><span class='ocrx_word' id='word_1_310' title='bbox 490 4067 814 4153; x_wconf 86' lang='lat' dir='ltr'><strong>praefecto</strong></span> <span class='ocrx_word' id='word_1_311' title='bbox 861 4065 1171 4151; x_wconf 87' lang='lat' dir='ltr'><strong>scriptum</strong></span> <span class='ocrx_word' id='word_1_312' title='bbox 1215 4088 1358 4130; x_wconf 87' lang='lat' dir='ltr'><strong>esse</strong></span> <span class='ocrx_word' id='word_1_313' title='bbox 1401 4066 1816 4152; x_wconf 84' lang='lat' dir='ltr'><strong>putabimus?</strong></span> <span class='ocrx_word' id='word_1_314' title='bbox 1895 4067 2052 4131; x_wconf 87' lang='lat' dir='ltr'><strong>Fuit</strong></span> <span class='ocrx_word' id='word_1_315' title='bbox 2094 4067 2297 4144; x_wconf 88' lang='lat' dir='ltr'><strong>enim,</strong></span> <span class='ocrx_word' id='word_1_316' title='bbox 2356 4067 2469 4152; x_wconf 86' lang='lat' dir='ltr'><strong>qui</strong></span> <span class='ocrx_word' id='word_1_317' title='bbox 2512 4068 2603 4133; x_wconf 89' lang='lat' dir='ltr'><strong>ita</strong></span> <span class='ocrx_word' id='word_1_318' title='bbox 2640 4060 2773 4130; x_wconf 84' lang='lat' dir='ltr'><strong>scul-</strong></span> 
     </span>
     <span class='ocr_line' id='line_1_36' title="bbox 491 4174 2773 4260; baseline -0.002 -22"><span class='ocrx_word' id='word_1_319' title='bbox 491 4174 692 4260; x_wconf 87' lang='lat' dir='ltr'><strong>ptoris</strong></span> <span class='ocrx_word' id='word_1_320' title='bbox 736 4174 840 4238; x_wconf 85' lang='lat' dir='ltr'><strong>vel</strong></span> <span class='ocrx_word' id='word_1_321' title='bbox 880 4175 1094 4238; x_wconf 86' lang='lat' dir='ltr'><strong>nescio</strong></span> <span class='ocrx_word' id='word_1_322' title='bbox 1136 4174 1323 4238; x_wconf 89' lang='lat' dir='ltr'><strong>cuius</strong></span> <span class='ocrx_word' id='word_1_323' title='bbox 1365 4197 1580 4240; x_wconf 85' lang='lat' dir='ltr'><strong>errore</strong></span> <span class='ocrx_word' id='word_1_324' title='bbox 1622 4176 1937 4260; x_wconf 85' lang='lat' dir='ltr'><strong>scriptum</strong></span> <span class='ocrx_word' id='word_1_325' title='bbox 1982 4197 2127 4240; x_wconf 86' lang='lat' dir='ltr'><strong>esse</strong></span> <span class='ocrx_word' id='word_1_326' title='bbox 2156 4176 2550 4240; x_wconf 83' lang='lat' dir='ltr'><strong>existimaret</strong></span> <span class='ocrx_word' id='word_1_327' title='bbox 2572 4176 2773 4257; x_wconf 81' lang='lat' dir='ltr'><strong>legem·</strong></span> 
     </span>
     <span class='ocr_line' id='line_1_37' title="bbox 491 4281 2769 4370; baseline -0.003 -24"><span class='ocrx_word' id='word_1_328' title='bbox 491 4305 616 4367; x_wconf 88' lang='lat' dir='ltr'><strong>que</strong></span> <span class='ocrx_word' id='word_1_329' title='bbox 646 4281 814 4346; x_wconf 86' lang='lat' dir='ltr'><strong>hanc</strong></span> <span class='ocrx_word' id='word_1_330' title='bbox 839 4282 1066 4358; x_wconf 88' lang='lat' dir='ltr'><strong>fuisse,</strong></span> <span class='ocrx_word' id='word_1_331' title='bbox 1103 4293 1175 4345; x_wconf 92' lang='lat' dir='ltr'><strong>ut</strong></span> <span class='ocrx_word' id='word_1_332' title='bbox 1201 4283 1485 4347; x_wconf 90' lang='lat' dir='ltr'><strong>omnium</strong></span> <span class='ocrx_word' id='word_1_333' title='bbox 1511 4283 1971 4368; x_wconf 84' lang='lat' dir='ltr'><strong>imperatorum</strong></span> <span class='ocrx_word' id='word_1_334' title='bbox 1994 4282 2302 4370; x_wconf 85' lang='lat' dir='ltr'><strong>praefecti</strong></span> <span class='ocrx_word' id='word_1_335' title='bbox 2331 4282 2572 4368; x_wconf 87' lang='lat' dir='ltr'><strong>singuli</strong></span> <span class='ocrx_word' id='word_1_336' title='bbox 2600 4285 2769 4348; x_wconf 84' lang='lat' dir='ltr'><strong>essent</strong></span> 
     </span>
     <span class='ocr_line' id='line_1_38' title="bbox 489 4381 2770 4476; baseline 0.002 -24"><span class='ocrx_word' id='word_1_337' title='bbox 489 4411 608 4474; x_wconf 90' lang='lat' dir='ltr'><strong>pro</strong></span> <span class='ocrx_word' id='word_1_338' title='bbox 649 4388 820 4454; x_wconf 89' lang='lat' dir='ltr'><strong>binis</strong></span> <span class='ocrx_word' id='word_1_339' title='bbox 854 4389 1104 4454; x_wconf 85' lang='lat' dir='ltr'><strong>IIviris.</strong></span> <span class='ocrx_word' id='word_1_340' title='bbox 1183 4390 1356 4455; x_wconf 87' lang='lat' dir='ltr'><strong>Tum</strong></span> <span class='ocrx_word' id='word_1_341' title='bbox 1391 4392 1601 4455; x_wconf 89' lang='lat' dir='ltr'><strong>omnis</strong></span> <span class='ocrx_word' id='word_1_342' title='bbox 1648 4390 1999 4476; x_wconf 88' lang='lat' dir='ltr'><strong>disputatio</strong></span> <span class='ocrx_word' id='word_1_343' title='bbox 2040 4390 2317 4466; x_wconf 80' lang='lat' dir='ltr'><strong>tollitur3</strong></span> <span class='ocrx_word' id='word_1_344' title='bbox 2368 4413 2519 4456; x_wconf 86' lang='lat' dir='ltr'><strong>nam</strong></span> <span class='ocrx_word' id='word_1_345' title='bbox 2560 4381 2770 4456; x_wconf 71' lang='lat' dir='ltr'><strong>errandi</strong></span> 
     </span>
    </p>
   </div>
  </div>
 </body>
</html>
