2917 5017
444 301 564 368 166
960 303 1042 352 1)0
1081 301 1252 352 Gallia
1281 301 1633 351 Romanorum
1666 301 1928 364 provincia
1962 300 2237 364 appendix.

427 472 558 536 -tria
606 469 874 555 cogitari
929 489 1119 554 posse
1171 466 1290 540 ait,
1353 476 1428 529 ut
1471 461 1715 528 Caesar
1760 462 1943 527 initio
1994 472 2105 527 aut
2167 463 2316 526 anni
2360 463 2443 527 50
2504 473 2613 527 aut
2668 464 2739 529 49

441 591 552 647 aut
591 580 670 644 48
713 579 1026 644 decedere
1067 573 1384 650 debuerit,
1427 572 1544 638 sed
1585 595 1731 636 cum
1773 570 1903 636 duo
1942 571 2172 656 reliqui
2212 571 2364 636 311111
2404 571 2743 636 excludan-

440 701 581 766 tur,
643 711 845 754 unum
903 683 1178 768 relinqui
1224 683 1323 747 49.
1411 683 1505 746 At
1558 702 1675 746 cur
1732 680 1991 744 tandem
2035 681 2297 774 ineunte
2340 703 2510 745 anno
2554 680 2745 766 impe·-

439 798 607 862 rium
663 796 888 860 exierit
941 813 1206 858 necesse
1259 791 1401 856 est?
1484 788 1623 855 Cur
1674 800 1949 854 exeunte
2002 800 2115 853 aut
2168 788 2381 854 medio
2436 812 2604 854 anno
2646 800 2747 853 aut

439 905 672 990 quovis
734 902 1010 986 denique
1070 899 1176 964 die
1231 897 1400 962 finiri
1457 921 1585 962 non
1634 898 1891 982 potest?
1966 897 2114 962 Hoc
2168 899 2410 963 frustra
2450 919 2745 980 quaeras:

439 1035 645 1077 unum
694 1011 858 1075 illud
919 1009 1001 1074 de
1067 1008 1172 1071 die
1229 1006 1396 1093 legis
1438 1006 1739 1071 Vatiniae
1792 1005 2052 1070 videtur
2105 1004 2307 1089 sequi.
2414 1005 2673 1071 Deinde
2716 1031 2751 1070 a

443 1119 754 1185 Suetonio
797 1141 853 1183 c.
893 1117 975 1182 26
1017 1117 1140 1182 hoc
1185 1115 1316 1179 dici
1365 1114 1587 1179 datum
1626 1137 1769 1180 esse
1805 1111 2097 1190 Caesari,
2134 1124 2209 1176 ut
2246 1111 2473 1178 ultimo
2508 1114 2750 1199 imperii

440 1252 480 1293 a
513 1228 823 1313 Pompeio
867 1225 1000 1290 dati
1045 1245 1212 1288 anno
1247 1222 1647 1286 consulatum
1684 1233 1947 1307 peteret,
1991 1231 2209 1308 petere
2234 1232 2447 1286 autem
2476 1223 2752 1287 voluisse

443 1357 614 1401 311110
640 1335 757 1400 50:
807 1335 898 1400 ita
941 1331 1134 1406 effici,
1175 1342 1247 1394 ut
1281 1342 1428 1394 31110
1474 1331 1731 1396 comitia
1773 1332 1921 1396 anni
1966 1332 2047 1396 49
2088 1329 2401 1394 decedere
2444 1329 2752 1395 debuerit.
2848 1374 2857 1415 3

440 1444 586 1510 Hoc
631 1463 888 1528 quoque
937 1438 1406 1525 simplicissime
1447 1439 1855 1504 concluditur
1866 1464 1884 1517 3
1932 1441 2049 1505 sed
2074 1462 2193 1504 nec
2216 1439 2575 1505 Suetonius
2604 1440 2755 1503 illud
2855 1425 2857 1437 ἱ

442 1552 600 1617 dicit
641 1573 761 1616 nec
801 1547 1044 1616 Caesar
1079 1570 1367 1631 unquam
1411 1546 1495 1610 de
1533 1547 1787 1612 31111149
1832 1549 2168 1612 consulatu
2210 1548 2551 1633 cogitavit:
2602 1548 2757 1612 illud
2857 1547 2859 1554 ’

441 1659 635 1746 paulo
679 1681 873 1744 supra-
915 1654 1338 1730 ostendimus,
1381 1653 1506 1719 hoc
1544 1666 1770 1740 postea
1811 1656 1881 1720 in
1916 1656 2272 1722 Hofmanni
2318 1657 2622 1742 opinione
2667 1680 2759 1722 re-

439 1765 719 1831 fellenda
765 1764 1166 1830 docebimus.

611 1874 702 1940 At
751 1875 922 1938 enim
977 1873 1181 1936 multa
1231 1870 1521 1956 opinioni
1572 1893 1727 1934 suae
1780 1871 2036 1936 obstare
2096 1872 2275 1937 videt
2327 1873 2761 1970 Hofmannus,

441 2005 522 2047 ex
565 1983 806 2066 quibus
849 1981 1166 2066 quaedam
1206 1979 1333 2044 iam
1377 1978 1918 2056 examinavimus,
1964 1981 2091 2046 alia
2130 1991 2355 2064 postea
2396 1982 2545 2046 loco
2592 2005 2763 2047 com-

442 2089 728 2155 modiore
791 2086 1453 2155 commemorabimus.
1536 2087 1762 2170 Neque
1816 2087 1881 2152 in
1942 2111 2018 2154 eo
2075 2090 2253 2174 quod
2294 2089 2554 2154 Hirtius
2620 2090 2763 2154 bell.

444 2196 616 2262 Gall.
654 2197 856 2273 VIII,
903 2197 981 2261 39
1027 2206 1280 2270 narrat,
1341 2195 1522 2280 longi
1569 2195 1841 2272 erimus,
1888 2197 2001 2282 qui
2042 2219 2192 2262 cum
2230 2219 2399 2262 311110
2438 2198 2515 2262 51
2564 2221 2764 2284 prope
2859 2215 2860 2244 ³

443 2317 716 2372 exeunte
759 2329 954 2370 unam
997 2313 1304 2369 aestatem
1345 2303 1427 2368 ad
1464 2303 1707 2369 bellum
1749 2303 2106 2388 gerendum
2148 2303 2411 2370 Caesari
2452 2305 2763 2391 reliquam
2859 2295 2861 2345 ³

441 2415 644 2480 fuisse
681 2415 896 2490 refert,
934 2424 1081 2499 post
1119 2422 1425 2476 aestatem
1466 2411 1616 2476 anni
1643 2412 1723 2477 50
1764 2413 1902 2476 eius
1939 2412 2283 2497 imperium
2320 2413 2535 2478 exisse
2560 2414 2764 2500 signi-

439 2524 623 2600 ficat,
676 2522 836 2586 nihil
886 2519 1084 2586 aliud.
1172 2519 1483 2602 Magnam
1539 2540 1693 2584 vero
1753 2519 1821 2584 in
1872 2521 2179 2586 universa
2218 2521 2339 2586 hac
2384 2523 2764 2605 quaestione
2872 2518 2875 2526 ⁴

442 2629 884 2696 auctoritatem
923 2627 1117 2692 habet
1162 2621 1394 2692 Cicero
1436 2627 1621 2712 epist.
1656 2627 1824 2693 VIII
1842 2675 1859 2705 ,
1906 2632 2017 2704 11,
2076 2651 2203 2712 quo
2250 2629 2394 2694 loco
2442 2630 2767 2716 imprimis

442 2761 562 2804 nos
611 2759 806 2824 supra
846 2759 911 2822 p.
948 2735 1028 2801 84
1073 2736 1156 2800 ad
1199 2734 1372 2800 diem
1427 2736 1680 2822 imperii
1725 2734 2097 2801 Caesariani
2156 2736 2597 2804 definiendum
2666 2741 2770 2804 usi

445 2871 692 2913 sumus.
793 2844 1038 2911 Scribit
1099 2844 1271 2908 enim
1337 2841 1599 2909 Caelius
1668 2845 1750 2910 ad
1817 2841 2199 2910 Ciceronem
2266 2869 2487 2912 mense
2550 2847 2771 2932 Aprili

443 2958 592 3022 anni
639 2955 751 3032 50,
805 2952 1188 3039 Pompeium
1243 2975 1391 3018 cum
1453 2963 1681 3018 senatu
1728 2953 1797 3016 in
1841 2952 1911 3017 id
1950 2952 2325 3018 incubuisse
2341 3001 2360 3030 ,
2416 2966 2489 3017 ut
2531 2954 2771 3021 Idibus

442 3063 791 3130 Novembr.
851 3063 992 3126 eius
1051 3061 1202 3126 anni
1257 3058 1501 3126 Caesar
1557 3061 1859 3126 decedat:
1934 3064 2177 3124 Scaena
2217 3067 2315 3124 rei
2352 3067 2545 3126 totius
2585 3065 2771 3128 haec.-

447 3176 769 3253 Pompeius
807 3181 1126 3250 tamquam
1156 3172 1473 3234 Caesarem
1512 3191 1638 3231 non
1666 3175 2006 3251 impugnet,
2050 3171 2159 3233 sed
2178 3172 2345 3251 quod
2370 3173 2476 3232 illi
2502 3192 2771 3252 aequum
2871 3193 2873 3198 ·

436 3290 648 3362 putet,
693 3281 1052 3350 constituat,
1095 3281 1194 3339 ait
1231 3279 1557 3341 Curionem
1594 3299 1884 3356 quaerere
1926 3279 2279 3341 discordias.
2350 3277 2457 3342 De
2496 3278 2599 3342 his
2641 3279 2767 3342 du-

443 3386 714 3473 pliciter,
755 3396 827 3450 ut
854 3383 1152 3460 debebat,
1195 3383 1609 3449 Hofmannus
1652 3383 1959 3470 disputat,
1998 3387 2278 3472 primum
2316 3396 2391 3449 ut
2435 3399 2585 3468 post
2622 3386 2764 3451 illas

444 3495 606 3560 Idus
651 3493 994 3579 imperium
1031 3492 1245 3557 exisse
1283 3492 1530 3568 doceat,
1574 3491 1808 3556 deinde
1830 3503 1903 3556 111
1925 3515 2204 3570 causam,
2242 3514 2359 3559 cur
2380 3515 2532 3558 eum
2556 3505 2761 3560 tamen

446 3603 619 3668 diem
669 3600 1020 3686 Pompeius
1075 3599 1509 3676 constituerit,
1584 3584 1880 3686 reperiat.
1996 3598 2262 3666 Initium
2316 3611 2532 3666 autem
2588 3602 2765 3668 ducit

445 3709 628 3773 hinc:
691 3731 805 3792 pro
859 3710 1000 3793 ipsa
1055 3707 1162 3772 die
1218 3721 1412 3792 quam
1453 3708 1563 3772 lex
1608 3707 1919 3793 Pompeia
1960 3708 2215 3774 Licinia
2258 3711 2763 3796 praescripserit,

443 3816 606 3882 Idus
650 3813 1049 3880 Novembres
1095 3837 1224 3879 non
1267 3837 1460 3900 posse
1503 3816 1757 3894 haberi,
1820 3817 1979 3902 quin
2024 3839 2247 3884 omnes
2288 3819 2569 3884 rationes
2614 3842 2765 3885 suae

443 3923 634 4008 plane
685 3923 1164 4008 perturbentur.
1262 3924 1356 3988 At
1409 3923 1868 4010 perturbentur
1924 3949 2077 3992 sane
2092 3972 2109 4002 ,
2173 3925 2527 3990 dummodo
2592 3928 2765 4012 quod

445 4053 675 4096 verum
717 4042 848 4107 est,
891 4031 1266 4118 reperiatur.
1356 4029 1656 4098 Caesaris
1700 4033 2039 4120 imperium
2080 4044 2193 4100 aut
2236 4044 2383 4100 ante
2422 4034 2589 4100 Idus
2632 4036 2697 4101 N
2698 4060 2764 4101 o-

445 4139 744 4204 vembres
789 4149 899 4204 aut
939 4139 1100 4225 ipsis
1142 4150 1254 4205 aut
1286 4151 1436 4225 post
1470 4141 1702 4206 exisse.
1766 4141 2171 4208 Rectissime.
2238 4142 2310 4208 Si
2332 4153 2479 4208 ante
2500 4143 2765 4220 exisset,

445 4247 831 4332 Pompeium
877 4269 1006 4312 non
1047 4255 1354 4333 aequum,
1409 4251 1527 4316 sed
1569 4251 1920 4315 admodum
1960 4251 2291 4317 liberalem
2334 4251 2543 4317 fuisse
2589 4255 2763 4318 futu-

445 4375 613 4419 rum.
691 4355 1076 4422 Rectissime
1130 4356 1250 4422 hoc
1305 4379 1583 4443 quoque.
1672 4359 1749 4425 Si
1801 4360 1958 4447 ipsis
2015 4359 2247 4426 Idibus
2286 4359 2451 4426 Nov.
2502 4361 2761 4436 exisset,
