2917 5017
432 296 558 362 206
1087 299 1170 348 De
1211 299 1471 348 dictatoris
1510 298 1749 348 Caesaris
1792 298 2089 349 honoribus.

434 463 596 527 chus
658 458 846 527 Caes.
897 462 974 527 37
995 508 1012 536 ,
1076 460 1187 545 qui
1241 483 1388 525 eum
1445 460 1615 523 intra
1672 459 1973 525 undecim
2039 462 2179 526 dies
2236 484 2379 527 sese
2434 462 2737 527 dictatura

433 570 770 635 abdicasse
831 582 1044 635 narrat
1099 580 1444 656 aperteque
1500 569 1633 632 Dio
1671 568 1877 647 XLI,
1926 570 2038 635 36:
2103 573 2205 634 καὶ
2246 572 2315 640 ὃς
2363 571 2591 654 ὑπέστη
2642 572 2737 654 μὲν

433 680 538 760 τὴν
599 680 794 763 ἀρχὴν
852 680 1063 761 ἐπειδὴ
1123 683 1360 762 πρῶτον
1423 678 1488 745 ἐς
1541 678 1645 759 τὴν
1704 676 1879 739 πόλιν
1939 680 2235 762 εἰς-ἦλθεν.
2322 678 2547 761 Quare
2608 700 2741 742 cum

435 784 678 852 Caesar
722 785 1068 851 Decembri
1123 808 1343 851 mense
1395 786 1602 850 Roma
1656 787 1739 851 ad
1781 785 2020 851 bellum
2062 787 2377 872 Pompeio
2416 787 2545 871 ipsi
2588 786 2740 849 infe-

433 896 708 959 rendum
763 895 832 957 in
885 892 1224 959 Graeciam
1282 896 1611 980 profectus
1669 917 1813 959 esse
1874 908 2166 959 narretur
2222 894 2426 980 (App.
2466 894 2571 970 ΙΙ,
2622 895 2744 975 48),

435 1014 709 1068 exeunte
764 1001 1115 1067 Novembri
1174 1003 1240 1065 in
1293 1002 1521 1068 urbem
1576 1003 1864 1087 pervenit
1920 1004 2329 1089 insigniaque
2394 996 2745 1068 dictaturae

435 1112 730 1196 sumpsit,
753 1133 792 1175 a
816 1121 1251 1196 quo-tempore
1275 1111 1329 1175 si
1355 1134 1630 1197 regnum
1656 1124 2117 1188 numeraretur,
2153 1134 2483 1195 nunquam
2510 1123 2745 1196 septem

433 1242 687 1284 menses
731 1231 794 1283 et
834 1230 1136 1303 quattuor
1172 1218 1322 1283 anni
1352 1230 1617 1305 possent
1644 1220 1834 1284 effici.
1902 1218 2331 1304 Relinquitur,
2376 1231 2451 1285 ut
2480 1242 2751 1305 regnum

435 1328 518 1393 ab
563 1350 640 1392 eo
687 1340 993 1412 tempore,
1038 1350 1166 1410 quo
1201 1327 1519 1391 dictatura
1560 1328 1705 1413 lege
1754 1327 1965 1393 oblata
2008 1340 2126 1404 est,
2168 1329 2535 1414 incipiatur,
2582 1327 2749 1411 quod

434 1448 689 1522 tempus
749 1458 896 1501 cum
960 1448 1204 1522 septem
1264 1436 1595 1501 mensibus
1649 1458 1916 1520 prorsus
1970 1436 2312 1500 convenire
2373 1437 2751 1522 reperimus.

434 1545 666 1610 Narrat
713 1546 884 1609 enim
928 1546 1070 1630 ipse
1120 1544 1268 1609 bell.
1312 1544 1434 1607 civ.
1473 1542 1577 1619 11,
1622 1544 1735 1620 21,
1796 1545 1879 1609 ad
1919 1544 2274 1609 Massiliam
2322 1566 2391 1608 se
2437 1566 2756 1628 cognosse
2871 1620 2873 1623 y

435 1659 624 1735 legem
671 1656 743 1715 de
786 1653 1083 1715 dictatore
1123 1658 1320 1715 latam
1361 1675 1593 1733 seseque
1632 1655 1993 1714 dictatorem
2029 1656 2261 1715 dictum
2295 1653 2370 1713 ab
2404 1656 2497 1713 M.
2524 1654 2760 1732 Lepido
2872 1694 2875 1723 a

429 1772 733 1843 praetore.
819 1760 1189 1844 Antequam
1245 1772 1459 1825 autem
1502 1760 1861 1825 Massiliam
1918 1760 1998 1824 ad
2054 1760 2489 1846 peragendam
2536 1760 2761 1846 oppidi
2872 1792 2874 1815 2

435 1869 832 1935 obsidionem
870 1870 1181 1955 pervenit,
1229 1870 1471 1934 vicerat
1510 1892 1567 1933 a.
1606 1868 1669 1931 d.
1706 1868 1801 1935 IV
1842 1868 1903 1932 N
1906 1891 2009 1932 011.
2049 1866 2517 1955 Sext..legatos
2561 1868 2761 1931 Pom-

434 1979 562 2063 peii
619 1979 685 2041 in
739 1978 1058 2063 Hispania
1112 1977 1247 2062 (hic
1304 1978 1475 2041 enim
1526 1976 1668 2041 dies
1726 1976 1795 2038 in
1839 1976 2164 2041 veteribus
2208 1976 2604 2041 kalendariis
2652 1997 2763 2039 no-

436 2089 658 2168 tatur),
703 2088 1070 2151 ulteriorem
1111 2085 1509 2170 provinciam
1552 2083 1767 2149 habito
1808 2082 2159 2151 Cordubae
2197 2096 2519 2149 conventu
2564 2107 2763 2149 0666·-

434 2205 648 2279 parat,
703 2193 926 2259 Gades
985 2194 1261 2270 adierat,
1321 2192 1597 2257 navibus
1641 2216 1981 2278 regressus
2028 2194 2393 2259 Tarracone
2438 2194 2761 2259 citerioris

435 2303 802 2388 provinciae
867 2316 1250 2368 conventum
1317 2313 1572 2388 egerat,
1639 2302 1917 2387 denique
1972 2302 2249 2387 pedibus
2306 2324 2423 2387 per
2478 2300 2761 2366 Galliam
2865 2382 2867 2393 y

435 2410 916 2476 Narbonensem
976 2420 1366 2475 accesserat:
1435 2432 1601 2494 quae
1652 2410 1865 2475 omnia
1923 2432 2069 2474 cum
2134 2434 2387 2475 summa
2435 2410 2765 2476 celeritate
2865 2396 2867 2454 Ῐ

436 2530 690 2621 peracta
743 2540 886 2583 esse
935 2531 1304 2593 narrentur,
1361 2540 1627 2583 necesse
1680 2528 1891 2582 tamen
1941 2530 2041 2583 est
2083 2518 2251 2583 hanc
2294 2541 2544 2583 moram
2594 2530 2767 2583 attu-

436 2626 660 2702 lerint,
715 2640 787 2691 ut
839 2637 984 2711 post
1033 2626 1321 2691 medium
1377 2628 1639 2691 demum
1696 2650 1983 2691 mensem
2028 2624 2341 2692 Sextilem
2384 2625 2641 2693 Caesar
2688 2627 2771 2692 ad

362 2758 368 2763 ·
435 2733 791 2798 Massiliam
843 2734 1208 2819 perveniret
1266 2734 1475 2817 deque
1520 2733 1841 2799 dictatura
1880 2734 2004 2799 sibi
2046 2735 2259 2799 delata
2298 2747 2768 2819 cognosceret:
2851 2689 2863 2772 Ι

435 2843 578 2928 ipsa
625 2843 827 2927 igitur
879 2845 985 2908 lex
1037 2845 1208 2909 circa
1257 2842 1546 2907 medium
1602 2866 1890 2907 mensem
1943 2843 2073 2909 lata
2126 2855 2277 2909 erat.
2376 2843 2771 2928 Eodemque

437 2950 822 3016 deducimur
859 2953 1058 3017 altera
1093 2953 1212 3017 hac
1249 2952 1513 3017 ratione.
1586 2952 1845 3017 Etenim
1883 2952 2029 3036 quis
2070 2952 2284 3037 legem
2324 2950 2407 3015 de
2448 2951 2769 3015 dictatore
2865 3000 2870 3037 ᾗ

389 3047 394 3061 “
435 3059 630 3125 latam
687 3082 830 3125 esse
881 3053 1150 3146 putabit
1188 3072 1531 3144 antequam
1582 3060 1663 3124 de
1715 3060 1983 3125 victoria
2038 3057 2337 3125 Caesaris
2394 3059 2771 3123 nuntiatum
2865 3042 2868 3113 [

437 3168 579 3231 est?
663 3168 988 3232 Tenuerat
1036 3170 1144 3233 ille
1200 3169 1465 3253 quidem
1523 3168 1649 3233 iam
1708 3179 1895 3233 antea
1950 3168 2177 3233 urbem
2232 3189 2309 3232 ac
2354 3168 2418 3231 vi
2466 3178 2773 3253 potuerat
2866 3218 2868 3235 2

439 3274 729 3350 efficere,
791 3286 865 3339 ut
917 3275 1189 3341 dictator
1235 3278 1579 3351 diceretur,
1646 3277 1762 3341 sed
1818 3276 2155 3341 alieniores
2214 3287 2425 3339 tamen
2486 3274 2572 3341 ab
2624 3275 2769 3339 eius
2864 3326 2866 3329 Α

437 3404 634 3447 causa
691 3384 1116 3467 plurimorum
1169 3396 1536 3450 senatorum
1600 3385 1797 3450 animi
1862 3398 2042 3449 erant
2086 3407 2295 3469 neque
2340 3383 2422 3449 ad
2468 3383 2542 3447 id
2587 3384 2771 3467 quod

435 3490 748 3555 iniustum
789 3513 932 3555 esse
974 3493 1288 3577 putabant
1333 3491 1505 3575 (Cic.
1548 3494 1632 3559 ad
1677 3495 1815 3558 Att.
1858 3492 1987 3569 IX,
2040 3494 2136 3569 15,
2184 3494 2275 3574 2),
2336 3492 2527 3557 facile
2588 3514 2773 3555 com-

434 3599 856 3684 pellebantur.
939 3601 1145 3667 Paulo
1197 3603 1460 3686 quidem
1518 3614 1665 3667 ante
1712 3602 2043 3668 victoriam
2080 3623 2229 3666 cum
2266 3600 2483 3685 inopia
2528 3622 2774 3686 magna

438 3703 682 3771 Caesar
719 3720 1136 3792 premeretur,
1179 3721 1397 3775 narrat
1435 3710 1575 3795 ipse
1622 3709 1769 3774 bell.
1821 3709 1943 3775 civ.
1986 3709 2041 3784 I,
2088 3708 2189 3785 53,
2240 3720 2480 3793 quanta
2516 3709 2771 3773 Romae

435 3815 792 3881 animorum
841 3818 1180 3881 commotio
1224 3819 1390 3883 facta
1433 3818 1517 3882 sit
1562 3830 1965 3902 quantaeque
2006 3817 2092 3882 ad
2138 3818 2568 3902 Pompeianos
2615 3839 2770 3901 gra-
2860 3900 2862 3913 Ι

437 3924 798 3989 tulationes.
853 3925 1082 4009 Itaque
1121 3926 1450 4010 probabile
1490 3938 1589 3990 est
1619 3926 1795 4009 quod
1828 3925 2143 4002 diximus,
2180 3925 2473 3989 nuntiata
2498 3924 2769 3989 demum

439 4026 738 4095 Caesaris
793 4032 1062 4096 victoria
1115 4045 1404 4097 senatum
1461 4034 1903 4119 populumque
1966 4032 2049 4097 de
2107 4032 2417 4097 dictat-ore
2482 4032 2769 4097 dicendo

438 4139 873 4214 consensisse,
919 4163 996 4203 ac
1040 4163 1190 4205 cum
1234 4141 1549 4208 Afranius
1600 4153 1663 4207 et
1705 4141 2001 4206 Petreius
2044 4164 2101 4205 a.
2146 4141 2209 4205 d.
2246 4140 2341 4206 IV
2388 4140 2557 4205 Non.
2608 4137 2766 4205 Sex.
2858 4202 2860 4207 .

438 4247 593 4313 victi
637 4247 765 4313 sint
806 4249 1238 4333 victoriaeque
1284 4250 1551 4313 nuntius
1600 4250 1823 4315 decem
1874 4250 2009 4314 fere
2050 4248 2283 4314 diebus
2327 4271 2409 4313 ex
2442 4248 2767 4334 Hispania

439 4355 709 4421 Romam
765 4357 1102 4445 pervenire
1156 4357 1446 4443 potuisse
1497 4357 1827 4434 videatur,
1888 4379 2117 4421 rursus
2164 4356 2248 4421 ad
2292 4356 2585 4423 medium
2626 4357 2761 4421 fere
