2917 5017
477 325 602 393 370
1107 326 1190 375 De
1225 326 1599 391 propagatione
1636 326 1853 377 civitatis
1887 325 2168 375 Romanae.

474 492 780 579 ligentesz
843 512 960 556 nos
1013 488 1276 574 quidem
1318 487 1442 553 hoc
1487 497 1705 555 tenere
1750 488 2165 563 debebimuS,
2224 511 2353 553 non
2398 488 2479 554 de
2529 489 2793 574 privatis

475 599 828 665 commodis
881 598 1191 681 civitatis,
1251 596 1366 661 sed
1411 596 1495 661 de
1536 597 1677 661 iure
1724 596 2017 682 suffragii
2062 608 2124 661 et
2164 596 2483 663 honorum
2534 608 2793 663 conten·

477 709 714 774 tionem
769 729 1024 773 omnem
1083 706 1306 773 fuisse.
1413 704 1641 789 Neque
1696 704 1939 771 Romae
1995 705 2185 771 aliam
2244 705 2327 771 ob
2391 728 2663 773 causam
2720 706 2791 771 de
2854 790 2856 797 Ι

477 815 734 881 civitate
787 816 982 881 sociis
1029 814 1245 879 danda
1293 814 1605 898 agitatum
1662 824 1791 891 est,
1850 814 2132 899 primum
2182 838 2220 879 a
2270 815 2511 879 Fulvio
2568 814 2790 879 Flacco
2854 818 2856 863 ἓ

475 947 633 1001 cos„
680 935 825 1002 tum
869 947 908 988 a
951 920 1028 989 C.
1074 920 1374 987 Graccho
1421 933 1485 987 et
1527 922 1725 987 Livio
1761 923 2017 1000 Druse,
2077 924 2189 1008 qui
2232 946 2357 989 non
2397 923 2791 1008 pugnabant,
2855 946 2856 977 1

475 1043 549 1097 ut
603 1033 736 1097 ulla
789 1032 1038 1117 privata
1097 1030 1434 1098 commoda
1488 1030 1646 1097 socii
1710 1030 2073 1097 obtinerent
2088 1078 2107 1109 ,
2170 1048 2333 1117 quae
2389 1032 2588 1097 facile
2641 1030 2789 1097 obti-

471 1140 800 1215 nuissent,
863 1139 978 1204 sed
1033 1149 1108 1203 ut
1161 1152 1223 1203 et
1277 1161 1595 1205 novorum
1644 1140 1883 1205 civium
1935 1162 2057 1225 ope
2100 1139 2361 1206 comitia
2399 1139 2633 1226 populi
2673 1149 2791 1203 tota

471 1248 556 1313 ad
607 1258 823 1333 partes
877 1246 1288 1333 popularium
1343 1246 1836 1312 traducerentur
1886 1259 1950 1315 et
1999 1249 2185 1314 novis
2244 1248 2569 1313 sociorum
2619 1270 2787 1313 sena-

471 1354 720 1421 toribus
759 1356 828 1421 in
869 1354 1115 1420 curiam
1149 1353 1396 1419 allectis
1431 1355 1832 1443 optimatium
1862 1356 2143 1440 potentia
2168 1357 2609 1441 frangeretur.
2670 1354 2788 1423 Sed

469 1463 906 1549 impediebant
955 1485 1180 1529 eorum
1231 1463 1519 1528 actiones
1568 1475 1859 1529 veterum
1904 1474 2275 1532 senatorum
2314 1464 2641 1541 invidiae,
2692 1468 2791 1550 qui

471 1594 626 1637 suos
678 1572 956 1637 honores
1011 1569 1268 1655 vulgari
1317 1571 1591 1648 nollent,
1652 1573 1929 1637 fortasse
1974 1572 2167 1639 etiam
2208 1572 2411 1657 plebis
2454 1574 2791 1659 cupiditati,

469 1701 638 1766 quae
681 1702 829 1745 cum
871 1702 952 1743 ex
993 1678 1483 1745 candidatorum
1520 1680 1862 1766 largitione
1896 1703 2133 1765 magna
2158 1680 2499 1749 commoda
2528 1694 2790 1767 caperet,

467 1811 550 1855 ne
593 1810 912 1854 novorum
953 1787 1193 1852 civium
1217 1786 1631 1853 multitudine
1674 1798 2109 1874 superaretur,
2151 1787 2437 1868 timebat,
2481 1800 2562 1853 ut
2602 1790 2789 1855 simile

468 1920 731 1983 prorsus
779 1907 936 1961 tunc
976 1895 1268 1961 accidere
1313 1895 1651 1961 videamus
1702 1918 1777 1961 ac
1823 1907 2047 1983 postea
2082 1897 2473 1984 imperatore
2523 1894 2790 1963 Claudio
2854 1984 2856 1991 Ι

468 2006 552 2070 de
595 2003 804 2071 Gallis
849 2004 1264 2070 admittendis
1309 2004 1619 2071 accidisse
1661 2006 2101 2092 exposuimus.
2179 2006 2419 2073 Nescio
2462 2018 2687 2071 autem
2722 2030 2789 2071 an
2854 2002 2856 2047 ³

469 2113 628 2178 socii
669 2135 798 2178 non
839 2123 968 2177 tam
1011 2114 1316 2199 optimam
1357 2113 1681 2179 civitatem
1723 2114 2077 2181 Romanam
2122 2138 2315 2199 quam
2370 2115 2550 2182 illud
2602 2116 2789 2201 petie-

463 2221 622 2297 rint,
679 2232 754 2285 ut
810 2220 880 2285 in
937 2232 1156 2286 vetere
1197 2221 1338 2287 iure
1385 2231 1717 2287 manentes
1762 2234 1977 2287 tamen
2020 2224 2104 2289 ad
2149 2224 2481 2309 gerendos
2523 2224 2789 2289 honores

467 2327 977 2415 suffragiumque
1019 2328 1144 2393 rite
1178 2329 1520 2393 ferendum
1563 2330 1993 2414 pervenirent.
2092 2330 2319 2415 Neque
2364 2332 2543 2397 enim
2598 2332 2789 2397 solent

462 2436 688 2522 populi
737 2437 926 2501 facile
989 2436 1074 2500 ad
1124 2436 1465 2502 mutandas
1522 2438 1995 2504 vetustissimas
2048 2439 2233 2525 leges
2292 2441 2545 2505 moveri
2566 2489 2587 2519 ,
2656 2462 2792 2505 cum

463 2544 720 2609 civitate
764 2555 976 2607 autem
1015 2543 1306 2609 Romana
1342 2546 1532 2609 etiam
1575 2545 1898 2630 privatum
1938 2547 2259 2615 sociorum
2296 2550 2437 2625 ina,
2480 2550 2790 2634 antiquis-

451 2650 612 2755 ⁴‚simi
649 2651 1088 2736 magistratus,
1135 2660 1266 2715 tota
1303 2674 1505 2737 prope
1548 2653 1683 2719 vita
1722 2653 2108 2732 mutabatur,
2156 2678 2327 2740 quae
2346 2703 2349 2705 ψ
2368 2658 2583 2723 multo
2630 2668 2790 2724 certe

461 2759 554 2824 illi
608 2760 986 2825 maluissent
1039 2758 1314 2826 retinere
1371 2770 1434 2823 et
1490 2770 1703 2827 tamen
1754 2763 2105 2848 potentiam
2150 2764 2221 2829 in
2262 2762 2613 2851 republica
2662 2768 2786 2833 adi-

459 2869 645 2954 pisci.
743 2868 970 2953 Neque
1024 2878 1317 2932 auctores
1336 2916 1356 2945 ,
1411 2869 1523 2954 qui
1575 2880 1825 2948 extant,
1885 2871 2045 2938 nihil
2098 2872 2179 2937 de
2233 2872 2354 2937 hac
2407 2897 2483 2941 re
2544 2876 2784 2941 tradere

458 2975 864 3054 mirabimur3
925 2986 1142 3041 extant
1199 2976 1374 3041 enim
1424 2986 1488 3041 et
1542 2978 1735 3062 pauci
1791 2990 1855 3043 et
1898 2978 2249 3047 admodum
2288 2982 2533 3049 exiles:
2606 3008 2782 3069 quam

459 3096 630 3151 certe
688 3084 978 3151 seditiosi
1031 3086 1100 3149 in
1153 3083 1396 3169 oppido
1443 3081 1731 3151 Corfinio
1786 3087 2257 3155 constituerunt
2302 3092 2779 3176 rempublicam,

457 3214 532 3257 ea
566 3193 657 3256 ita
693 3191 954 3255 videtur
981 3212 1124 3255 esse
1151 3191 1525 3275 composita,
1569 3205 1642 3257 ut
1666 3195 1929 3261 retentis
1960 3196 2359 3281 singulorum
2394 3202 2780 3285 populorum
2854 3214 2856 3263 ῖ

455 3300 714 3386 legibus
761 3321 837 3365 ac
879 3298 1166 3364 moribus
1209 3310 1424 3364 tamen
1468 3303 1829 3367 communis
1876 3326 2161 3369 summae
2208 3306 2607 3391 reipublicae
2646 3309 2777 3373 effi-

457 3420 710 3475 ceretur
747 3406 1234 3475 administratio·
1323 3407 1767 3476 Veruntamen
1814 3422 1962 3476 utut
2003 3412 2127 3477 hoc
2171 3423 2301 3490 est,
2346 3426 2612 3484 senatus
2650 3417 2773 3481 Ro-

455 3539 684 3583 manus
741 3516 856 3581 ubi
912 3516 1276 3581 cedendum
1329 3538 1473 3581 esse
1530 3517 1880 3596 intellexit,
1920 3531 2317 3587 conservata
2368 3534 2594 3591 vetere
2632 3547 2769 3589 con-
2854 3576 2856 3581 .

454 3625 798 3691 suetudine
842 3624 1162 3689 civitatem
1207 3624 1565 3689 Romanam
1606 3647 1967 3712 propagare
2010 3652 2221 3714 neque
2266 3652 2655 3715 quemquam
2690 3633 2763 3695 ad

454 3743 742 3799 senatum
787 3733 1168 3817 comitiaque
1212 3732 1549 3797 admittere
1590 3735 1851 3813 statuit,
1905 3737 2031 3802 nisi
2076 3738 2185 3821 qui
2230 3738 2529 3824 deposito
2574 3741 2759 3827 patrio

450 3864 626 3913 more
681 3851 855 3905 totus
913 3842 980 3905 in
1036 3864 1270 3911 novam
1325 3841 1648 3907 civitatem
1708 3844 2062 3911 transisset.
2151 3845 2392 3915 Oblata
2437 3847 2639 3933 igitur
2673 3857 2757 3913 est

450 3950 678 4019 civitas
722 3950 1014 4015 Romana
1057 3950 1252 4015 sociis
1299 3961 1364 4015 et
1408 3950 1674 4036 quidem
1724 3952 1951 4019 eadem
1993 3955 2275 4033 ratione,
2342 3978 2537 4040 quam
2580 3978 2755 4040 supra

447 4058 516 4125 in
539 4058 790 4127 Latinis
819 4058 1252 4123 intelleximus
1289 4059 1403 4143 (cf.
1442 4080 1509 4143 p.
1531 4060 1613 4125 40
1645 4072 1707 4125 et
1734 4061 1908 4146 308),
1947 4084 2063 4147 per
2083 4086 2369 4140 censum,
2410 4078 2485 4129 ut
2520 4066 2585 4129 in
2622 4066 2751 4149 lege
2854 4062 2856 4169 ᾗ

445 4165 616 4237 Iulia
659 4165 817 4232 nihil
860 4165 1064 4230 fuisse
1115 4166 1519 4251 suspicemur
1554 4169 1679 4233 nisi
1724 4169 1867 4246 hoc,
1912 4171 2294 4240 censoribus
2333 4173 2499 4239 iisve
2534 4174 2747 4259 quibus

448 4274 739 4345 censoria
779 4284 1061 4359 potestas
1105 4275 1255 4341 data
1295 4287 1497 4354 esset,
1555 4276 1779 4343 liceret
1830 4300 2255 4366 quoscunque
2305 4280 2634 4348 videretur
2678 4303 2747 4347 ex

449 4382 640 4450 sociis
683 4383 926 4449 Italicis
965 4383 1032 4447 in
1077 4384 1402 4451 civitatem
1445 4386 1735 4472 recipere
1778 4388 1987 4473 iisque
2032 4388 2295 4467 tribum,
2346 4392 2414 4461 in
2458 4412 2585 4475 qua
2626 4390 2741 4455 suf·
