2917 5017
494 314 573 379 44
1155 317 1237 368 De
1278 315 1447 367 Gallia
1478 318 1829 368 Romanorum
1863 319 2140 382 provincia.

491 482 641 547 anni
678 482 759 547 84
802 482 1107 547 memoria
1149 490 1464 566 superest,
1507 502 1638 564 quo
1679 479 1878 544 iidem
1920 476 2042 544 Cn.
2091 476 2308 545 Carbo
2353 491 2417 545 et
2457 481 2538 545 L.
2579 477 2818 557 Cinna,

492 600 631 653 tum
669 589 793 653 hoc
838 589 1053 655 occiso
1100 588 1209 653 ille
1248 588 1425 653 solus
1470 588 1872 652 consulatum
1912 588 2147 672 gessit,
2205 589 2316 673 qui
2361 588 2518 672 quin
2560 588 2820 653 Italiam

490 697 889 783 provinciam
930 719 1057 762 non
1097 696 1291 763 armis
1334 694 1548 772 mode,
1595 717 1822 759 verum
1854 705 2024 761 sorte
2057 696 2247 761 etiam
2279 694 2654 773 obtinuerit,
2689 718 2820 761 non

492 816 591 870 est
632 805 926 871 dubium.
1000 803 1136 869 Iam
1183 804 1264 868 de
1308 804 1448 869 eius
1493 803 1830 890 provincia
1872 804 1966 869 sic
2003 814 2217 869 narrat
2260 802 2493 869 Cicero
2534 804 2606 868 in
2627 803 2818 871 Verr.

490 912 635 977 libr.
678 914 733 989 Ι,
784 913 860 978 13
904 912 987 977 de
1032 909 1110 977 C.
1144 912 1351 977 Verre
1390 910 1650 976 dicens=
1716 915 2012 984 Quaestor
2050 913 2250 995 (anno
2297 912 2410 995 84)
2452 935 2522 974 ex
2565 923 2821 977 senatus

490 1024 767 1083 consulto
810 1024 1207 1101 provinciam
1252 1023 1506 1083 sortitus
1556 1041 1615 1081 es
1630 1046 1650 1080 .·
1711 1021 1931 1101 obtigit
1973 1022 2090 1083 tibi
2126 1024 2500 1097 consularis,
2555 1030 2634 1083 ut
2677 1042 2820 1083 cum

490 1132 737 1191 consule
782 1130 889 1193 Cn.
936 1127 1209 1192 Carbo-ne
1262 1149 1411 1189 esses
1461 1149 1716 1209 eamque
1762 1132 2158 1209 provinciam
2208 1127 2523 1190 obtineres.
2609 1126 2824 1191 Addit

473 1231 727 1299 'deinde
765 1235 1041 1320 pecunia
1076 1244 1341 1320 accepta
1384 1234 1656 1299 Verrem
1696 1234 1764 1297 in
1811 1232 2092 1300 Galliam
2135 1234 2218 1301 ad
2261 1235 2616 1301 exercitum
2663 1256 2820 1299 con-

492 1343 771 1407 sularem
803 1341 1081 1417 venisse,
1120 1340 1237 1405 sed
1280 1362 1445 1405 anno
1482 1352 1650 1426 post,
1693 1342 1916 1407 relicta
1948 1342 2228 1407 Arimini
2269 1365 2435 1428 quae
2478 1353 2823 1428 supererat

492 1450 788 1537 pecunia,
813 1449 897 1514 ad
923 1450 1004 1513 L.
1030 1446 1280 1514 Sullam
1307 1449 1636 1515 transisse.
1678 1449 1754 1514 In
1781 1450 1880 1515 his
1924 1451 2201 1537 primum
2225 1450 2824 1517 animadvertemus

492 1557 848 1623 exercitum
882 1558 1283 1622 consularem
1315 1557 1444 1621 dici
1483 1557 1548 1620 in
1575 1555 1792 1623 Gallia
1818 1559 2044 1635 fuisse,
2090 1560 2204 1646 qui
2235 1559 2290 1625 si
2311 1559 2457 1635 fuit,
2501 1557 2826 1642 sequitur,

490 1677 564 1729 ut
618 1666 847 1731 consul
905 1666 1045 1751 ipse
1100 1688 1238 1731 eam
1296 1665 1696 1752 provinciam
1757 1666 2055 1732 habuerit
2111 1690 2382 1753 eamque
2437 1688 2587 1731 cum
2634 1665 2828 1729 Italia

499 1773 920 1837 coniunxerit.
1032 1770 1167 1837 Sed
1238 1796 1472 1858 operae
1531 1774 1811 1858 pretium
1867 1786 1966 1839 est
2027 1777 2219 1841 etiam
2277 1776 2420 1861 ipsa
2479 1771 2824 1837 Ciceronis

493 1880 691 1945 verba
733 1880 1107 1965 diligentius
1154 1882 1600 1958 considerare,
1656 1905 1822 1966 quae
1867 1882 2147 1948 Galliam
2203 1904 2331 1947 non
2371 1882 2577 1947 fuisse
2623 1880 2825 1945 talem

490 1988 908 2075 provinciam,
952 1989 1175 2072 quales
1226 1990 1488 2053 fuerunt
1533 1990 1838 2074 reliquae,
1885 2002 2104 2077 aperte
2150 1990 2530 2077 significant.
2589 1987 2830 2069 Quam
2908 2050 2910 2053 ,

492 2096 663 2159 enim
706 2096 1105 2181 provinciam
1141 2095 1451 2181 obtigisse
1493 2097 1584 2162 ait
1620 2096 1858 2162 Verri?
1945 2099 2268 2164 Nimirum
2313 2098 2480 2163 hanc
2522 2108 2598 2161 ut
2643 2108 2830 2161 esset
2909 2090 2911 2123 ³

490 2226 639 2268 cum
681 2205 975 2269 consule:
1019 2226 1167 2268 eum
1212 2227 1359 2269 cum
1390 2205 1679 2269 exercitu
1710 2204 1912 2269 fuisse
1937 2206 2004 2270 in
2034 2205 2267 2273 Gallia.
2320 2208 2462 2271 Iam
2499 2205 2826 2269 faciamus

492 2310 889 2398 Cisalpinam
914 2312 1195 2378 Galliam
1238 2312 1378 2377 eius
1424 2313 1681 2399 generis
1727 2314 1930 2379 fuisse
1971 2315 2394 2400 provinciam,
2441 2315 2630 2379 cuius
2661 2327 2826 2381 tunc

488 2431 624 2486 erat
655 2420 1100 2506 Transalpina,
1147 2421 1333 2488 cuius
1365 2421 1612 2498 Africa,
1657 2422 1844 2486 cuius
1889 2422 2196 2508 reliquae,
2239 2420 2825 2508 consulique'Car-
2909 2418 2911 2423 ’

490 2527 637 2592 boni
682 2550 822 2594 eam
860 2530 1186 2594 evenisse:
1256 2551 1468 2594 nonne
1511 2528 1605 2593 sic
1651 2530 1865 2614 potius
1913 2530 2126 2596 dicere
2176 2530 2421 2607 debuit,
2468 2530 2660 2597 Verri
2700 2530 2826 2595 ob-

488 2636 714 2721 tigisse
759 2635 1039 2703 Galliam
1083 2634 1512 2722 Cisalpinam,
1571 2658 1736 2720 quae
1789 2661 1938 2703 cum
1979 2638 2336 2703 consularis
2383 2650 2586 2714 esset,
2644 2639 2825 2704 acci-

490 2743 702 2821 disse,
758 2755 831 2809 ut
886 2767 1033 2809 cum
1074 2741 1372 2810 Carbone
1410 2744 1626 2808 esset?
1709 2745 1953 2810 Notum
2008 2747 2178 2811 enim
2223 2756 2321 2811 est
2361 2746 2826 2830 quaestoribus
2907 2726 2909 2751 ἰ

486 2875 616 2916 non
660 2853 873 2919 minus
918 2864 1086 2919 sorte
1125 2853 1306 2917 datas
1350 2874 1493 2916 esse
1531 2853 1898 2937 provincias
1939 2876 2132 2939 quam
2177 2852 2554 2919 consulibus
2598 2876 2823 2938 neque

488 2960 717 3027 eadem
756 2962 962 3027 fuisse
1004 2970 1419 3046 quaestorum
1464 2973 1754 3047 tempora
1797 2984 1874 3027 ac
1913 2962 2325 3049 praesidum,
2382 2974 2455 3026 ut
2510 2974 2823 3048 quaestor

494 3079 799 3146 maneret,
840 3092 989 3134 cum
1032 3092 1293 3155 praeses
1323 3069 1687 3145 decederet,
1733 3082 1798 3135 et
1837 3081 2076 3135 contra.
2137 3069 2359 3151 Quare
2405 3093 2553 3135 cum
2581 3068 2826 3136 Cicero

489 3176 757 3242 Verrem
787 3177 959 3242 dicat
984 3178 1269 3243 consulis
1294 3178 1538 3242 factum
1565 3199 1708 3242 esse
1733 3190 2159 3263 quaestorem,
2201 3178 2259 3243 ei
2295 3190 2555 3263 propter
2573 3180 2828 3265 ipsum,
2905 3198 2907 3259 3

492 3306 687 3368 quem
727 3296 1001 3371 gereret,
1049 3286 1451 3351 consulatum
1491 3283 1771 3350 Galliam
1820 3283 2219 3372 Cisalpinam
2263 3310 2390 3350 una
2434 3309 2583 3351 cum
2629 3288 2832 3355 Italia
2905 3266 2907 3271 Ι

490 3393 782 3477 paruisse
824 3395 1225 3479 colligemus.
1308 3391 1534 3459 Secuti
1575 3404 1727 3457 sunt
1765 3416 1933 3458 anno
1978 3395 2058 3460 83
2100 3394 2178 3458 L.
2215 3392 2554 3460 Cornelius
2589 3393 2830 3483 Scipio

495 3514 560 3565 et
601 3498 679 3565 C.
721 3501 1067 3567 Norbanus
1111 3502 1400 3579 Bulbus,
1458 3502 1573 3586 qui
1625 3503 1712 3565 ita
1757 3501 1976 3567 Italiae
2026 3502 2370 3588 imperium
2431 3504 2828 3583 diviserunt,

490 3619 559 3673 ut
618 3609 964 3676 Norbanus
1032 3611 1428 3687 inferiorem,
1495 3609 1718 3696 Scipio
1783 3611 2176 3696 superiorem
2249 3612 2596 3697 acciperet3
2666 3636 2828 3677 nam

491 3717 676 3783 illum
708 3716 973 3803 Capuae
1018 3719 1401 3795 constitisse,
1444 3718 1618 3781 hunc
1664 3719 1903 3783 auxilio
1944 3742 2408 3806 approperasse
2453 3720 2628 3806 App.
2668 3720 2824 3786 bell.
2903 3746 2905 3753 ·

489 3825 612 3890 civ.
654 3826 725 3901 I,
776 3826 857 3891 84
920 3835 1153 3889 narrat.
1220 3822 1324 3889 Cf.
1371 3825 1544 3889 Plut.
1589 3825 1816 3911 Pomp.
1863 3849 1917 3891 c.
1952 3828 2013 3893 7.
2092 3828 2304 3912 Eique
2355 3828 2448 3893 rei
2493 3830 2826 3906 convenit,

486 3933 663 4017 quod
708 3930 941 3999 Cicero
983 3933 1051 3996 in
1090 3933 1275 3998 Verr.
1317 3935 1388 4011 I,
1436 3934 1514 3998 14
1558 3934 1656 3998 Μ.
1702 3934 2006 4000 Pisonem
2061 3957 2208 4000 cum
2256 3932 2334 3999 C.
2380 3934 2584 4001 Verre
2637 3958 2824 4002 com-

486 4064 721 4127 parans
772 4041 861 4107 ait
916 4063 1065 4106 cum
1107 4052 1413 4128 quaestor
1458 4042 1708 4107 consuli
1755 4042 2129 4128 obtigisset,
2186 4044 2270 4108 ad
2317 4040 2538 4107 Sullae
2597 4055 2822 4129 partes

488 4149 821 4227 transisse,
861 4149 930 4213 in
967 4172 1094 4236 quo
1127 4146 1357 4217 Cicero
1408 4151 1463 4215 si
1507 4172 1739 4215 nomen
1780 4152 2150 4237 provinciae
2191 4150 2553 4229 adiecisset,
2595 4155 2824 4219 minus

490 4256 917 4343 significasset
962 4256 1242 4324 Galliam
1287 4256 1688 4345 Cisalpinam
1733 4282 1882 4325 cum
1924 4260 2114 4327 Italia
2145 4260 2350 4326 fuisse
2387 4261 2819 4327 coniunctam.

487 4364 790 4431 Habebat
831 4377 1043 4433 tamen
1087 4366 1279 4432 etiam
1323 4364 1443 4431 Cn.
1490 4365 1706 4433 Carbo
1747 4379 2166 4455 prorogatum
2217 4367 2561 4455 imperium
2604 4370 2820 4457 (App.
