2917 5017
447 312 568 379 354
1075 314 1160 365 De
1195 316 1569 379 propagatione
1602 313 1819 365 civitatis
1856 314 2141 363 Romanae.
2235 296 2244 303 ¹

445 480 776 545 vissimam
829 485 1108 541 mutatae
1149 473 1521 539 Latinitatis
1564 472 1995 559 suspicionem
2046 472 2175 548 dat,
2230 494 2307 535 ac
2368 495 2501 537 non
2542 493 2778 557 perpe·-

443 599 625 652 tuum
668 584 830 651 illud
872 583 1240 648 Latinitatis
1280 582 1386 645 ius
1425 581 1631 645 fuisse
1664 580 2035 667 significat?
2100 579 2517 664 Quamquam
2550 580 2623 644 in
2660 579 2777 643 hoc

447 716 686 780 genere
741 693 864 758 alia
919 713 1127 777 nuper
1181 689 1475 775 quaestio
1520 699 1693 754 mota
1736 700 1855 765 est,
1912 712 2111 774 parva
2168 690 2276 753 illa
2309 684 2619 773 quidem,
2668 688 2779 751 sed

443 801 720 886 insignis
765 812 997 877 tamen,
1039 822 1205 884 quae
1249 798 1375 863 hoc
1406 798 1553 863 loco
1579 820 1708 861 non
1734 810 1869 863 erat
1898 797 2485 883 praetermittenda.
2538 796 2779 861 Utrum

445 911 614 975 enim
658 909 771 994 qui
811 908 1257 995 magistratum
1303 905 1635 992 gerebant,
1680 928 1829 971 cum
1872 907 2017 992 ipso
2042 904 2423 989 magistratu
2454 904 2779 971 civitatem

444 1018 798 1083 Romanam
849 1015 1428 1100 consequebantur,
1485 1038 1565 1079 an
1623 1026 1809 1099 gesto
1870 1013 2132 1087 demum
2196 1012 2639 1099 magistratu?
2708 1012 2778 1075 Id

443 1126 588 1189 leve
631 1136 750 1200 est,
803 1136 877 1188 ut
916 1123 1223 1199 diximus,
1283 1123 1398 1189 sed
1451 1122 1693 1208 pendet
1746 1122 1900 1186 inde
1946 1122 2473 1208 supplementum
2524 1120 2778 1183 tabulae
2884 1132 2886 1163 ἒ

448 1230 882 1317 Salpensanae
917 1253 1125 1316 nuper
1159 1231 1228 1294 in
1274 1230 1595 1317 Hispania
1632 1241 1940 1317 repertae.
2010 1227 2220 1295 Cuius
2258 1230 2547 1315 primum
2592 1240 2781 1311 caput

451 1363 600 1405 cum
645 1338 728 1405 ab
772 1340 954 1404 initio
990 1361 1288 1405 mancum
1336 1339 1441 1414 sit,
1486 1340 1577 1405 ita
1614 1337 1913 1422 expletur
1952 1362 1991 1403 a
2033 1337 2156 1403 Th.
2180 1336 2645 1411 Mommsenio,
2674 1337 2781 1419 qui

445 1449 696 1533 primus
738 1448 804 1511 in
837 1427 1184 1513 Germania
1227 1446 1431 1510 edidit
1478 1457 1540 1509 et
1579 1444 2032 1511 commentario
2065 1446 2407 1511 instruxit:
2455 1450 2588 1517 Qua·
2630 1450 2783 1508 Ilvir

449 1558 664 1619 aedilis
705 1566 987 1638 quaestor
1025 1579 1102 1617 ex
1145 1559 1261 1617 hac
1299 1558 1430 1635 lege
1457 1562 1684 1635 sactus
1730 1560 1871 1629 erit,
1908 1560 2065 1617 cives
2095 1558 2371 1617 Romani
2393 1565 2603 1630 sante,
2644 1578 2781 1615 cum

442 1674 582 1745 post
623 1686 864 1725 annum
911 1664 1330 1744 magistratu]
1371 1662 1660 1735 abierint,
1702 1684 1843 1724 cum
1896 1663 2259 1745 parentibus
2300 1664 2785 1743 coniugibusque

449 1796 524 1834 ac
563 1774 784 1849 liberis,
822 1776 931 1851 qui
965 1774 1278 1851 legitumis
1321 1774 1559 1853 nuptiis
1598 1776 1863 1851 quaesiti
1904 1775 1973 1836 in
2010 1780 2375 1851 potestatem
2411 1776 2783 1851 parentium
2885 1776 2886 1781 ’

429 1882 634 1960 fuer(
631 1885 778 1957 2⁰)nt,
819 1886 963 1941 item
1005 1878 1321 1958 nepotibus
1363 1901 1440 1941 ac
1480 1878 1758 1959 neptibus
1784 1880 1933 1956 filio
1974 1884 2129 1955 nat(
2125 1882 2228 1959 is),
2266 1881 2380 1959 qui
2410 1901 2691 1959 quaeque
2718 1884 2785 1939 in

442 1996 739 2067 potestate
798 1991 1160 2067 parentium
1217 1986 1488 2062 fuerint,
1540 1988 1767 2049 dumne
1811 1990 2027 2067 plures
2082 1990 2237 2049 cives
2301 1990 2582 2047 Romani
2636 1990 2779 2061 sint,

449 2101 612 2175 qua(
607 2116 668 2155 m
663 2102 703 2174 )
745 2096 909 2175 quod
957 2116 1034 2155 ex
1071 2096 1188 2155 lum
1241 2098 1372 2173 lege
1422 2099 1833 2175 magistratus
1874 2117 2087 2157 creare
2138 2104 2392 2174 oportet.
2464 2093 2783 2159 Movebat

449 2202 656 2266 virum
700 2200 1160 2276 doctissimum,
1203 2213 1278 2264 ut
1319 2201 1567 2285 opinor,
1614 2202 1889 2265 maxime
1940 2200 2223 2266 abeundi
2271 2200 2563 2277 verbum,
2604 2201 2781 2285 qnod

452 2331 581 2394 qua
629 2309 756 2374 alia
802 2309 1046 2374 ratione
1099 2307 1404 2393 explicari
1459 2318 1703 2393 posset,
1756 2309 2103 2375 nesciebat.
2184 2308 2323 2373 Nec
2376 2321 2591 2372 tamen
2642 2310 2785 2394 ipse

447 2427 724 2501 quantae
771 2417 840 2481 in
890 2417 992 2481 his
1049 2416 1511 2501 supplementis
1571 2416 1985 2483 difficultates
2025 2427 2260 2493 essent,
2306 2416 2788 2483 dissimulabat.

447 2523 545 2587 Ne
571 2524 742 2588 enim
774 2524 857 2588 de
879 2525 1022 2608 ipsa
1054 2524 1164 2587 illa
1186 2524 1555 2588 coniectura
1583 2524 1813 2601 dicam,
1838 2548 1967 2609 qua
1995 2526 2367 2610 perfunctos
2394 2524 2787 2609 magistratu

446 2631 718 2696 Latinos
746 2631 830 2696 ad
855 2632 1177 2697 civitatem
1197 2632 1553 2696 Romanam
1590 2633 1963 2717 pervenisse
1988 2643 2189 2719 putat,
2220 2654 2385 2717 quae
2412 2632 2787 2697 coniectura

447 2738 628 2803 nullo
653 2749 764 2803 aut
791 2749 1167 2825 argumento
1201 2752 1310 2803 aut
1333 2738 1699 2804 testimonio
1731 2740 2094 2805 confirmari
2128 2751 2357 2825 potest,
2388 2751 2562 2805 certe
2595 2740 2782 2816 illud,

445 2848 622 2934 quod
667 2849 848 2913 addit
883 2858 1026 2929 post
1069 2871 1330 2921 annum,
1371 2858 1485 2913 aut
1518 2847 1745 2913 inutile
1794 2862 1894 2915 est
1927 2860 2039 2913 aut
2080 2849 2337 2913 falsum.
2402 2848 2562 2914 Alio
2614 2850 2781 2913 enim

451 2956 656 3043 capite
698 2957 864 3043 legis
909 2955 1312 3043 municipalis
1367 2955 1448 3019 de
1497 2966 1779 3041 tempore
1819 2957 2310 3044 magistratuum
2356 2958 2781 3043 comprehen-

449 3064 646 3140 ditur,
690 3075 764 3129 ut
808 3064 920 3150 qui
977 3064 1170 3129 creati
1227 3064 1374 3139 sint,
1430 3074 1543 3128 aut
1594 3087 1833 3129 annum
1880 3075 1994 3130 aut
2038 3066 2092 3129 si
2142 3066 2210 3129 in
2252 3066 2520 3131 alterius
2562 3066 2781 3129 locum

450 3172 644 3235 creati
697 3172 844 3248 sint,
881 3172 1131 3257 reliqua
1170 3183 1350 3257 parte
1387 3171 1531 3235 eius
1570 3172 1721 3235 anni
1766 3172 1833 3235 in
1877 3173 2261 3259 magistratu
2290 3174 2419 3237 sint
2454 3173 2625 3256 (vid.
2649 3173 2783 3258 leg.

449 3278 732 3343 Malacit.
781 3300 923 3365 cap.
968 3277 1150 3363 LII),
1211 3278 1407 3363 idque
1471 3279 1625 3344 satis
1680 3292 1817 3345 erat
1866 3303 2075 3365 neque
2128 3280 2397 3347 ferenda
2437 3291 2613 3345 tanta
2656 3281 2782 3345 ini-

450 3386 660 3471 quitas
681 3432 698 3461 ‚
751 3387 806 3450 si
860 3387 1008 3472 quis
1063 3386 1212 3451 Kal.
1258 3386 1396 3451 Ian.
1438 3387 1687 3463 inisset,
1742 3399 1816 3451 ut
1862 3388 2023 3453 civis
2064 3390 2396 3478 Romanus
2454 3389 2662 3467 fieret,
2722 3388 2779 3453 si

449 3495 596 3578 quis
623 3516 742 3580 per
776 3517 996 3561 casum
1030 3495 1309 3579 aliquem
1344 3494 1572 3559 Idibus
1605 3495 1761 3572 Ian„
1798 3497 1853 3559 is
1891 3520 2019 3561 non
2052 3498 2253 3563 fieret.
2308 3498 2569 3562 Deinde
2600 3498 2781 3583 quod

449 3623 576 3665 non
630 3602 808 3687 ipsos
851 3601 1065 3679 modo,
1111 3604 1220 3687 qui
1274 3604 1691 3688 magistratus
1737 3616 2101 3690 gesserunt,
2145 3606 2261 3671 sed
2300 3604 2541 3671 liberos
2586 3608 2779 3671 etiam

451 3709 707 3774 civitate
762 3710 852 3775 ita
904 3711 1174 3776 donatos
1231 3734 1373 3776 esse
1437 3714 1597 3789 vult,
1661 3726 1833 3777 certe
1894 3736 2159 3799 prorsus
2222 3736 2775 3800 supervacaneum

455 3830 588 3881 erat
636 3818 890 3894 sanciri,
949 3818 1100 3902 quia
1156 3831 1338 3905 patre
1397 3820 1465 3883 in
1524 3821 1846 3887 civitatem
1902 3834 2273 3887 transeunte
2333 3824 2573 3889 liberos
2626 3826 2775 3889 item

449 3926 718 3991 transire
767 3937 994 4013 sponte
1037 3927 1448 4013 intelligitur:
1512 3930 1687 4016 quod
1729 3954 1883 3995 vero
1935 3941 2233 4017 parentes
2278 3933 2473 3997 etiam
2519 3934 2775 3997 civitate

445 4032 738 4099 Romana
779 4036 1006 4121 augeri
1048 4035 1224 4113 facit,
1267 4036 1356 4099 ita
1401 4058 1547 4100 cum
1592 4058 1765 4103 more
1802 4039 2093 4104 Romano
2120 4050 2389 4126 pugnat,
2426 4052 2501 4105 ut
2524 4043 2773 4107 nullum

451 4140 656 4206 simile
712 4143 1073 4228 exemplum
1129 4144 1343 4216 afferri
1397 4146 1623 4229 possit.
1702 4146 2002 4231 Denique
2047 4170 2213 4232 quae
2271 4159 2561 4215 extrema
2602 4163 2771 4226 sunt,

447 4272 529 4313 ne
573 4251 792 4336 plures
833 4252 1009 4316 cives
1057 4252 1330 4317 Romani
1377 4253 1507 4318 sint
1547 4276 1740 4339 quam
1784 4256 2199 4341 magistratus
2256 4269 2581 4335 creentur,
2619 4258 2771 4323 ridi—
2884 4268 2886 4339 j

451 4358 596 4421 cula
634 4381 834 4445 prope
874 4369 1024 4424 sunt
1063 4382 1270 4444 neque
1315 4360 1605 4447 expediri
1646 4385 1841 4447 posse
1877 4364 2001 4429 hac
2040 4366 2286 4433 ratione
2325 4367 2469 4453 ipse
2496 4368 2771 4433 Momm-
