2917 5017
747 348 830 399 De
867 348 1069 411 leg-ibus
1108 348 1505 413 municipalibus
1542 349 1853 415 Hispanicis.
2338 352 2461 419 279

140 523 268 577 esto
309 536 584 595 quaeque
625 516 718 575 ita
763 516 1144 574 manumissa
1187 512 1450 575 liberave
1478 519 1663 593 (esse)
1698 518 1865 579 iussa
1896 522 2041 594 erit,
2097 518 2291 581 libera
2318 530 2461 595 esta,

142 626 244 683 uti
286 626 398 702 qui
436 632 684 701 optumo
727 624 866 681 iure
909 622 1143 681 Latini
1175 620 1454 683 libertini
1487 622 1669 684 liberi
1702 634 1851 686 sunt
1890 638 2096 693 erunt.
2164 626 2345 709 Quid
2384 651 2465 693 ex

141 729 246 793 his
289 728 588 804 efficitur,
633 727 758 793 nisi
784 727 1053 792 Latinos
1091 727 1406 811 quosdam
1447 728 1805 815 municipes
1838 732 2043 799 fuisse
2070 733 2463 821 Salpensae?

142 835 326 918 Quot
365 836 636 911 fuerint,
695 857 884 899 nemo
939 845 1148 919 potest
1192 834 1551 920 intelligere
1568 884 1583 910 ,
1649 860 1859 923 neque
1916 840 2051 907 ulla
2104 841 2467 911 deducetur

140 945 520 1020 necessitas,
555 955 630 1007 ut
663 944 1036 1008 universum
1079 943 1501 1029 municipium
1542 955 1653 1009 aut
1678 945 2025 1015 Latinitate
2066 963 2179 1015 aut
2208 952 2465 1019 civitate

137 1054 438 1117 Romana
483 1052 843 1137 praeditum
879 1038 1104 1115 'fuisse
1153 1050 1613 1116 existimemus.
1699 1051 2017 1134 Quamvis
2062 1059 2231 1123 enim
2274 1061 2467 1146 pauci

137 1172 366 1225 essent
406 1160 644 1236 Latini,
687 1182 814 1223 non
858 1160 1070 1223 minus
1114 1159 1196 1223 iis
1241 1158 1765 1244 prospiciendum
1810 1174 1945 1229 erat
1985 1164 2131 1250 lege
2174 1190 2367 1252 quam
2410 1169 2467 1234 si

139 1270 248 1333 vel
291 1269 476 1333 multi
521 1280 736 1332 essent
775 1268 879 1331 vel
919 1289 1114 1353 prope
1154 1266 1460 1331 universi.
1551 1267 1727 1332 Illud
1774 1271 1962 1337 etiam
2002 1274 2464 1353 animadverte,

135 1377 320 1462 quod
377 1378 646 1441 fortasse
701 1375 895 1440 alicui
945 1376 1014 1439 in
1069 1385 1347 1439 mentem
1393 1374 1641 1451 veniat,
1710 1380 1885 1461 quod
1926 1380 2177 1447 Latinis
2219 1394 2467 1450 tantum

136 1486 552 1571 permittat-ur
605 1485 1046 1549 manumittere
1109 1483 1281 1567 apud
1326 1483 1571 1548 IIviros
1631 1507 1981 1571 servosque
2025 1511 2178 1555 suos
2215 1489 2467 1555 Latini·-

137 1606 272 1659 tate
311 1595 572 1669 donare,
614 1616 740 1657 non
777 1594 980 1677 sequi,
1020 1604 1093 1657 ut
1123 1592 1313 1657 uviri
1345 1590 1727 1677 Salpensani
1764 1592 2009 1659 minore
2047 1596 2189 1661 iure
2226 1599 2469 1665 fuerint

137 1724 342 1785 quam
385 1702 658 1765 aliorum
699 1702 1194 1786 municipiorum
1241 1700 1677 1785 magistratus.
1764 1701 2015 1769 Dubito
2056 1705 2246 1783 enim,
2292 1707 2469 1791 quod

137 1820 372 1895 postea
424 1808 583 1873 iuris
641 1820 802 1884 erat,
868 1820 941 1872 ut
983 1808 1174 1873 etiam
1217 1808 1394 1894 apud
1435 1809 1853 1894 municipales
1904 1812 2221 1895 quosdam
2262 1814 2468 1901 magi-

141 1929 388 1983 stratus
429 1918 870 1981 manumittere
912 1916 1136 1981 liceret
1175 1916 1366 1999 (Iust.
1411 1913 1575 1981 cod.
1618 1916 1783 1992 VH,
1837 1924 1901 1997 1,
1948 1918 2047 1999 4),
2097 1944 2255 1985 num
2296 1922 2469 1987 idem

137 2027 272 2089 iam
317 2026 439 2089 hoc
484 2035 766 2109 tempore
809 2024 1026 2101 fuerit,
1063 2047 1214 2089 cum
1253 2024 1481 2089 civitas
1512 2024 1800 2090 Romana
1842 2026 1909 2090 in
1949 2028 2189 2093 maiore
2226 2029 2469 2095 honore

139 2158 218 2197 ac
246 2133 529 2218 praemio
555 2143 758 2208 esset;
801 2133 1004 2197 multa
1031 2144 1222 2208 certe,
1259 2154 1425 2216 quae
1460 2133 1875 2219 magistratus
1900 2135 2227 2203 Romanos
2262 2138 2471 2217 (velut

138 2243 316 2307 Plin.
361 2241 546 2326 epist.
589 2240 750 2317 VH,
815 2240 954 2323 16),
1007 2241 1186 2305 nulla
1243 2242 1565 2327 exempla,
1626 2264 1789 2326 quae
1852 2244 2273 2330 municipales
2328 2267 2470 2309 eam

139 2360 527 2437 potestatem
567 2348 874 2413 habuisse
916 2348 1276 2425 ostendant,
1324 2348 1539 2413 afferri
1578 2360 1872 2434 possunt.
1948 2350 2167 2433 Quare
2206 2352 2301 2418 sic
2340 2363 2469 2417 sta-

139 2472 427 2535 tuemus,
477 2458 532 2523 si
571 2458 730 2523 civis
763 2458 1095 2523 Romanus
1121 2454 1473 2543 Salpensae
1515 2458 1618 2522 vel
1644 2457 1935 2523 Malacae
1981 2482 2240 2525 servum
2278 2482 2469 2527 suum

143 2567 438 2633 vindicta
488 2564 760 2630 liberare
803 2587 1078 2650 eumque
1124 2565 1190 2627 in
1233 2564 1563 2631 civitatem
1606 2588 1894 2632 asserere
1937 2568 2165 2649 vellet,
2222 2568 2469 2634 adeun-

141 2676 308 2739 dum
351 2674 556 2739 fuisse
599 2674 1081 2760 proconsulem,
1140 2672 1195 2737 si
1243 2672 1353 2756 qui
1395 2672 1673 2737 Latinus
1720 2685 1921 2751 esset,
1974 2676 2470 2754 manumitteret,

141 2784 259 2867 qui
304 2782 720 2847 Latinitatem
770 2791 1018 2847 tantum
1073 2803 1262 2846 servo
1318 2780 1647 2866 impertire
1693 2793 1946 2867 posset,
2003 2784 2287 2849 IIvirum
2330 2808 2471 2851 eam

140 2901 538 2977 potestatem
581 2890 804 2954 fuisse.

319 2998 670 3065 Difficilior
711 3009 810 3063 est
851 2998 1012 3063 alter
1050 2998 1234 3063 locus
1253 3044 1270 3073 ,
1313 2996 1480 3063 aeris
1520 2996 1891 3064 Malacitani
1934 3022 2072 3085 cap.
2114 3000 2298 3077 LIV,
2340 3024 2471 3086 quo
2560 3066 2564 3071 .

143 3105 628 3193 praescribitur,
670 3128 946 3189 quorum
985 3106 1312 3170 hominum
1359 3105 1635 3171 comitiis
1670 3107 1980 3173 rationem
2019 3106 2243 3173 haberi
2280 3130 2471 3195 opor-

146 3228 298 3281 teat.
389 3214 492 3281 Ibi
549 3214 708 3281 haec
763 3225 944 3279 sunt:
1021 3218 1146 3287 Qui
1197 3218 1450 3289 comitia
1502 3216 1720 3277 habere
1776 3217 2035 3293 debebit,
2092 3221 2145 3280 is
2192 3222 2471 3299 primum

145 3330 353 3401 IIvir(
345 3346 410 3387 os
405 3333 468 3403 ),
509 3327 621 3404 qui
659 3328 796 3387 iure
839 3324 1106 3385 dicundo
1135 3326 1388 3402 praesi(
1383 3346 1428 3384 n
1423 3330 1521 3399 )t‚
1566 3346 1645 3385 ex
1686 3345 1753 3387 eo
1792 3348 2017 3407 genere
2058 3330 2474 3407 ingenuorum

145 3437 494 3509 hominum,
531 3435 603 3495 de
623 3455 742 3515 quo
767 3435 851 3511 h(
843 3456 882 3494 a
878 3438 951 3509 )c
973 3434 1036 3507 l(
1031 3453 1138 3511 ege
1129 3436 1170 3510 )
1194 3440 1450 3493 cautum
1476 3433 2093 3514 comprehensumque
2116 3445 2226 3510 est,
2260 3436 2476 3497 deinde

140 3544 438 3623 proximo
473 3562 706 3622 quoque
743 3550 1010 3621 tempore
1053 3540 1296 3615 aediles,
1341 3544 1485 3601 item
1526 3550 1869 3619 quaestores
1906 3563 1983 3603 ex
2018 3562 2085 3605 eo
2114 3564 2341 3623 genere
2378 3545 2475 3603 in-

143 3672 498 3731 genuorum
543 3651 880 3721 hominum,
933 3649 1005 3709 de
1047 3668 1165 3729 quo
1209 3650 1390 3729 Mac)
1431 3650 1629 3727 l(ege)
1671 3658 1926 3711 cautum
1971 3651 2477 3729 conprehensum-

151 3783 265 3840 que
307 3770 428 3831 est,
485 3758 791 3833 creando(
785 3779 812 3818 s
807 3766 846 3833 )
887 3764 1137 3829 curci-10,
1181 3756 1328 3818 dnm
1373 3778 1450 3817 ne
1494 3759 1695 3819 aniius
1738 3759 1976 3819 comitis
2017 3759 2325 3819 rationem
2366 3760 2476 3819 laa—
2560 3770 2573 3780 ‘

151 3870 308 3943 beat,
351 3871 464 3948 qui
499 3869 830 3927 Ilve‘ratum
865 3868 1009 3943 pet(
1003 3868 1123 3942 et),
1176 3868 1288 3947 qui
1323 3866 1529 3926 minor
1571 3885 1883 3927 (annorum
1923 3868 2049 3927 XX
2058 3867 2117 3928 V
2140 3869 2261 3927 erit
2300 3869 2478 3947 quive

153 3982 328 4038 intra
369 3975 862 4057 quinquennium
903 3976 973 4033 in
1013 3994 1080 4035 eo
1121 3974 1350 4043 honore
1373 3974 1672 4053 suerint,
1730 3974 1874 4035 item
1932 3975 2043 4053 qui
2095 3974 2475 4037 aedilitatem

155 4092 622 4164 quaesturamve
655 4091 832 4163 petet,
877 4084 990 4162 qui
1025 4085 1231 4143 minor
1274 4102 1463 4161 quam
1501 4084 1746 4156 annor(
1742 4101 1846 4141 um
1850 4086 1882 4157 )
1922 4084 2047 4143 XX
2058 4083 2113 4144 V
2142 4084 2266 4143 erit
2300 4083 2478 4163 quive

153 4196 220 4253 in
263 4213 484 4253 earum
529 4212 652 4270 qua
697 4212 886 4253 causa
929 4193 1066 4266 erit,
1095 4197 1352 4269 propter
1391 4208 1579 4267 quam
1614 4191 1675 4250 si
1700 4190 1761 4253 G.
1792 4190 1869 4249 R.
1908 4197 2073 4263 esset,
2114 4192 2185 4250 in
2217 4208 2477 4251 numero

155 4302 558 4363 decurionum
599 4302 1154 4381 consenptorumve
1193 4318 1332 4359 eum
1376 4318 1495 4359 esse
1530 4317 1659 4359 non
1704 4299 1931 4359 liceret.
1999 4295 2479 4361 Enumerantur

155 4408 278 4472 hoc
317 4408 460 4473 loco
503 4428 734 4473 causae
773 4418 1106 4492 quattuor,
1161 4405 1230 4470 in
1267 4404 1506 4490 quibus
1550 4402 1664 4488 qui
1710 4405 1871 4481 sint,
1930 4404 2209 4471 honores
2254 4414 2474 4489 petere
