2917 5017
491 312 613 379 196
1010 314 1094 363 De
1129 310 1298 363 Gallia
1330 312 1685 363 Romanorum
1714 312 1975 376 provincia
2010 310 2285 375 appendix.

483 479 614 567 peii
655 489 720 545 et
760 476 1060 544 Caesaris
1107 473 1512 541 contentione
1538 520 1553 547 ,
1598 472 1777 557 quod
1820 494 2011 559 saepe
2056 473 2123 539 in
2165 473 2402 540 talibus
2444 474 2789 539 certamini-

483 590 610 655 bus
667 585 960 651 accidere
1003 584 1196 659 solet,
1261 592 1335 647 ut
1374 581 1575 646 verba
1613 581 1835 665 legum
1878 603 2025 645 cum
2062 582 2383 665 aequitate
2424 594 2789 669 pugnarent,
2868 626 2870 659 :

485 718 648 781 quae
686 714 908 781 pugna
946 714 1174 757 rursus
1218 691 1308 755 ita
1347 699 1711 775 comparata
1751 700 1907 767 erat,
1951 700 2043 766 ut,
2089 690 2201 773 qui
2238 692 2629 775 aequitatem
2672 701 2791 755 tue·

484 814 693 879 retur,
755 812 1040 867 veterem
1094 797 1559 883 rempublicam
1624 798 1871 863 tolleret
1926 797 2248 883 uniusque
2308 799 2791 865 dominationem

483 912 865 977 institueret.
968 908 1134 973 Nam
1181 907 1567 993 Pompeius,
1630 904 1925 991 quamvis
1984 927 2169 971 suam
2228 907 2569 973 utilitatem
2632 907 2793 991 sequi

485 1020 815 1085 videretur
832 1065 849 1094 ,
910 1016 1087 1081 haud
1150 1015 1348 1081 dubie
1403 1026 1616 1079 tamen
1674 1012 2032 1079 libertatem
2078 1014 2499 1092 defendebat,
2570 1012 2794 1079 Caesar

487 1150 634 1195 cum
677 1125 800 1191 sibi
839 1146 1002 1209 quae
1044 1146 1250 1209 acqua
1292 1133 1529 1199 essent,
1571 1122 1894 1198 retineret,
1931 1121 2193 1205 reliquis
2219 1145 2383 1206 quae
2405 1123 2795 1207 iniquissima

489 1243 726 1309 essent,
765 1232 1092 1319 imposuit.
1183 1231 1348 1295 Item
1392 1230 1517 1295 hoc
1560 1239 1853 1316 apparet,
1908 1240 2149 1314 quanto
2192 1231 2261 1296 in
2306 1253 2461 1297 casu
2500 1232 2793 1297 maxima-

484 1366 628 1409 rum
667 1364 884 1407 rerum
919 1339 1296 1405 discrimina
1335 1348 1701 1403 vertantur:
1770 1360 1961 1423 quem
2006 1349 2159 1403 tunc
2201 1338 2269 1402 in
2314 1337 2637 1405 oblivione
2693 1338 2793 1405 Cn.

483 1449 778 1536 Pompeii
813 1449 896 1513 de
935 1447 1320 1535 gravissimo
1357 1446 1499 1511 iure
1537 1446 1745 1533 legem
1786 1446 2053 1512 ferentis
2094 1446 2288 1511 situm
2324 1447 2531 1513 fuisse
2562 1458 2793 1514 veteres

483 1568 782 1623 auctores
823 1556 1251 1622 consentiunt.
1343 1553 1571 1639 Neque
1610 1554 1769 1619 haec
1808 1555 2063 1619 occasio
2110 1555 2163 1619 si
2204 1555 2572 1632 defecisset,
2626 1556 2795 1621 aliam

485 1664 800 1732 delendae
855 1662 1248 1750 reipublicae
1287 1659 1633 1728 Caesarem
1671 1663 2113 1747 quaesiturum
2155 1663 2359 1729 fuisse
2403 1663 2797 1749 negabimus,

485 1772 602 1839 sed
643 1794 770 1857 quo
805 1772 1101 1837 fortunae
1141 1771 1326 1855 quasi
1367 1770 1653 1837 ludibrio
1691 1772 2021 1838 levissima
2046 1794 2149 1837 res
2184 1773 2610 1839 maximarum
2637 1775 2795 1859 apud
2868 1768 2870 1791 '

485 1881 812 1947 Romanos
859 1880 1428 1946 commutationum
1472 1903 1669 1945 causa
1712 1880 2013 1957 extiterit,
2062 1880 2534 1967 cognoscimus.
